JournalCode;JournalLib;EcritureNum;EcritureDate;CompteNum;CompteLib;CompAuxNum;CompAuxLib;PieceRef;PieceDate;EcritureLib;ValidDate;MontantDebit;MontantCredit;Sens;RefEcriture;EcritureLet;DateLet
BQ;Banque BQ;BQ/1;20220103;70999999;CompteLib_0001;;;22A6;20220103;EcritureLib_0001;20221114;0,00;150,00;C;BQ/1;;
BQ;Banque BQ;BQ/1;20220103;51200000;CompteLib_0002;;;22A6;20220103;EcritureLib_0001;20221114;150,00;0,00;D;BQ/1;;
BQ;Banque BQ;BQ/2;20220103;64400000;CompteLib_0003;;;22A7;20220103;EcritureLib_0002;20221114;1300,00;0,00;D;BQ/2;;
BQ;Banque BQ;BQ/2;20220103;51200000;CompteLib_0002;;;22A7;20220103;EcritureLib_0002;20221114;0,00;1300,00;C;BQ/2;;
BQ;Banque BQ;BQ/3;20220103;47100000;CompteLib_0004;;;22A8;20220103;EcritureLib_0003;20221114;1300,00;0,00;D;BQ/3;;
BQ;Banque BQ;BQ/3;20220103;51200000;CompteLib_0002;;;22A8;20220103;EcritureLib_0003;20221114;0,00;1300,00;C;BQ/3;;
BQ;Banque BQ;BQ/4;20220103;44566100;CompteLib_0005;;;22A1;20220103;EcritureLib_0004;20221114;419,51;0,00;D;BQ/4;;
BQ;Banque BQ;BQ/4;20220103;61321000;CompteLib_0006;;;22A1;20220103;EcritureLib_0004;20221114;2097,56;0,00;D;BQ/4;;
BQ;Banque BQ;BQ/4;20220103;51200000;CompteLib_0002;;;22A1;20220103;EcritureLib_0004;20221114;0,00;2517,07;C;BQ/4;;
BQ;Banque BQ;BQ/5;20220103;62700000;CompteLib_0007;;;22A2;20220103;EcritureLib_0005;20221114;84,02;0,00;D;BQ/5;;
BQ;Banque BQ;BQ/5;20220103;51200000;CompteLib_0002;;;22A2;20220103;EcritureLib_0005;20221114;0,00;84,02;C;BQ/5;;
BQ;Banque BQ;BQ/6;20220103;62700000;CompteLib_0007;;;22A3;20220103;EcritureLib_0006;20221114;14,75;0,00;D;BQ/6;;
BQ;Banque BQ;BQ/6;20220103;51200000;CompteLib_0002;;;22A3;20220103;EcritureLib_0006;20221114;0,00;14,75;C;BQ/6;;
BQ;Banque BQ;BQ/7;20220103;62700000;CompteLib_0007;;;22A4;20220103;EcritureLib_0007;20221114;0,99;0,00;D;BQ/7;;
BQ;Banque BQ;BQ/7;20220103;51200000;CompteLib_0002;;;22A4;20220103;EcritureLib_0007;20221114;0,00;0,99;C;BQ/7;;
BQ;Banque BQ;BQ/8;20220103;70999999;CompteLib_0001;;;22A5;20220103;EcritureLib_0008;20221114;0,00;2231,00;C;BQ/8;;
BQ;Banque BQ;BQ/8;20220103;51200000;CompteLib_0002;;;22A5;20220103;EcritureLib_0008;20221114;2231,00;0,00;D;BQ/8;;
BQ;Banque BQ;BQ/9;20220104;44566100;CompteLib_0005;;;22A14;20220104;EcritureLib_0009;20221114;0,82;0,00;D;BQ/9;;
BQ;Banque BQ;BQ/9;20220104;60100000;CompteLib_0008;;;22A14;20220104;EcritureLib_0009;20221114;14,97;0,00;D;BQ/9;;
BQ;Banque BQ;BQ/9;20220104;51200000;CompteLib_0002;;;22A14;20220104;EcritureLib_0009;20221114;0,00;15,79;C;BQ/9;;
BQ;Banque BQ;BQ/10;20220104;44566100;CompteLib_0005;;;22A13;20220104;EcritureLib_0010;20221114;2,79;0,00;D;BQ/10;;
BQ;Banque BQ;BQ/10;20220104;60100000;CompteLib_0008;;;22A13;20220104;EcritureLib_0010;20221114;50,65;0,00;D;BQ/10;;
BQ;Banque BQ;BQ/10;20220104;51200000;CompteLib_0002;;;22A13;20220104;EcritureLib_0010;20221114;0,00;53,44;C;BQ/10;;
BQ;Banque BQ;BQ/11;20220104;44566100;CompteLib_0005;;;22A12;20220104;EcritureLib_0011;20221114;1,82;0,00;D;BQ/11;;
BQ;Banque BQ;BQ/11;20220104;60100000;CompteLib_0008;;;22A12;20220104;EcritureLib_0011;20221114;33,00;0,00;D;BQ/11;;
BQ;Banque BQ;BQ/11;20220104;51200000;CompteLib_0002;;;22A12;20220104;EcritureLib_0011;20221114;0,00;34,82;C;BQ/11;;
BQ;Banque BQ;BQ/12;20220104;44566100;CompteLib_0005;;;22A37;20220104;EcritureLib_0012;20221114;0,93;0,00;D;BQ/12;;
BQ;Banque BQ;BQ/12;20220104;60630000;CompteLib_0009;;;22A37;20220104;EcritureLib_0012;20221114;4,63;0,00;D;BQ/12;;
BQ;Banque BQ;BQ/12;20220104;51200000;CompteLib_0002;;;22A37;20220104;EcritureLib_0012;20221114;0,00;5,56;C;BQ/12;;
BQ;Banque BQ;BQ/13;20220104;44566100;CompteLib_0005;;;22A38;20220104;EcritureLib_0013;20221114;8,33;0,00;D;BQ/13;;
BQ;Banque BQ;BQ/13;20220104;60100000;CompteLib_0008;;;22A38;20220104;EcritureLib_0013;20221114;41,67;0,00;D;BQ/13;;
BQ;Banque BQ;BQ/13;20220104;51200000;CompteLib_0002;;;22A38;20220104;EcritureLib_0013;20221114;0,00;50,00;C;BQ/13;;
BQ;Banque BQ;BQ/14;20220104;44566100;CompteLib_0005;;;22A39;20220104;EcritureLib_0014;20221114;12,50;0,00;D;BQ/14;;
BQ;Banque BQ;BQ/14;20220104;60100000;CompteLib_0008;;;22A39;20220104;EcritureLib_0014;20221114;62,50;0,00;D;BQ/14;;
BQ;Banque BQ;BQ/14;20220104;51200000;CompteLib_0002;;;22A39;20220104;EcritureLib_0014;20221114;0,00;75,00;C;BQ/14;;
BQ;Banque BQ;BQ/15;20220104;44566100;CompteLib_0005;;;22A40;20220104;EcritureLib_0015;20221114;0,57;0,00;D;BQ/15;;
BQ;Banque BQ;BQ/15;20220104;60100000;CompteLib_0008;;;22A40;20220104;EcritureLib_0015;20221114;10,43;0,00;D;BQ/15;;
BQ;Banque BQ;BQ/15;20220104;51200000;CompteLib_0002;;;22A40;20220104;EcritureLib_0015;20221114;0,00;11,00;C;BQ/15;;
BQ;Banque BQ;BQ/16;20220104;44566100;CompteLib_0005;;;22A41;20220104;EcritureLib_0016;20221114;0,44;0,00;D;BQ/16;;
BQ;Banque BQ;BQ/16;20220104;60100000;CompteLib_0008;;;22A41;20220104;EcritureLib_0016;20221114;8,06;0,00;D;BQ/16;;
BQ;Banque BQ;BQ/16;20220104;51200000;CompteLib_0002;;;22A41;20220104;EcritureLib_0016;20221114;0,00;8,50;C;BQ/16;;
BQ;Banque BQ;BQ/17;20220104;44566100;CompteLib_0005;;;22A42;20220104;EcritureLib_0017;20221114;0,27;0,00;D;BQ/17;;
BQ;Banque BQ;BQ/17;20220104;60100000;CompteLib_0008;;;22A42;20220104;EcritureLib_0017;20221114;4,83;0,00;D;BQ/17;;
BQ;Banque BQ;BQ/17;20220104;51200000;CompteLib_0002;;;22A42;20220104;EcritureLib_0017;20221114;0,00;5,10;C;BQ/17;;
BQ;Banque BQ;BQ/18;20220104;44566100;CompteLib_0005;;;22A43;20220104;EcritureLib_0018;20221114;0,35;0,00;D;BQ/18;;
BQ;Banque BQ;BQ/18;20220104;60100000;CompteLib_0008;;;22A43;20220104;EcritureLib_0018;20221114;6,45;0,00;D;BQ/18;;
BQ;Banque BQ;BQ/18;20220104;51200000;CompteLib_0002;;;22A43;20220104;EcritureLib_0018;20221114;0,00;6,80;C;BQ/18;;
BQ;Banque BQ;BQ/19;20220104;44566100;CompteLib_0005;;;22A44;20220104;EcritureLib_0019;20221114;0,35;0,00;D;BQ/19;;
BQ;Banque BQ;BQ/19;20220104;60100000;CompteLib_0008;;;22A44;20220104;EcritureLib_0019;20221114;6,45;0,00;D;BQ/19;;
BQ;Banque BQ;BQ/19;20220104;51200000;CompteLib_0002;;;22A44;20220104;EcritureLib_0019;20221114;0,00;6,80;C;BQ/19;;
BQ;Banque BQ;BQ/20;20220104;44566100;CompteLib_0005;;;22A45;20220104;EcritureLib_0020;20221114;0,35;0,00;D;BQ/20;;
BQ;Banque BQ;BQ/20;20220104;60100000;CompteLib_0008;;;22A45;20220104;EcritureLib_0020;20221114;6,45;0,00;D;BQ/20;;
BQ;Banque BQ;BQ/20;20220104;51200000;CompteLib_0002;;;22A45;20220104;EcritureLib_0020;20221114;0,00;6,80;C;BQ/20;;
BQ;Banque BQ;BQ/21;20220104;44566100;CompteLib_0005;;;22A46;20220104;EcritureLib_0021;20221114;0,35;0,00;D;BQ/21;;
BQ;Banque BQ;BQ/21;20220104;60100000;CompteLib_0008;;;22A46;20220104;EcritureLib_0021;20221114;6,45;0,00;D;BQ/21;;
BQ;Banque BQ;BQ/21;20220104;51200000;CompteLib_0002;;;22A46;20220104;EcritureLib_0021;20221114;0,00;6,80;C;BQ/21;;
BQ;Banque BQ;BQ/22;20220104;44566100;CompteLib_0005;;;22A47;20220104;EcritureLib_0022;20221114;0,35;0,00;D;BQ/22;;
BQ;Banque BQ;BQ/22;20220104;60100000;CompteLib_0008;;;22A47;20220104;EcritureLib_0022;20221114;6,45;0,00;D;BQ/22;;
BQ;Banque BQ;BQ/22;20220104;51200000;CompteLib_0002;;;22A47;20220104;EcritureLib_0022;20221114;0,00;6,80;C;BQ/22;;
BQ;Banque BQ;BQ/23;20220104;44566100;CompteLib_0005;;;22A48;20220104;EcritureLib_0023;20221114;0,35;0,00;D;BQ/23;;
BQ;Banque BQ;BQ/23;20220104;60100000;CompteLib_0008;;;22A48;20220104;EcritureLib_0023;20221114;6,45;0,00;D;BQ/23;;
BQ;Banque BQ;BQ/23;20220104;51200000;CompteLib_0002;;;22A48;20220104;EcritureLib_0023;20221114;0,00;6,80;C;BQ/23;;
BQ;Banque BQ;BQ/24;20220104;44566100;CompteLib_0005;;;22A49;20220104;EcritureLib_0024;20221114;0,35;0,00;D;BQ/24;;
BQ;Banque BQ;BQ/24;20220104;60100000;CompteLib_0008;;;22A49;20220104;EcritureLib_0024;20221114;6,45;0,00;D;BQ/24;;
BQ;Banque BQ;BQ/24;20220104;51200000;CompteLib_0002;;;22A49;20220104;EcritureLib_0024;20221114;0,00;6,80;C;BQ/24;;
BQ;Banque BQ;BQ/25;20220104;44566100;CompteLib_0005;;;22A50;20220104;EcritureLib_0025;20221114;0,44;0,00;D;BQ/25;;
BQ;Banque BQ;BQ/25;20220104;60100000;CompteLib_0008;;;22A50;20220104;EcritureLib_0025;20221114;8,06;0,00;D;BQ/25;;
BQ;Banque BQ;BQ/25;20220104;51200000;CompteLib_0002;;;22A50;20220104;EcritureLib_0025;20221114;0,00;8,50;C;BQ/25;;
BQ;Banque BQ;BQ/26;20220104;44566100;CompteLib_0005;;;22A51;20220104;EcritureLib_0026;20221114;0,35;0,00;D;BQ/26;;
BQ;Banque BQ;BQ/26;20220104;60100000;CompteLib_0008;;;22A51;20220104;EcritureLib_0026;20221114;6,45;0,00;D;BQ/26;;
BQ;Banque BQ;BQ/26;20220104;51200000;CompteLib_0002;;;22A51;20220104;EcritureLib_0026;20221114;0,00;6,80;C;BQ/26;;
BQ;Banque BQ;BQ/27;20220104;44566100;CompteLib_0005;;;22A52;20220104;EcritureLib_0027;20221114;0,35;0,00;D;BQ/27;;
BQ;Banque BQ;BQ/27;20220104;60100000;CompteLib_0008;;;22A52;20220104;EcritureLib_0027;20221114;6,45;0,00;D;BQ/27;;
BQ;Banque BQ;BQ/27;20220104;51200000;CompteLib_0002;;;22A52;20220104;EcritureLib_0027;20221114;0,00;6,80;C;BQ/27;;
BQ;Banque BQ;BQ/28;20220104;44566100;CompteLib_0005;;;22A53;20220104;EcritureLib_0028;20221114;0,44;0,00;D;BQ/28;;
BQ;Banque BQ;BQ/28;20220104;60100000;CompteLib_0008;;;22A53;20220104;EcritureLib_0028;20221114;8,06;0,00;D;BQ/28;;
BQ;Banque BQ;BQ/28;20220104;51200000;CompteLib_0002;;;22A53;20220104;EcritureLib_0028;20221114;0,00;8,50;C;BQ/28;;
BQ;Banque BQ;BQ/29;20220104;44566100;CompteLib_0005;;;22A54;20220104;EcritureLib_0029;20221114;19,26;0,00;D;BQ/29;;
BQ;Banque BQ;BQ/29;20220104;60100000;CompteLib_0008;;;22A54;20220104;EcritureLib_0029;20221114;350,20;0,00;D;BQ/29;;
BQ;Banque BQ;BQ/29;20220104;51200000;CompteLib_0002;;;22A54;20220104;EcritureLib_0029;20221114;0,00;369,46;C;BQ/29;;
BQ;Banque BQ;BQ/30;20220104;44566100;CompteLib_0005;;;22A55;20220104;EcritureLib_0029;20221114;51,29;0,00;D;BQ/30;;
BQ;Banque BQ;BQ/30;20220104;60100000;CompteLib_0008;;;22A55;20220104;EcritureLib_0029;20221114;256,42;0,00;D;BQ/30;;
BQ;Banque BQ;BQ/30;20220104;51200000;CompteLib_0002;;;22A55;20220104;EcritureLib_0029;20221114;0,00;307,71;C;BQ/30;;
BQ;Banque BQ;BQ/31;20220104;44566100;CompteLib_0005;;;22A56;20220104;EcritureLib_0030;20221114;2,45;0,00;D;BQ/31;;
BQ;Banque BQ;BQ/31;20220104;60400000;CompteLib_0010;;;22A56;20220104;EcritureLib_0030;20221114;24,55;0,00;D;BQ/31;;
BQ;Banque BQ;BQ/31;20220104;51200000;CompteLib_0002;;;22A56;20220104;EcritureLib_0030;20221114;0,00;27,00;C;BQ/31;;
BQ;Banque BQ;BQ/32;20220104;44566100;CompteLib_0005;;;22A57;20220104;EcritureLib_0031;20221114;16,04;0,00;D;BQ/32;;
BQ;Banque BQ;BQ/32;20220104;61100000;CompteLib_0011;;;22A57;20220104;EcritureLib_0031;20221114;80,22;0,00;D;BQ/32;;
BQ;Banque BQ;BQ/32;20220104;51200000;CompteLib_0002;;;22A57;20220104;EcritureLib_0031;20221114;0,00;96,26;C;BQ/32;;
BQ;Banque BQ;BQ/33;20220104;44566100;CompteLib_0005;;;22A58;20220104;EcritureLib_0032;20221114;1,13;0,00;D;BQ/33;;
BQ;Banque BQ;BQ/33;20220104;60100000;CompteLib_0008;;;22A58;20220104;EcritureLib_0032;20221114;20,55;0,00;D;BQ/33;;
BQ;Banque BQ;BQ/33;20220104;51200000;CompteLib_0002;;;22A58;20220104;EcritureLib_0032;20221114;0,00;21,68;C;BQ/33;;
BQ;Banque BQ;BQ/34;20220104;44566100;CompteLib_0005;;;22A59;20220104;EcritureLib_0033;20221114;1,12;0,00;D;BQ/34;;
BQ;Banque BQ;BQ/34;20220104;60100000;CompteLib_0008;;;22A59;20220104;EcritureLib_0033;20221114;20,38;0,00;D;BQ/34;;
BQ;Banque BQ;BQ/34;20220104;51200000;CompteLib_0002;;;22A59;20220104;EcritureLib_0033;20221114;0,00;21,50;C;BQ/34;;
BQ;Banque BQ;BQ/35;20220104;44566100;CompteLib_0005;;;22A60;20220104;EcritureLib_0034;20221114;1,67;0,00;D;BQ/35;;
BQ;Banque BQ;BQ/35;20220104;62810000;CompteLib_0012;;;22A60;20220104;EcritureLib_0034;20221114;8,32;0,00;D;BQ/35;;
BQ;Banque BQ;BQ/35;20220104;51200000;CompteLib_0002;;;22A60;20220104;EcritureLib_0034;20221114;0,00;9,99;C;BQ/35;;
BQ;Banque BQ;BQ/36;20220104;44566100;CompteLib_0005;;;22A61;20220104;EcritureLib_0035;20221114;0,95;0,00;D;BQ/36;;
BQ;Banque BQ;BQ/36;20220104;62530000;CompteLib_0013;;;22A61;20220104;EcritureLib_0035;20221114;9,55;0,00;D;BQ/36;;
BQ;Banque BQ;BQ/36;20220104;51200000;CompteLib_0002;;;22A61;20220104;EcritureLib_0035;20221114;0,00;10,50;C;BQ/36;;
BQ;Banque BQ;BQ/37;20220104;44566100;CompteLib_0005;;;22A62;20220104;EcritureLib_0036;20221114;3,39;0,00;D;BQ/37;;
BQ;Banque BQ;BQ/37;20220104;62530000;CompteLib_0013;;;22A62;20220104;EcritureLib_0036;20221114;33,90;0,00;D;BQ/37;;
BQ;Banque BQ;BQ/37;20220104;51200000;CompteLib_0002;;;22A62;20220104;EcritureLib_0036;20221114;0,00;37,29;C;BQ/37;;
BQ;Banque BQ;BQ/38;20220104;44566100;CompteLib_0005;;;22A63;20220104;EcritureLib_0037;20221114;4,18;0,00;D;BQ/38;;
BQ;Banque BQ;BQ/38;20220104;62530000;CompteLib_0013;;;22A63;20220104;EcritureLib_0037;20221114;41,82;0,00;D;BQ/38;;
BQ;Banque BQ;BQ/38;20220104;51200000;CompteLib_0002;;;22A63;20220104;EcritureLib_0037;20221114;0,00;46,00;C;BQ/38;;
BQ;Banque BQ;BQ/39;20220104;44566100;CompteLib_0005;;;22A64;20220104;EcritureLib_0038;20221114;0,57;0,00;D;BQ/39;;
BQ;Banque BQ;BQ/39;20220104;60100000;CompteLib_0008;;;22A64;20220104;EcritureLib_0038;20221114;10,43;0,00;D;BQ/39;;
BQ;Banque BQ;BQ/39;20220104;51200000;CompteLib_0002;;;22A64;20220104;EcritureLib_0038;20221114;0,00;11,00;C;BQ/39;;
BQ;Banque BQ;BQ/40;20220104;44566100;CompteLib_0005;;;22A65;20220104;EcritureLib_0039;20221114;5,26;0,00;D;BQ/40;;
BQ;Banque BQ;BQ/40;20220104;60630000;CompteLib_0009;;;22A65;20220104;EcritureLib_0039;20221114;26,29;0,00;D;BQ/40;;
BQ;Banque BQ;BQ/40;20220104;51200000;CompteLib_0002;;;22A65;20220104;EcritureLib_0039;20221114;0,00;31,55;C;BQ/40;;
BQ;Banque BQ;BQ/41;20220104;44566100;CompteLib_0005;;;22A66;20220104;EcritureLib_0040;20221114;29,70;0,00;D;BQ/41;;
BQ;Banque BQ;BQ/41;20220104;60100000;CompteLib_0008;;;22A66;20220104;EcritureLib_0040;20221114;539,92;0,00;D;BQ/41;;
BQ;Banque BQ;BQ/41;20220104;51200000;CompteLib_0002;;;22A66;20220104;EcritureLib_0040;20221114;0,00;569,62;C;BQ/41;;
BQ;Banque BQ;BQ/42;20220104;44566100;CompteLib_0005;;;22A67;20220104;EcritureLib_0040;20221114;36,64;0,00;D;BQ/42;;
BQ;Banque BQ;BQ/42;20220104;60100000;CompteLib_0008;;;22A67;20220104;EcritureLib_0040;20221114;183,17;0,00;D;BQ/42;;
BQ;Banque BQ;BQ/42;20220104;51200000;CompteLib_0002;;;22A67;20220104;EcritureLib_0040;20221114;0,00;219,81;C;BQ/42;;
BQ;Banque BQ;BQ/43;20220104;46700000;CompteLib_0014;;;22A68;20220104;EcritureLib_0040;20221114;51,40;0,00;D;BQ/43;;
BQ;Banque BQ;BQ/43;20220104;51200000;CompteLib_0002;;;22A68;20220104;EcritureLib_0040;20221114;0,00;51,40;C;BQ/43;;
BQ;Banque BQ;BQ/44;20220104;70999999;CompteLib_0001;;;22A69;20220104;EcritureLib_0041;20221114;0,00;36,18;C;BQ/44;;
BQ;Banque BQ;BQ/44;20220104;51200000;CompteLib_0002;;;22A69;20220104;EcritureLib_0041;20221114;36,18;0,00;D;BQ/44;;
BQ;Banque BQ;BQ/45;20220104;44566100;CompteLib_0005;;;22A10;20220104;EcritureLib_0042;20221114;5,33;0,00;D;BQ/45;;
BQ;Banque BQ;BQ/45;20220104;60630000;CompteLib_0009;;;22A10;20220104;EcritureLib_0042;20221114;26,65;0,00;D;BQ/45;;
BQ;Banque BQ;BQ/45;20220104;51200000;CompteLib_0002;;;22A10;20220104;EcritureLib_0042;20221114;0,00;31,98;C;BQ/45;;
BQ;Banque BQ;BQ/46;20220104;44566100;CompteLib_0005;;;22A9;20220104;EcritureLib_0043;20221114;2,33;0,00;D;BQ/46;;
BQ;Banque BQ;BQ/46;20220104;60630000;CompteLib_0009;;;22A9;20220104;EcritureLib_0043;20221114;11,64;0,00;D;BQ/46;;
BQ;Banque BQ;BQ/46;20220104;51200000;CompteLib_0002;;;22A9;20220104;EcritureLib_0043;20221114;0,00;13,97;C;BQ/46;;
BQ;Banque BQ;BQ/47;20220104;44566100;CompteLib_0005;;;22A71;20220104;EcritureLib_0044;20221114;3,82;0,00;D;BQ/47;;
BQ;Banque BQ;BQ/47;20220104;60630000;CompteLib_0009;;;22A71;20220104;EcritureLib_0044;20221114;19,08;0,00;D;BQ/47;;
BQ;Banque BQ;BQ/47;20220104;51200000;CompteLib_0002;;;22A71;20220104;EcritureLib_0044;20221114;0,00;22,90;C;BQ/47;;
BQ;Banque BQ;BQ/48;20220104;44566100;CompteLib_0005;;;22A70;20220104;EcritureLib_0045;20221114;19,83;0,00;D;BQ/48;;
BQ;Banque BQ;BQ/48;20220104;60630000;CompteLib_0009;;;22A70;20220104;EcritureLib_0045;20221114;99,17;0,00;D;BQ/48;;
BQ;Banque BQ;BQ/48;20220104;51200000;CompteLib_0002;;;22A70;20220104;EcritureLib_0045;20221114;0,00;119,00;C;BQ/48;;
BQ;Banque BQ;BQ/49;20220104;44566100;CompteLib_0005;;;22A36;20220104;EcritureLib_0046;20221114;5,83;0,00;D;BQ/49;;
BQ;Banque BQ;BQ/49;20220104;60630000;CompteLib_0009;;;22A36;20220104;EcritureLib_0046;20221114;29,15;0,00;D;BQ/49;;
BQ;Banque BQ;BQ/49;20220104;51200000;CompteLib_0002;;;22A36;20220104;EcritureLib_0046;20221114;0,00;34,98;C;BQ/49;;
BQ;Banque BQ;BQ/50;20220104;44566100;CompteLib_0005;;;22A35;20220104;EcritureLib_0047;20221114;0,83;0,00;D;BQ/50;;
BQ;Banque BQ;BQ/50;20220104;60630000;CompteLib_0009;;;22A35;20220104;EcritureLib_0047;20221114;4,17;0,00;D;BQ/50;;
BQ;Banque BQ;BQ/50;20220104;51200000;CompteLib_0002;;;22A35;20220104;EcritureLib_0047;20221114;0,00;5,00;C;BQ/50;;
BQ;Banque BQ;BQ/51;20220104;44566100;CompteLib_0005;;;22A34;20220104;EcritureLib_0048;20221114;0,50;0,00;D;BQ/51;;
BQ;Banque BQ;BQ/51;20220104;60630000;CompteLib_0009;;;22A34;20220104;EcritureLib_0048;20221114;2,50;0,00;D;BQ/51;;
BQ;Banque BQ;BQ/51;20220104;51200000;CompteLib_0002;;;22A34;20220104;EcritureLib_0048;20221114;0,00;3,00;C;BQ/51;;
BQ;Banque BQ;BQ/52;20220104;44566100;CompteLib_0005;;;22A33;20220104;EcritureLib_0049;20221114;2,21;0,00;D;BQ/52;;
BQ;Banque BQ;BQ/52;20220104;60630000;CompteLib_0009;;;22A33;20220104;EcritureLib_0049;20221114;11,04;0,00;D;BQ/52;;
BQ;Banque BQ;BQ/52;20220104;51200000;CompteLib_0002;;;22A33;20220104;EcritureLib_0049;20221114;0,00;13,25;C;BQ/52;;
BQ;Banque BQ;BQ/53;20220104;44566100;CompteLib_0005;;;22A32;20220104;EcritureLib_0050;20221114;33,33;0,00;D;BQ/53;;
BQ;Banque BQ;BQ/53;20220104;60630000;CompteLib_0009;;;22A32;20220104;EcritureLib_0050;20221114;166,67;0,00;D;BQ/53;;
BQ;Banque BQ;BQ/53;20220104;51200000;CompteLib_0002;;;22A32;20220104;EcritureLib_0050;20221114;0,00;200,00;C;BQ/53;;
BQ;Banque BQ;BQ/54;20220104;62310000;CompteLib_0015;;;22A31;20220104;EcritureLib_0051;20221114;9,00;0,00;D;BQ/54;;
BQ;Banque BQ;BQ/54;20220104;51200000;CompteLib_0002;;;22A31;20220104;EcritureLib_0051;20221114;0,00;9,00;C;BQ/54;;
BQ;Banque BQ;BQ/55;20220104;62310000;CompteLib_0015;;;22A30;20220104;EcritureLib_0052;20221114;9,00;0,00;D;BQ/55;;
BQ;Banque BQ;BQ/55;20220104;51200000;CompteLib_0002;;;22A30;20220104;EcritureLib_0052;20221114;0,00;9,00;C;BQ/55;;
BQ;Banque BQ;BQ/56;20220104;44566100;CompteLib_0005;;;22A29;20220104;EcritureLib_0053;20221114;0,47;0,00;D;BQ/56;;
BQ;Banque BQ;BQ/56;20220104;60100000;CompteLib_0008;;;22A29;20220104;EcritureLib_0053;20221114;8,59;0,00;D;BQ/56;;
BQ;Banque BQ;BQ/56;20220104;51200000;CompteLib_0002;;;22A29;20220104;EcritureLib_0053;20221114;0,00;9,06;C;BQ/56;;
BQ;Banque BQ;BQ/57;20220104;44566100;CompteLib_0005;;;22A28;20220104;EcritureLib_0053;20221114;2,39;0,00;D;BQ/57;;
BQ;Banque BQ;BQ/57;20220104;60100000;CompteLib_0008;;;22A28;20220104;EcritureLib_0053;20221114;11,93;0,00;D;BQ/57;;
BQ;Banque BQ;BQ/57;20220104;51200000;CompteLib_0002;;;22A28;20220104;EcritureLib_0053;20221114;0,00;14,32;C;BQ/57;;
BQ;Banque BQ;BQ/58;20220104;44566100;CompteLib_0005;;;22A27;20220104;EcritureLib_0054;20221114;1,67;0,00;D;BQ/58;;
BQ;Banque BQ;BQ/58;20220104;60100000;CompteLib_0008;;;22A27;20220104;EcritureLib_0054;20221114;8,37;0,00;D;BQ/58;;
BQ;Banque BQ;BQ/58;20220104;51200000;CompteLib_0002;;;22A27;20220104;EcritureLib_0054;20221114;0,00;10,04;C;BQ/58;;
BQ;Banque BQ;BQ/59;20220104;44566100;CompteLib_0005;;;22A26;20220104;EcritureLib_0054;20221114;0,89;0,00;D;BQ/59;;
BQ;Banque BQ;BQ/59;20220104;60100000;CompteLib_0008;;;22A26;20220104;EcritureLib_0054;20221114;16,23;0,00;D;BQ/59;;
BQ;Banque BQ;BQ/59;20220104;51200000;CompteLib_0002;;;22A26;20220104;EcritureLib_0054;20221114;0,00;17,12;C;BQ/59;;
BQ;Banque BQ;BQ/60;20220104;44566100;CompteLib_0005;;;22A25;20220104;EcritureLib_0055;20221114;0,26;0,00;D;BQ/60;;
BQ;Banque BQ;BQ/60;20220104;60100000;CompteLib_0008;;;22A25;20220104;EcritureLib_0055;20221114;4,79;0,00;D;BQ/60;;
BQ;Banque BQ;BQ/60;20220104;51200000;CompteLib_0002;;;22A25;20220104;EcritureLib_0055;20221114;0,00;5,05;C;BQ/60;;
BQ;Banque BQ;BQ/61;20220104;44566100;CompteLib_0005;;;22A24;20220104;EcritureLib_0055;20221114;2,53;0,00;D;BQ/61;;
BQ;Banque BQ;BQ/61;20220104;60100000;CompteLib_0008;;;22A24;20220104;EcritureLib_0055;20221114;12,65;0,00;D;BQ/61;;
BQ;Banque BQ;BQ/61;20220104;51200000;CompteLib_0002;;;22A24;20220104;EcritureLib_0055;20221114;0,00;15,18;C;BQ/61;;
BQ;Banque BQ;BQ/62;20220104;44566100;CompteLib_0005;;;22A11;20220104;EcritureLib_0042;20221114;1,67;0,00;D;BQ/62;;
BQ;Banque BQ;BQ/62;20220104;62810000;CompteLib_0012;;;22A11;20220104;EcritureLib_0042;20221114;8,32;0,00;D;BQ/62;;
BQ;Banque BQ;BQ/62;20220104;51200000;CompteLib_0002;;;22A11;20220104;EcritureLib_0042;20221114;0,00;9,99;C;BQ/62;;
BQ;Banque BQ;BQ/63;20220104;44566100;CompteLib_0005;;;22A23;20220104;EcritureLib_0056;20221114;0,30;0,00;D;BQ/63;;
BQ;Banque BQ;BQ/63;20220104;60100000;CompteLib_0008;;;22A23;20220104;EcritureLib_0056;20221114;5,49;0,00;D;BQ/63;;
BQ;Banque BQ;BQ/63;20220104;51200000;CompteLib_0002;;;22A23;20220104;EcritureLib_0056;20221114;0,00;5,79;C;BQ/63;;
BQ;Banque BQ;BQ/64;20220104;44566100;CompteLib_0005;;;22A22;20220104;EcritureLib_0056;20221114;2,39;0,00;D;BQ/64;;
BQ;Banque BQ;BQ/64;20220104;60100000;CompteLib_0008;;;22A22;20220104;EcritureLib_0056;20221114;11,93;0,00;D;BQ/64;;
BQ;Banque BQ;BQ/64;20220104;51200000;CompteLib_0002;;;22A22;20220104;EcritureLib_0056;20221114;0,00;14,32;C;BQ/64;;
BQ;Banque BQ;BQ/65;20220104;44566100;CompteLib_0005;;;22A21;20220104;EcritureLib_0057;20221114;0,13;0,00;D;BQ/65;;
BQ;Banque BQ;BQ/65;20220104;60100000;CompteLib_0008;;;22A21;20220104;EcritureLib_0057;20221114;2,36;0,00;D;BQ/65;;
BQ;Banque BQ;BQ/65;20220104;51200000;CompteLib_0002;;;22A21;20220104;EcritureLib_0057;20221114;0,00;2,49;C;BQ/65;;
BQ;Banque BQ;BQ/66;20220104;44566100;CompteLib_0005;;;22A20;20220104;EcritureLib_0058;20221114;0,30;0,00;D;BQ/66;;
BQ;Banque BQ;BQ/66;20220104;60100000;CompteLib_0008;;;22A20;20220104;EcritureLib_0058;20221114;5,52;0,00;D;BQ/66;;
BQ;Banque BQ;BQ/66;20220104;51200000;CompteLib_0002;;;22A20;20220104;EcritureLib_0058;20221114;0,00;5,82;C;BQ/66;;
BQ;Banque BQ;BQ/67;20220104;44566100;CompteLib_0005;;;22A19;20220104;EcritureLib_0058;20221114;3,35;0,00;D;BQ/67;;
BQ;Banque BQ;BQ/67;20220104;60100000;CompteLib_0008;;;22A19;20220104;EcritureLib_0058;20221114;16,73;0,00;D;BQ/67;;
BQ;Banque BQ;BQ/67;20220104;51200000;CompteLib_0002;;;22A19;20220104;EcritureLib_0058;20221114;0,00;20,08;C;BQ/67;;
BQ;Banque BQ;BQ/68;20220104;44566100;CompteLib_0005;;;22A18;20220104;EcritureLib_0059;20221114;1,17;0,00;D;BQ/68;;
BQ;Banque BQ;BQ/68;20220104;60640000;CompteLib_0016;;;22A18;20220104;EcritureLib_0059;20221114;5,82;0,00;D;BQ/68;;
BQ;Banque BQ;BQ/68;20220104;51200000;CompteLib_0002;;;22A18;20220104;EcritureLib_0059;20221114;0,00;6,99;C;BQ/68;;
BQ;Banque BQ;BQ/69;20220104;44566100;CompteLib_0005;;;22A17;20220104;EcritureLib_0060;20221114;8,13;0,00;D;BQ/69;;
BQ;Banque BQ;BQ/69;20220104;60640000;CompteLib_0016;;;22A17;20220104;EcritureLib_0060;20221114;40,67;0,00;D;BQ/69;;
BQ;Banque BQ;BQ/69;20220104;51200000;CompteLib_0002;;;22A17;20220104;EcritureLib_0060;20221114;0,00;48,80;C;BQ/69;;
BQ;Banque BQ;BQ/70;20220104;44566100;CompteLib_0005;;;22A16;20220104;EcritureLib_0061;20221114;4,41;0,00;D;BQ/70;;
BQ;Banque BQ;BQ/70;20220104;60640000;CompteLib_0016;;;22A16;20220104;EcritureLib_0061;20221114;22,06;0,00;D;BQ/70;;
BQ;Banque BQ;BQ/70;20220104;51200000;CompteLib_0002;;;22A16;20220104;EcritureLib_0061;20221114;0,00;26,47;C;BQ/70;;
BQ;Banque BQ;BQ/71;20220104;62620000;CompteLib_0017;;;22A15;20220104;EcritureLib_0062;20221114;12,96;0,00;D;BQ/71;;
BQ;Banque BQ;BQ/71;20220104;51200000;CompteLib_0002;;;22A15;20220104;EcritureLib_0062;20221114;0,00;12,96;C;BQ/71;;
BQ;Banque BQ;BQ/72;20220105;44566100;CompteLib_0005;;;22A73;20220105;EcritureLib_0063;20221114;5,80;0,00;D;BQ/72;;
BQ;Banque BQ;BQ/72;20220105;61100000;CompteLib_0011;;;22A73;20220105;EcritureLib_0063;20221114;29,00;0,00;D;BQ/72;;
BQ;Banque BQ;BQ/72;20220105;51200000;CompteLib_0002;;;22A73;20220105;EcritureLib_0063;20221114;0,00;34,80;C;BQ/72;;
BQ;Banque BQ;BQ/73;20220105;70999999;CompteLib_0001;;;22A75;20220105;EcritureLib_0064;20221114;0,00;52,54;C;BQ/73;;
BQ;Banque BQ;BQ/73;20220105;51200000;CompteLib_0002;;;22A75;20220105;EcritureLib_0064;20221114;52,54;0,00;D;BQ/73;;
BQ;Banque BQ;BQ/74;20220105;16400000;CompteLib_0018;;;22A74;20220105;EcritureLib_0065;20221114;754,24;0,00;D;BQ/74;;
BQ;Banque BQ;BQ/74;20220105;51200000;CompteLib_0002;;;22A74;20220105;EcritureLib_0065;20221114;0,00;754,24;C;BQ/74;;
BQ;Banque BQ;BQ/75;20220105;64500000;CompteLib_0019;;;22A72;20220105;EcritureLib_0066;20221114;383,00;0,00;D;BQ/75;;
BQ;Banque BQ;BQ/75;20220105;51200000;CompteLib_0002;;;22A72;20220105;EcritureLib_0066;20221114;0,00;383,00;C;BQ/75;;
BQ;Banque BQ;BQ/76;20220106;44566100;CompteLib_0005;;;22A77;20220106;EcritureLib_0067;20221114;0,97;0,00;D;BQ/76;;
BQ;Banque BQ;BQ/76;20220106;62220000;CompteLib_0020;;;22A77;20220106;EcritureLib_0067;20221114;4,84;0,00;D;BQ/76;;
BQ;Banque BQ;BQ/76;20220106;51200000;CompteLib_0002;;;22A77;20220106;EcritureLib_0067;20221114;0,00;5,81;C;BQ/76;;
BQ;Banque BQ;BQ/77;20220106;70999999;CompteLib_0001;;;22A78;20220106;EcritureLib_0067;20221114;0,00;72,80;C;BQ/77;;
BQ;Banque BQ;BQ/77;20220106;51200000;CompteLib_0002;;;22A78;20220106;EcritureLib_0067;20221114;72,80;0,00;D;BQ/77;;
BQ;Banque BQ;BQ/78;20220106;44566100;CompteLib_0005;;;22A76;20220106;EcritureLib_0068;20221114;22,31;0,00;D;BQ/78;;
BQ;Banque BQ;BQ/78;20220106;60100000;CompteLib_0008;;;22A76;20220106;EcritureLib_0068;20221114;405,55;0,00;D;BQ/78;;
BQ;Banque BQ;BQ/78;20220106;51200000;CompteLib_0002;;;22A76;20220106;EcritureLib_0068;20221114;0,00;427,86;C;BQ/78;;
BQ;Banque BQ;BQ/79;20220107;62700000;CompteLib_0007;;;22A81;20220107;EcritureLib_0069;20221114;2,59;0,00;D;BQ/79;;
BQ;Banque BQ;BQ/79;20220107;51200000;CompteLib_0002;;;22A81;20220107;EcritureLib_0069;20221114;0,00;2,59;C;BQ/79;;
BQ;Banque BQ;BQ/80;20220107;44566100;CompteLib_0005;;;22A79;20220107;EcritureLib_0070;20221114;5,11;0,00;D;BQ/80;;
BQ;Banque BQ;BQ/80;20220107;62700000;CompteLib_0007;;;22A79;20220107;EcritureLib_0070;20221114;25,56;0,00;D;BQ/80;;
BQ;Banque BQ;BQ/80;20220107;51200000;CompteLib_0002;;;22A79;20220107;EcritureLib_0070;20221114;0,00;30,67;C;BQ/80;;
BQ;Banque BQ;BQ/81;20220107;70999999;CompteLib_0001;;;22A85;20220107;EcritureLib_0071;20221114;0,00;292,40;C;BQ/81;;
BQ;Banque BQ;BQ/81;20220107;51200000;CompteLib_0002;;;22A85;20220107;EcritureLib_0071;20221114;292,40;0,00;D;BQ/81;;
BQ;Banque BQ;BQ/82;20220107;70999999;CompteLib_0001;;;22A84;20220107;EcritureLib_0072;20221114;0,00;365,00;C;BQ/82;;
BQ;Banque BQ;BQ/82;20220107;51200000;CompteLib_0002;;;22A84;20220107;EcritureLib_0072;20221114;365,00;0,00;D;BQ/82;;
BQ;Banque BQ;BQ/83;20220107;61600000;CompteLib_0021;;;22A83;20220107;EcritureLib_0073;20221114;4,25;0,00;D;BQ/83;;
BQ;Banque BQ;BQ/83;20220107;51200000;CompteLib_0002;;;22A83;20220107;EcritureLib_0073;20221114;0,00;4,25;C;BQ/83;;
BQ;Banque BQ;BQ/84;20220107;62700000;CompteLib_0007;;;22A82;20220107;EcritureLib_0074;20221114;1,92;0,00;D;BQ/84;;
BQ;Banque BQ;BQ/84;20220107;51200000;CompteLib_0002;;;22A82;20220107;EcritureLib_0074;20221114;0,00;1,92;C;BQ/84;;
BQ;Banque BQ;BQ/85;20220107;44566100;CompteLib_0005;;;22A80;20220107;EcritureLib_0075;20221114;5,05;0,00;D;BQ/85;;
BQ;Banque BQ;BQ/85;20220107;60610000;CompteLib_0022;;;22A80;20220107;EcritureLib_0075;20221114;25,23;0,00;D;BQ/85;;
BQ;Banque BQ;BQ/85;20220107;51200000;CompteLib_0002;;;22A80;20220107;EcritureLib_0075;20221114;0,00;30,28;C;BQ/85;;
BQ;Banque BQ;BQ/86;20220108;62700000;CompteLib_0007;;;22A87;20220108;EcritureLib_0076;20221114;2,73;0,00;D;BQ/86;;
BQ;Banque BQ;BQ/86;20220108;51200000;CompteLib_0002;;;22A87;20220108;EcritureLib_0076;20221114;0,00;2,73;C;BQ/86;;
BQ;Banque BQ;BQ/87;20220108;70999999;CompteLib_0001;;;22A88;20220108;EcritureLib_0077;20221114;0,00;354,80;C;BQ/87;;
BQ;Banque BQ;BQ/87;20220108;51200000;CompteLib_0002;;;22A88;20220108;EcritureLib_0077;20221114;354,80;0,00;D;BQ/87;;
BQ;Banque BQ;BQ/88;20220108;70999999;CompteLib_0001;;;22A89;20220108;EcritureLib_0078;20221114;0,00;417,86;C;BQ/88;;
BQ;Banque BQ;BQ/88;20220108;51200000;CompteLib_0002;;;22A89;20220108;EcritureLib_0078;20221114;417,86;0,00;D;BQ/88;;
BQ;Banque BQ;BQ/89;20220108;62700000;CompteLib_0007;;;22A86;20220108;EcritureLib_0079;20221114;2,32;0,00;D;BQ/89;;
BQ;Banque BQ;BQ/89;20220108;51200000;CompteLib_0002;;;22A86;20220108;EcritureLib_0079;20221114;0,00;2,32;C;BQ/89;;
BQ;Banque BQ;BQ/90;20220110;62700000;CompteLib_0007;;;22A92;20220110;EcritureLib_0080;20221114;2,13;0,00;D;BQ/90;;
BQ;Banque BQ;BQ/90;20220110;51200000;CompteLib_0002;;;22A92;20220110;EcritureLib_0080;20221114;0,00;2,13;C;BQ/90;;
BQ;Banque BQ;BQ/91;20220110;62700000;CompteLib_0007;;;22A91;20220110;EcritureLib_0081;20221114;1,36;0,00;D;BQ/91;;
BQ;Banque BQ;BQ/91;20220110;51200000;CompteLib_0002;;;22A91;20220110;EcritureLib_0081;20221114;0,00;1,36;C;BQ/91;;
BQ;Banque BQ;BQ/92;20220110;62700000;CompteLib_0007;;;22A90;20220110;EcritureLib_0082;20221114;3,71;0,00;D;BQ/92;;
BQ;Banque BQ;BQ/92;20220110;51200000;CompteLib_0002;;;22A90;20220110;EcritureLib_0082;20221114;0,00;3,71;C;BQ/92;;
BQ;Banque BQ;BQ/93;20220110;70999999;CompteLib_0001;;;22A97;20220110;EcritureLib_0083;20221114;0,00;70,10;C;BQ/93;;
BQ;Banque BQ;BQ/93;20220110;51200000;CompteLib_0002;;;22A97;20220110;EcritureLib_0083;20221114;70,10;0,00;D;BQ/93;;
BQ;Banque BQ;BQ/94;20220110;70999999;CompteLib_0001;;;22A95;20220110;EcritureLib_0084;20221114;0,00;208,30;C;BQ/94;;
BQ;Banque BQ;BQ/94;20220110;51200000;CompteLib_0002;;;22A95;20220110;EcritureLib_0084;20221114;208,30;0,00;D;BQ/94;;
BQ;Banque BQ;BQ/95;20220110;70999999;CompteLib_0001;;;22A94;20220110;EcritureLib_0085;20221114;0,00;572,70;C;BQ/95;;
BQ;Banque BQ;BQ/95;20220110;51200000;CompteLib_0002;;;22A94;20220110;EcritureLib_0085;20221114;572,70;0,00;D;BQ/95;;
BQ;Banque BQ;BQ/96;20220110;62700000;CompteLib_0007;;;22A93;20220110;EcritureLib_0086;20221114;0,45;0,00;D;BQ/96;;
BQ;Banque BQ;BQ/96;20220110;51200000;CompteLib_0002;;;22A93;20220110;EcritureLib_0086;20221114;0,00;0,45;C;BQ/96;;
BQ;Banque BQ;BQ/97;20220110;70999999;CompteLib_0001;;;22A96;20220110;EcritureLib_0087;20221114;0,00;331,75;C;BQ/97;;
BQ;Banque BQ;BQ/97;20220110;51200000;CompteLib_0002;;;22A96;20220110;EcritureLib_0087;20221114;331,75;0,00;D;BQ/97;;
BQ;Banque BQ;BQ/98;20220111;44566100;CompteLib_0005;;;22A100;20220111;EcritureLib_0088;20221114;3,03;0,00;D;BQ/98;;
BQ;Banque BQ;BQ/98;20220111;62220000;CompteLib_0020;;;22A100;20220111;EcritureLib_0088;20221114;15,13;0,00;D;BQ/98;;
BQ;Banque BQ;BQ/98;20220111;51200000;CompteLib_0002;;;22A100;20220111;EcritureLib_0088;20221114;0,00;18,16;C;BQ/98;;
BQ;Banque BQ;BQ/99;20220111;70999999;CompteLib_0001;;;22A99;20220111;EcritureLib_0089;20221114;0,00;300,35;C;BQ/99;;
BQ;Banque BQ;BQ/99;20220111;51200000;CompteLib_0002;;;22A99;20220111;EcritureLib_0089;20221114;300,35;0,00;D;BQ/99;;
BQ;Banque BQ;BQ/100;20220111;70999999;CompteLib_0001;;;22A103;20220111;EcritureLib_0090;20221114;0,00;207,50;C;BQ/100;;
BQ;Banque BQ;BQ/100;20220111;51200000;CompteLib_0002;;;22A103;20220111;EcritureLib_0090;20221114;207,50;0,00;D;BQ/100;;
BQ;Banque BQ;BQ/101;20220111;44566100;CompteLib_0005;;;22A102;20220111;EcritureLib_0090;20221114;2,22;0,00;D;BQ/101;;
BQ;Banque BQ;BQ/101;20220111;62220000;CompteLib_0020;;;22A102;20220111;EcritureLib_0090;20221114;11,10;0,00;D;BQ/101;;
BQ;Banque BQ;BQ/101;20220111;51200000;CompteLib_0002;;;22A102;20220111;EcritureLib_0090;20221114;0,00;13,32;C;BQ/101;;
BQ;Banque BQ;BQ/102;20220111;44566100;CompteLib_0005;;;22A98;20220111;EcritureLib_0089;20221114;3,21;0,00;D;BQ/102;;
BQ;Banque BQ;BQ/102;20220111;62220000;CompteLib_0020;;;22A98;20220111;EcritureLib_0089;20221114;16,06;0,00;D;BQ/102;;
BQ;Banque BQ;BQ/102;20220111;51200000;CompteLib_0002;;;22A98;20220111;EcritureLib_0089;20221114;0,00;19,27;C;BQ/102;;
BQ;Banque BQ;BQ/103;20220111;70999999;CompteLib_0001;;;22A106;20220111;EcritureLib_0091;20221114;0,00;276,10;C;BQ/103;;
BQ;Banque BQ;BQ/103;20220111;51200000;CompteLib_0002;;;22A106;20220111;EcritureLib_0091;20221114;276,10;0,00;D;BQ/103;;
BQ;Banque BQ;BQ/104;20220111;44566100;CompteLib_0005;;;22A105;20220111;EcritureLib_0091;20221114;2,76;0,00;D;BQ/104;;
BQ;Banque BQ;BQ/104;20220111;62220000;CompteLib_0020;;;22A105;20220111;EcritureLib_0091;20221114;13,82;0,00;D;BQ/104;;
BQ;Banque BQ;BQ/104;20220111;51200000;CompteLib_0002;;;22A105;20220111;EcritureLib_0091;20221114;0,00;16,58;C;BQ/104;;
BQ;Banque BQ;BQ/105;20220111;44566100;CompteLib_0005;;;22A104;20220111;EcritureLib_0092;20221114;53,60;0,00;D;BQ/105;;
BQ;Banque BQ;BQ/105;20220111;61350000;CompteLib_0023;;;22A104;20220111;EcritureLib_0092;20221114;268,00;0,00;D;BQ/105;;
BQ;Banque BQ;BQ/105;20220111;51200000;CompteLib_0002;;;22A104;20220111;EcritureLib_0092;20221114;0,00;321,60;C;BQ/105;;
BQ;Banque BQ;BQ/106;20220111;70999999;CompteLib_0001;;;22A101;20220111;EcritureLib_0088;20221114;0,00;277,00;C;BQ/106;;
BQ;Banque BQ;BQ/106;20220111;51200000;CompteLib_0002;;;22A101;20220111;EcritureLib_0088;20221114;277,00;0,00;D;BQ/106;;
BQ;Banque BQ;BQ/107;20220112;44571800;CompteLib_0024;;;22A111;20220112;EcritureLib_0093;20221114;0,00;123,55;C;BQ/107;;
BQ;Banque BQ;BQ/107;20220112;70180000;CompteLib_0025;;;22A111;20220112;EcritureLib_0093;20221114;0,00;1235,45;C;BQ/107;;
BQ;Banque BQ;BQ/107;20220112;51200000;CompteLib_0002;;;22A111;20220112;EcritureLib_0093;20221114;1359,00;0,00;D;BQ/107;;
BQ;Banque BQ;BQ/108;20220112;70999999;CompteLib_0001;;;22A113;20220112;EcritureLib_0094;20221114;0,00;69,71;C;BQ/108;;
BQ;Banque BQ;BQ/108;20220112;51200000;CompteLib_0002;;;22A113;20220112;EcritureLib_0094;20221114;69,71;0,00;D;BQ/108;;
BQ;Banque BQ;BQ/109;20220112;62700000;CompteLib_0007;;;22A107;20220112;EcritureLib_0095;20221114;0,35;0,00;D;BQ/109;;
BQ;Banque BQ;BQ/109;20220112;51200000;CompteLib_0002;;;22A107;20220112;EcritureLib_0095;20221114;0,00;0,35;C;BQ/109;;
BQ;Banque BQ;BQ/110;20220112;62700000;CompteLib_0007;;;22A108;20220112;EcritureLib_0096;20221114;1,41;0,00;D;BQ/110;;
BQ;Banque BQ;BQ/110;20220112;51200000;CompteLib_0002;;;22A108;20220112;EcritureLib_0096;20221114;0,00;1,41;C;BQ/110;;
BQ;Banque BQ;BQ/111;20220112;70999999;CompteLib_0001;;;22A109;20220112;EcritureLib_0097;20221114;0,00;53,10;C;BQ/111;;
BQ;Banque BQ;BQ/111;20220112;51200000;CompteLib_0002;;;22A109;20220112;EcritureLib_0097;20221114;53,10;0,00;D;BQ/111;;
BQ;Banque BQ;BQ/112;20220112;70999999;CompteLib_0001;;;22A110;20220112;EcritureLib_0098;20221114;0,00;209,00;C;BQ/112;;
BQ;Banque BQ;BQ/112;20220112;51200000;CompteLib_0002;;;22A110;20220112;EcritureLib_0098;20221114;209,00;0,00;D;BQ/112;;
BQ;Banque BQ;BQ/113;20220112;70999999;CompteLib_0001;;;22A112;20220112;EcritureLib_0099;20221114;0,00;36,20;C;BQ/113;;
BQ;Banque BQ;BQ/113;20220112;51200000;CompteLib_0002;;;22A112;20220112;EcritureLib_0099;20221114;36,20;0,00;D;BQ/113;;
BQ;Banque BQ;BQ/114;20220113;61600000;CompteLib_0021;;;22A116;20220113;EcritureLib_0100;20221114;13,63;0,00;D;BQ/114;;
BQ;Banque BQ;BQ/114;20220113;51200000;CompteLib_0002;;;22A116;20220113;EcritureLib_0100;20221114;0,00;13,63;C;BQ/114;;
BQ;Banque BQ;BQ/115;20220113;70999999;CompteLib_0001;;;22A125;20220113;EcritureLib_0101;20221114;0,00;125,70;C;BQ/115;;
BQ;Banque BQ;BQ/115;20220113;51200000;CompteLib_0002;;;22A125;20220113;EcritureLib_0101;20221114;125,70;0,00;D;BQ/115;;
BQ;Banque BQ;BQ/116;20220113;70999999;CompteLib_0001;;;22A126;20220113;EcritureLib_0102;20221114;0,00;36,56;C;BQ/116;;
BQ;Banque BQ;BQ/116;20220113;51200000;CompteLib_0002;;;22A126;20220113;EcritureLib_0102;20221114;36,56;0,00;D;BQ/116;;
BQ;Banque BQ;BQ/117;20220113;70999999;CompteLib_0001;;;22A122;20220113;EcritureLib_0103;20221114;0,00;104,00;C;BQ/117;;
BQ;Banque BQ;BQ/117;20220113;51200000;CompteLib_0002;;;22A122;20220113;EcritureLib_0103;20221114;104,00;0,00;D;BQ/117;;
BQ;Banque BQ;BQ/118;20220113;70999999;CompteLib_0001;;;22A123;20220113;EcritureLib_0104;20221114;0,00;222,61;C;BQ/118;;
BQ;Banque BQ;BQ/118;20220113;51200000;CompteLib_0002;;;22A123;20220113;EcritureLib_0104;20221114;222,61;0,00;D;BQ/118;;
BQ;Banque BQ;BQ/119;20220113;44566100;CompteLib_0005;;;22A124;20220113;EcritureLib_0101;20221114;1,59;0,00;D;BQ/119;;
BQ;Banque BQ;BQ/119;20220113;62220000;CompteLib_0020;;;22A124;20220113;EcritureLib_0101;20221114;7,92;0,00;D;BQ/119;;
BQ;Banque BQ;BQ/119;20220113;51200000;CompteLib_0002;;;22A124;20220113;EcritureLib_0101;20221114;0,00;9,51;C;BQ/119;;
BQ;Banque BQ;BQ/120;20220113;62700000;CompteLib_0007;;;22A115;20220113;EcritureLib_0105;20221114;1,44;0,00;D;BQ/120;;
BQ;Banque BQ;BQ/120;20220113;51200000;CompteLib_0002;;;22A115;20220113;EcritureLib_0105;20221114;0,00;1,44;C;BQ/120;;
BQ;Banque BQ;BQ/121;20220113;62700000;CompteLib_0007;;;22A114;20220113;EcritureLib_0106;20221114;1,13;0,00;D;BQ/121;;
BQ;Banque BQ;BQ/121;20220113;51200000;CompteLib_0002;;;22A114;20220113;EcritureLib_0106;20221114;0,00;1,13;C;BQ/121;;
BQ;Banque BQ;BQ/122;20220113;61600000;CompteLib_0021;;;22A117;20220113;EcritureLib_0107;20221114;20,35;0,00;D;BQ/122;;
BQ;Banque BQ;BQ/122;20220113;51200000;CompteLib_0002;;;22A117;20220113;EcritureLib_0107;20221114;0,00;20,35;C;BQ/122;;
BQ;Banque BQ;BQ/123;20220113;64660100;CompteLib_0026;;;22A118;20220113;EcritureLib_0108;20221114;36,91;0,00;D;BQ/123;;
BQ;Banque BQ;BQ/123;20220113;51200000;CompteLib_0002;;;22A118;20220113;EcritureLib_0108;20221114;0,00;36,91;C;BQ/123;;
BQ;Banque BQ;BQ/124;20220113;64660100;CompteLib_0026;;;22A119;20220113;EcritureLib_0109;20221114;36,91;0,00;D;BQ/124;;
BQ;Banque BQ;BQ/124;20220113;51200000;CompteLib_0002;;;22A119;20220113;EcritureLib_0109;20221114;0,00;36,91;C;BQ/124;;
BQ;Banque BQ;BQ/125;20220113;61600000;CompteLib_0021;;;22A120;20220113;EcritureLib_0110;20221114;13,63;0,00;D;BQ/125;;
BQ;Banque BQ;BQ/125;20220113;51200000;CompteLib_0002;;;22A120;20220113;EcritureLib_0110;20221114;0,00;13,63;C;BQ/125;;
BQ;Banque BQ;BQ/126;20220113;61600000;CompteLib_0021;;;22A121;20220113;EcritureLib_0111;20221114;20,35;0,00;D;BQ/126;;
BQ;Banque BQ;BQ/126;20220113;51200000;CompteLib_0002;;;22A121;20220113;EcritureLib_0111;20221114;0,00;20,35;C;BQ/126;;
BQ;Banque BQ;BQ/127;20220114;62700000;CompteLib_0007;;;22A127;20220114;EcritureLib_0112;20221114;1,53;0,00;D;BQ/127;;
BQ;Banque BQ;BQ/127;20220114;51200000;CompteLib_0002;;;22A127;20220114;EcritureLib_0112;20221114;0,00;1,53;C;BQ/127;;
BQ;Banque BQ;BQ/128;20220114;62700000;CompteLib_0007;;;22A128;20220114;EcritureLib_0113;20221114;1,28;0,00;D;BQ/128;;
BQ;Banque BQ;BQ/128;20220114;51200000;CompteLib_0002;;;22A128;20220114;EcritureLib_0113;20221114;0,00;1,28;C;BQ/128;;
BQ;Banque BQ;BQ/129;20220114;70999999;CompteLib_0001;;;22A129;20220114;EcritureLib_0114;20221114;0,00;206,90;C;BQ/129;;
BQ;Banque BQ;BQ/129;20220114;51200000;CompteLib_0002;;;22A129;20220114;EcritureLib_0114;20221114;206,90;0,00;D;BQ/129;;
BQ;Banque BQ;BQ/130;20220114;70999999;CompteLib_0001;;;22A130;20220114;EcritureLib_0115;20221114;0,00;196,65;C;BQ/130;;
BQ;Banque BQ;BQ/130;20220114;51200000;CompteLib_0002;;;22A130;20220114;EcritureLib_0115;20221114;196,65;0,00;D;BQ/130;;
BQ;Banque BQ;BQ/131;20220114;70999999;CompteLib_0001;;;22A131;20220114;EcritureLib_0116;20221114;0,00;470,00;C;BQ/131;;
BQ;Banque BQ;BQ/131;20220114;51200000;CompteLib_0002;;;22A131;20220114;EcritureLib_0116;20221114;470,00;0,00;D;BQ/131;;
BQ;Banque BQ;BQ/132;20220114;44571800;CompteLib_0024;;;22A132;20220114;EcritureLib_0117;20221114;0,00;26,73;C;BQ/132;;
BQ;Banque BQ;BQ/132;20220114;70180000;CompteLib_0025;;;22A132;20220114;EcritureLib_0117;20221114;0,00;267,27;C;BQ/132;;
BQ;Banque BQ;BQ/132;20220114;51200000;CompteLib_0002;;;22A132;20220114;EcritureLib_0117;20221114;294,00;0,00;D;BQ/132;;
BQ;Banque BQ;BQ/133;20220115;70999999;CompteLib_0001;;;22A136;20220115;EcritureLib_0118;20221114;0,00;102,70;C;BQ/133;;
BQ;Banque BQ;BQ/133;20220115;51200000;CompteLib_0002;;;22A136;20220115;EcritureLib_0118;20221114;102,70;0,00;D;BQ/133;;
BQ;Banque BQ;BQ/134;20220115;70999999;CompteLib_0001;;;22A137;20220115;EcritureLib_0119;20221114;0,00;94,60;C;BQ/134;;
BQ;Banque BQ;BQ/134;20220115;51200000;CompteLib_0002;;;22A137;20220115;EcritureLib_0119;20221114;94,60;0,00;D;BQ/134;;
BQ;Banque BQ;BQ/135;20220115;70999999;CompteLib_0001;;;22A138;20220115;EcritureLib_0120;20221114;0,00;292,90;C;BQ/135;;
BQ;Banque BQ;BQ/135;20220115;51200000;CompteLib_0002;;;22A138;20220115;EcritureLib_0120;20221114;292,90;0,00;D;BQ/135;;
BQ;Banque BQ;BQ/136;20220115;62700000;CompteLib_0007;;;22A133;20220115;EcritureLib_0121;20221114;0,67;0,00;D;BQ/136;;
BQ;Banque BQ;BQ/136;20220115;51200000;CompteLib_0002;;;22A133;20220115;EcritureLib_0121;20221114;0,00;0,67;C;BQ/136;;
BQ;Banque BQ;BQ/137;20220115;62700000;CompteLib_0007;;;22A134;20220115;EcritureLib_0122;20221114;0,62;0,00;D;BQ/137;;
BQ;Banque BQ;BQ/137;20220115;51200000;CompteLib_0002;;;22A134;20220115;EcritureLib_0122;20221114;0,00;0,62;C;BQ/137;;
BQ;Banque BQ;BQ/138;20220115;62700000;CompteLib_0007;;;22A135;20220115;EcritureLib_0123;20221114;2,18;0,00;D;BQ/138;;
BQ;Banque BQ;BQ/138;20220115;51200000;CompteLib_0002;;;22A135;20220115;EcritureLib_0123;20221114;0,00;2,18;C;BQ/138;;
BQ;Banque BQ;BQ/139;20220117;62700000;CompteLib_0007;;;22A140;20220117;EcritureLib_0124;20221114;3,04;0,00;D;BQ/139;;
BQ;Banque BQ;BQ/139;20220117;51200000;CompteLib_0002;;;22A140;20220117;EcritureLib_0124;20221114;0,00;3,04;C;BQ/139;;
BQ;Banque BQ;BQ/140;20220117;62700000;CompteLib_0007;;;22A139;20220117;EcritureLib_0125;20221114;3,98;0,00;D;BQ/140;;
BQ;Banque BQ;BQ/140;20220117;51200000;CompteLib_0002;;;22A139;20220117;EcritureLib_0125;20221114;0,00;3,98;C;BQ/140;;
BQ;Banque BQ;BQ/141;20220117;70999999;CompteLib_0001;;;22A141;20220117;EcritureLib_0126;20221114;0,00;611,55;C;BQ/141;;
BQ;Banque BQ;BQ/141;20220117;51200000;CompteLib_0002;;;22A141;20220117;EcritureLib_0126;20221114;611,55;0,00;D;BQ/141;;
BQ;Banque BQ;BQ/142;20220117;44566100;CompteLib_0005;;;22A143;20220117;EcritureLib_0127;20221114;17,20;0,00;D;BQ/142;;
BQ;Banque BQ;BQ/142;20220117;61100000;CompteLib_0011;;;22A143;20220117;EcritureLib_0127;20221114;86,00;0,00;D;BQ/142;;
BQ;Banque BQ;BQ/142;20220117;51200000;CompteLib_0002;;;22A143;20220117;EcritureLib_0127;20221114;0,00;103,20;C;BQ/142;;
BQ;Banque BQ;BQ/143;20220117;70999999;CompteLib_0001;;;22A142;20220117;EcritureLib_0128;20221114;0,00;462,51;C;BQ/143;;
BQ;Banque BQ;BQ/143;20220117;51200000;CompteLib_0002;;;22A142;20220117;EcritureLib_0128;20221114;462,51;0,00;D;BQ/143;;
BQ;Banque BQ;BQ/144;20220118;70999999;CompteLib_0001;;;22A145;20220118;EcritureLib_0129;20221114;0,00;95,75;C;BQ/144;;
BQ;Banque BQ;BQ/144;20220118;51200000;CompteLib_0002;;;22A145;20220118;EcritureLib_0129;20221114;95,75;0,00;D;BQ/144;;
BQ;Banque BQ;BQ/145;20220118;64500000;CompteLib_0019;;;22A144;20220118;EcritureLib_0130;20221114;204,00;0,00;D;BQ/145;;
BQ;Banque BQ;BQ/145;20220118;51200000;CompteLib_0002;;;22A144;20220118;EcritureLib_0130;20221114;0,00;204,00;C;BQ/145;;
BQ;Banque BQ;BQ/146;20220119;44566100;CompteLib_0005;;;22A148;20220119;EcritureLib_0131;20221114;5,98;0,00;D;BQ/146;;
BQ;Banque BQ;BQ/146;20220119;61350000;CompteLib_0023;;;22A148;20220119;EcritureLib_0131;20221114;29,90;0,00;D;BQ/146;;
BQ;Banque BQ;BQ/146;20220119;51200000;CompteLib_0002;;;22A148;20220119;EcritureLib_0131;20221114;0,00;35,88;C;BQ/146;;
BQ;Banque BQ;BQ/147;20220119;70999999;CompteLib_0001;;;22A150;20220119;EcritureLib_0132;20221114;0,00;262,40;C;BQ/147;;
BQ;Banque BQ;BQ/147;20220119;51200000;CompteLib_0002;;;22A150;20220119;EcritureLib_0132;20221114;262,40;0,00;D;BQ/147;;
BQ;Banque BQ;BQ/148;20220119;70999999;CompteLib_0001;;;22A149;20220119;EcritureLib_0133;20221114;0,00;85,10;C;BQ/148;;
BQ;Banque BQ;BQ/148;20220119;51200000;CompteLib_0002;;;22A149;20220119;EcritureLib_0133;20221114;85,10;0,00;D;BQ/148;;
BQ;Banque BQ;BQ/149;20220119;70999999;CompteLib_0001;;;22A151;20220119;EcritureLib_0134;20221114;0,00;35,52;C;BQ/149;;
BQ;Banque BQ;BQ/149;20220119;51200000;CompteLib_0002;;;22A151;20220119;EcritureLib_0134;20221114;35,52;0,00;D;BQ/149;;
BQ;Banque BQ;BQ/150;20220119;62700000;CompteLib_0007;;;22A146;20220119;EcritureLib_0135;20221114;0,55;0,00;D;BQ/150;;
BQ;Banque BQ;BQ/150;20220119;51200000;CompteLib_0002;;;22A146;20220119;EcritureLib_0135;20221114;0,00;0,55;C;BQ/150;;
BQ;Banque BQ;BQ/151;20220119;62700000;CompteLib_0007;;;22A147;20220119;EcritureLib_0136;20221114;1,72;0,00;D;BQ/151;;
BQ;Banque BQ;BQ/151;20220119;51200000;CompteLib_0002;;;22A147;20220119;EcritureLib_0136;20221114;0,00;1,72;C;BQ/151;;
BQ;Banque BQ;BQ/152;20220119;45520000;CompteLib_0027;;;22A152;20220119;EcritureLib_0137;20221114;60,00;0,00;D;BQ/152;;
BQ;Banque BQ;BQ/152;20220119;51200000;CompteLib_0002;;;22A152;20220119;EcritureLib_0137;20221114;0,00;60,00;C;BQ/152;;
BQ;Banque BQ;BQ/153;20220119;44566100;CompteLib_0005;;;22A154;20220119;EcritureLib_0138;20221114;5,16;0,00;D;BQ/153;;
BQ;Banque BQ;BQ/153;20220119;60100000;CompteLib_0008;;;22A154;20220119;EcritureLib_0138;20221114;93,86;0,00;D;BQ/153;;
BQ;Banque BQ;BQ/153;20220119;51200000;CompteLib_0002;;;22A154;20220119;EcritureLib_0138;20221114;0,00;99,02;C;BQ/153;;
BQ;Banque BQ;BQ/154;20220119;44566100;CompteLib_0005;;;22A153;20220119;EcritureLib_0137;20221114;5,00;0,00;D;BQ/154;;
BQ;Banque BQ;BQ/154;20220119;62530000;CompteLib_0013;;;22A153;20220119;EcritureLib_0137;20221114;49,98;0,00;D;BQ/154;;
BQ;Banque BQ;BQ/154;20220119;51200000;CompteLib_0002;;;22A153;20220119;EcritureLib_0137;20221114;0,00;54,98;C;BQ/154;;
BQ;Banque BQ;BQ/155;20220120;70999999;CompteLib_0001;;;22A161;20220120;EcritureLib_0139;20221114;0,00;36,20;C;BQ/155;;
BQ;Banque BQ;BQ/155;20220120;51200000;CompteLib_0002;;;22A161;20220120;EcritureLib_0139;20221114;36,20;0,00;D;BQ/155;;
BQ;Banque BQ;BQ/156;20220120;62700000;CompteLib_0007;;;22A155;20220120;EcritureLib_0140;20221114;0,83;0,00;D;BQ/156;;
BQ;Banque BQ;BQ/156;20220120;51200000;CompteLib_0002;;;22A155;20220120;EcritureLib_0140;20221114;0,00;0,83;C;BQ/156;;
BQ;Banque BQ;BQ/157;20220120;62700000;CompteLib_0007;;;22A156;20220120;EcritureLib_0141;20221114;0,60;0,00;D;BQ/157;;
BQ;Banque BQ;BQ/157;20220120;51200000;CompteLib_0002;;;22A156;20220120;EcritureLib_0141;20221114;0,00;0,60;C;BQ/157;;
BQ;Banque BQ;BQ/158;20220120;70999999;CompteLib_0001;;;22A157;20220120;EcritureLib_0142;20221114;0,00;128,40;C;BQ/158;;
BQ;Banque BQ;BQ/158;20220120;51200000;CompteLib_0002;;;22A157;20220120;EcritureLib_0142;20221114;128,40;0,00;D;BQ/158;;
BQ;Banque BQ;BQ/159;20220120;70999999;CompteLib_0001;;;22A158;20220120;EcritureLib_0143;20221114;0,00;91,90;C;BQ/159;;
BQ;Banque BQ;BQ/159;20220120;51200000;CompteLib_0002;;;22A158;20220120;EcritureLib_0143;20221114;91,90;0,00;D;BQ/159;;
BQ;Banque BQ;BQ/160;20220120;44566100;CompteLib_0005;;;22A159;20220120;EcritureLib_0144;20221114;63,03;0,00;D;BQ/160;;
BQ;Banque BQ;BQ/160;20220120;60100000;CompteLib_0008;;;22A159;20220120;EcritureLib_0144;20221114;1145,95;0,00;D;BQ/160;;
BQ;Banque BQ;BQ/160;20220120;51200000;CompteLib_0002;;;22A159;20220120;EcritureLib_0144;20221114;0,00;1208,98;C;BQ/160;;
BQ;Banque BQ;BQ/161;20220120;70999999;CompteLib_0001;;;22A160;20220120;EcritureLib_0145;20221114;0,00;115,28;C;BQ/161;;
BQ;Banque BQ;BQ/161;20220120;51200000;CompteLib_0002;;;22A160;20220120;EcritureLib_0145;20221114;115,28;0,00;D;BQ/161;;
BQ;Banque BQ;BQ/162;20220120;70999999;CompteLib_0001;;;22A162;20220120;EcritureLib_0146;20221114;0,00;3,11;C;BQ/162;;
BQ;Banque BQ;BQ/162;20220120;51200000;CompteLib_0002;;;22A162;20220120;EcritureLib_0146;20221114;3,11;0,00;D;BQ/162;;
BQ;Banque BQ;BQ/163;20220121;62700000;CompteLib_0007;;;22A164;20220121;EcritureLib_0147;20221114;1,39;0,00;D;BQ/163;;
BQ;Banque BQ;BQ/163;20220121;51200000;CompteLib_0002;;;22A164;20220121;EcritureLib_0147;20221114;0,00;1,39;C;BQ/163;;
BQ;Banque BQ;BQ/164;20220121;70999999;CompteLib_0001;;;22A165;20220121;EcritureLib_0148;20221114;0,00;94,40;C;BQ/164;;
BQ;Banque BQ;BQ/164;20220121;51200000;CompteLib_0002;;;22A165;20220121;EcritureLib_0148;20221114;94,40;0,00;D;BQ/164;;
BQ;Banque BQ;BQ/165;20220121;70999999;CompteLib_0001;;;22A166;20220121;EcritureLib_0149;20221114;0,00;213,53;C;BQ/165;;
BQ;Banque BQ;BQ/165;20220121;51200000;CompteLib_0002;;;22A166;20220121;EcritureLib_0149;20221114;213,53;0,00;D;BQ/165;;
BQ;Banque BQ;BQ/166;20220121;62700000;CompteLib_0007;;;22A163;20220121;EcritureLib_0150;20221114;0,62;0,00;D;BQ/166;;
BQ;Banque BQ;BQ/166;20220121;51200000;CompteLib_0002;;;22A163;20220121;EcritureLib_0150;20221114;0,00;0,62;C;BQ/166;;
BQ;Banque BQ;BQ/167;20220122;62700000;CompteLib_0007;;;22A168;20220122;EcritureLib_0151;20221114;1,84;0,00;D;BQ/167;;
BQ;Banque BQ;BQ/167;20220122;51200000;CompteLib_0002;;;22A168;20220122;EcritureLib_0151;20221114;0,00;1,84;C;BQ/167;;
BQ;Banque BQ;BQ/168;20220122;62700000;CompteLib_0007;;;22A169;20220122;EcritureLib_0152;20221114;1,19;0,00;D;BQ/168;;
BQ;Banque BQ;BQ/168;20220122;51200000;CompteLib_0002;;;22A169;20220122;EcritureLib_0152;20221114;0,00;1,19;C;BQ/168;;
BQ;Banque BQ;BQ/169;20220122;70999999;CompteLib_0001;;;22A170;20220122;EcritureLib_0153;20221114;0,00;110,60;C;BQ/169;;
BQ;Banque BQ;BQ/169;20220122;51200000;CompteLib_0002;;;22A170;20220122;EcritureLib_0153;20221114;110,60;0,00;D;BQ/169;;
BQ;Banque BQ;BQ/170;20220122;70999999;CompteLib_0001;;;22A172;20220122;EcritureLib_0154;20221114;0,00;185,00;C;BQ/170;;
BQ;Banque BQ;BQ/170;20220122;51200000;CompteLib_0002;;;22A172;20220122;EcritureLib_0154;20221114;185,00;0,00;D;BQ/170;;
BQ;Banque BQ;BQ/171;20220122;70999999;CompteLib_0001;;;22A171;20220122;EcritureLib_0155;20221114;0,00;283,45;C;BQ/171;;
BQ;Banque BQ;BQ/171;20220122;51200000;CompteLib_0002;;;22A171;20220122;EcritureLib_0155;20221114;283,45;0,00;D;BQ/171;;
BQ;Banque BQ;BQ/172;20220122;62700000;CompteLib_0007;;;22A167;20220122;EcritureLib_0156;20221114;0,72;0,00;D;BQ/172;;
BQ;Banque BQ;BQ/172;20220122;51200000;CompteLib_0002;;;22A167;20220122;EcritureLib_0156;20221114;0,00;0,72;C;BQ/172;;
BQ;Banque BQ;BQ/173;20220124;62700000;CompteLib_0007;;;22A175;20220124;EcritureLib_0157;20221114;1,52;0,00;D;BQ/173;;
BQ;Banque BQ;BQ/173;20220124;51200000;CompteLib_0002;;;22A175;20220124;EcritureLib_0157;20221114;0,00;1,52;C;BQ/173;;
BQ;Banque BQ;BQ/174;20220124;44566100;CompteLib_0005;;;22A177;20220124;EcritureLib_0158;20221114;5,20;0,00;D;BQ/174;;
BQ;Banque BQ;BQ/174;20220124;61350000;CompteLib_0023;;;22A177;20220124;EcritureLib_0158;20221114;26,00;0,00;D;BQ/174;;
BQ;Banque BQ;BQ/174;20220124;51200000;CompteLib_0002;;;22A177;20220124;EcritureLib_0158;20221114;0,00;31,20;C;BQ/174;;
BQ;Banque BQ;BQ/175;20220124;70999999;CompteLib_0001;;;22A174;20220124;EcritureLib_0159;20221114;0,00;534,03;C;BQ/175;;
BQ;Banque BQ;BQ/175;20220124;51200000;CompteLib_0002;;;22A174;20220124;EcritureLib_0159;20221114;534,03;0,00;D;BQ/175;;
BQ;Banque BQ;BQ/176;20220124;70999999;CompteLib_0001;;;22A173;20220124;EcritureLib_0160;20221114;0,00;235,72;C;BQ/176;;
BQ;Banque BQ;BQ/176;20220124;51200000;CompteLib_0002;;;22A173;20220124;EcritureLib_0160;20221114;235,72;0,00;D;BQ/176;;
BQ;Banque BQ;BQ/177;20220124;62700000;CompteLib_0007;;;22A176;20220124;EcritureLib_0161;20221114;3,70;0,00;D;BQ/177;;
BQ;Banque BQ;BQ/177;20220124;51200000;CompteLib_0002;;;22A176;20220124;EcritureLib_0161;20221114;0,00;3,70;C;BQ/177;;
BQ;Banque BQ;BQ/178;20220125;70999999;CompteLib_0001;;;22A180;20220125;EcritureLib_0162;20221114;0,00;73,63;C;BQ/178;;
BQ;Banque BQ;BQ/178;20220125;51200000;CompteLib_0002;;;22A180;20220125;EcritureLib_0162;20221114;73,63;0,00;D;BQ/178;;
BQ;Banque BQ;BQ/179;20220125;44566100;CompteLib_0005;;;22A178;20220125;EcritureLib_0163;20221114;17,40;0,00;D;BQ/179;;
BQ;Banque BQ;BQ/179;20220125;62600000;CompteLib_0028;;;22A178;20220125;EcritureLib_0163;20221114;87,00;0,00;D;BQ/179;;
BQ;Banque BQ;BQ/179;20220125;51200000;CompteLib_0002;;;22A178;20220125;EcritureLib_0163;20221114;0,00;104,40;C;BQ/179;;
BQ;Banque BQ;BQ/180;20220125;64500000;CompteLib_0019;;;22A179;20220125;EcritureLib_0164;20221114;87,88;0,00;D;BQ/180;;
BQ;Banque BQ;BQ/180;20220125;51200000;CompteLib_0002;;;22A179;20220125;EcritureLib_0164;20221114;0,00;87,88;C;BQ/180;;
BQ;Banque BQ;BQ/181;20220126;44571800;CompteLib_0024;;;22A187;20220126;EcritureLib_0165;20221114;0,00;5,89;C;BQ/181;;
BQ;Banque BQ;BQ/181;20220126;70180000;CompteLib_0025;;;22A187;20220126;EcritureLib_0165;20221114;0,00;58,91;C;BQ/181;;
BQ;Banque BQ;BQ/181;20220126;51200000;CompteLib_0002;;;22A187;20220126;EcritureLib_0165;20221114;64,80;0,00;D;BQ/181;;
BQ;Banque BQ;BQ/182;20220126;44566100;CompteLib_0005;;;22A189;20220126;EcritureLib_0166;20221114;2,10;0,00;D;BQ/182;;
BQ;Banque BQ;BQ/182;20220126;60100000;CompteLib_0008;;;22A189;20220126;EcritureLib_0166;20221114;38,10;0,00;D;BQ/182;;
BQ;Banque BQ;BQ/182;20220126;51200000;CompteLib_0002;;;22A189;20220126;EcritureLib_0166;20221114;0,00;40,20;C;BQ/182;;
BQ;Banque BQ;BQ/183;20220126;44566100;CompteLib_0005;;;22A190;20220126;EcritureLib_0166;20221114;1,04;0,00;D;BQ/183;;
BQ;Banque BQ;BQ/183;20220126;60100000;CompteLib_0008;;;22A190;20220126;EcritureLib_0166;20221114;18,96;0,00;D;BQ/183;;
BQ;Banque BQ;BQ/183;20220126;51200000;CompteLib_0002;;;22A190;20220126;EcritureLib_0166;20221114;0,00;20,00;C;BQ/183;;
BQ;Banque BQ;BQ/184;20220126;44566100;CompteLib_0005;;;22A191;20220126;EcritureLib_0166;20221114;0,93;0,00;D;BQ/184;;
BQ;Banque BQ;BQ/184;20220126;60100000;CompteLib_0008;;;22A191;20220126;EcritureLib_0166;20221114;16,89;0,00;D;BQ/184;;
BQ;Banque BQ;BQ/184;20220126;51200000;CompteLib_0002;;;22A191;20220126;EcritureLib_0166;20221114;0,00;17,82;C;BQ/184;;
BQ;Banque BQ;BQ/185;20220126;44566100;CompteLib_0005;;;22A181;20220126;EcritureLib_0167;20221114;17,00;0,00;D;BQ/185;;
BQ;Banque BQ;BQ/185;20220126;65100000;CompteLib_0029;;;22A181;20220126;EcritureLib_0167;20221114;84,98;0,00;D;BQ/185;;
BQ;Banque BQ;BQ/185;20220126;51200000;CompteLib_0002;;;22A181;20220126;EcritureLib_0167;20221114;0,00;101,98;C;BQ/185;;
BQ;Banque BQ;BQ/186;20220126;44566100;CompteLib_0005;;;22A182;20220126;EcritureLib_0168;20221114;7,42;0,00;D;BQ/186;;
BQ;Banque BQ;BQ/186;20220126;65100000;CompteLib_0029;;;22A182;20220126;EcritureLib_0168;20221114;37,09;0,00;D;BQ/186;;
BQ;Banque BQ;BQ/186;20220126;51200000;CompteLib_0002;;;22A182;20220126;EcritureLib_0168;20221114;0,00;44,51;C;BQ/186;;
BQ;Banque BQ;BQ/187;20220126;62700000;CompteLib_0007;;;22A183;20220126;EcritureLib_0169;20221114;1,54;0,00;D;BQ/187;;
BQ;Banque BQ;BQ/187;20220126;51200000;CompteLib_0002;;;22A183;20220126;EcritureLib_0169;20221114;0,00;1,54;C;BQ/187;;
BQ;Banque BQ;BQ/188;20220126;62700000;CompteLib_0007;;;22A184;20220126;EcritureLib_0170;20221114;1,42;0,00;D;BQ/188;;
BQ;Banque BQ;BQ/188;20220126;51200000;CompteLib_0002;;;22A184;20220126;EcritureLib_0170;20221114;0,00;1,42;C;BQ/188;;
BQ;Banque BQ;BQ/189;20220126;70999999;CompteLib_0001;;;22A185;20220126;EcritureLib_0171;20221114;0,00;211,40;C;BQ/189;;
BQ;Banque BQ;BQ/189;20220126;51200000;CompteLib_0002;;;22A185;20220126;EcritureLib_0171;20221114;211,40;0,00;D;BQ/189;;
BQ;Banque BQ;BQ/190;20220126;70999999;CompteLib_0001;;;22A186;20220126;EcritureLib_0172;20221114;0,00;218,00;C;BQ/190;;
BQ;Banque BQ;BQ/190;20220126;51200000;CompteLib_0002;;;22A186;20220126;EcritureLib_0172;20221114;218,00;0,00;D;BQ/190;;
BQ;Banque BQ;BQ/191;20220126;70999999;CompteLib_0001;;;22A188;20220126;EcritureLib_0173;20221114;0,00;73,31;C;BQ/191;;
BQ;Banque BQ;BQ/191;20220126;51200000;CompteLib_0002;;;22A188;20220126;EcritureLib_0173;20221114;73,31;0,00;D;BQ/191;;
BQ;Banque BQ;BQ/192;20220127;70999999;CompteLib_0001;;;22A196;20220127;EcritureLib_0174;20221114;0,00;127,94;C;BQ/192;;
BQ;Banque BQ;BQ/192;20220127;51200000;CompteLib_0002;;;22A196;20220127;EcritureLib_0174;20221114;127,94;0,00;D;BQ/192;;
BQ;Banque BQ;BQ/193;20220127;70999999;CompteLib_0001;;;22A197;20220127;EcritureLib_0175;20221114;0,00;40,77;C;BQ/193;;
BQ;Banque BQ;BQ/193;20220127;51200000;CompteLib_0002;;;22A197;20220127;EcritureLib_0175;20221114;40,77;0,00;D;BQ/193;;
BQ;Banque BQ;BQ/194;20220127;62700000;CompteLib_0007;;;22A193;20220127;EcritureLib_0176;20221114;1,29;0,00;D;BQ/194;;
BQ;Banque BQ;BQ/194;20220127;51200000;CompteLib_0002;;;22A193;20220127;EcritureLib_0176;20221114;0,00;1,29;C;BQ/194;;
BQ;Banque BQ;BQ/195;20220127;70999999;CompteLib_0001;;;22A194;20220127;EcritureLib_0177;20221114;0,00;129,30;C;BQ/195;;
BQ;Banque BQ;BQ/195;20220127;51200000;CompteLib_0002;;;22A194;20220127;EcritureLib_0177;20221114;129,30;0,00;D;BQ/195;;
BQ;Banque BQ;BQ/196;20220127;70999999;CompteLib_0001;;;22A195;20220127;EcritureLib_0178;20221114;0,00;127,50;C;BQ/196;;
BQ;Banque BQ;BQ/196;20220127;51200000;CompteLib_0002;;;22A195;20220127;EcritureLib_0178;20221114;127,50;0,00;D;BQ/196;;
BQ;Banque BQ;BQ/197;20220127;62700000;CompteLib_0007;;;22A192;20220127;EcritureLib_0179;20221114;0,83;0,00;D;BQ/197;;
BQ;Banque BQ;BQ/197;20220127;51200000;CompteLib_0002;;;22A192;20220127;EcritureLib_0179;20221114;0,00;0,83;C;BQ/197;;
BQ;Banque BQ;BQ/198;20220128;64100000;CompteLib_0030;;;22A203;20220128;EcritureLib_0180;20221114;356,93;0,00;D;BQ/198;;
BQ;Banque BQ;BQ/198;20220128;51200000;CompteLib_0002;;;22A203;20220128;EcritureLib_0180;20221114;0,00;356,93;C;BQ/198;;
BQ;Banque BQ;BQ/199;20220128;64100000;CompteLib_0030;;;22A202;20220128;EcritureLib_0181;20221114;1240,54;0,00;D;BQ/199;;
BQ;Banque BQ;BQ/199;20220128;51200000;CompteLib_0002;;;22A202;20220128;EcritureLib_0181;20221114;0,00;1240,54;C;BQ/199;;
BQ;Banque BQ;BQ/200;20220128;62700000;CompteLib_0007;;;22A198;20220128;EcritureLib_0182;20221114;1,22;0,00;D;BQ/200;;
BQ;Banque BQ;BQ/200;20220128;51200000;CompteLib_0002;;;22A198;20220128;EcritureLib_0182;20221114;0,00;1,22;C;BQ/200;;
BQ;Banque BQ;BQ/201;20220128;62700000;CompteLib_0007;;;22A199;20220128;EcritureLib_0183;20221114;1,40;0,00;D;BQ/201;;
BQ;Banque BQ;BQ/201;20220128;51200000;CompteLib_0002;;;22A199;20220128;EcritureLib_0183;20221114;0,00;1,40;C;BQ/201;;
BQ;Banque BQ;BQ/202;20220128;70999999;CompteLib_0001;;;22A200;20220128;EcritureLib_0184;20221114;0,00;187,10;C;BQ/202;;
BQ;Banque BQ;BQ/202;20220128;51200000;CompteLib_0002;;;22A200;20220128;EcritureLib_0184;20221114;187,10;0,00;D;BQ/202;;
BQ;Banque BQ;BQ/203;20220128;70999999;CompteLib_0001;;;22A201;20220128;EcritureLib_0185;20221114;0,00;215,80;C;BQ/203;;
BQ;Banque BQ;BQ/203;20220128;51200000;CompteLib_0002;;;22A201;20220128;EcritureLib_0185;20221114;215,80;0,00;D;BQ/203;;
BQ;Banque BQ;BQ/204;20220129;62700000;CompteLib_0007;;;22A204;20220129;EcritureLib_0186;20221114;0,99;0,00;D;BQ/204;;
BQ;Banque BQ;BQ/204;20220129;51200000;CompteLib_0002;;;22A204;20220129;EcritureLib_0186;20221114;0,00;0,99;C;BQ/204;;
BQ;Banque BQ;BQ/205;20220129;62700000;CompteLib_0007;;;22A205;20220129;EcritureLib_0187;20221114;1,89;0,00;D;BQ/205;;
BQ;Banque BQ;BQ/205;20220129;51200000;CompteLib_0002;;;22A205;20220129;EcritureLib_0187;20221114;0,00;1,89;C;BQ/205;;
BQ;Banque BQ;BQ/206;20220129;70999999;CompteLib_0001;;;22A206;20220129;EcritureLib_0188;20221114;0,00;144,90;C;BQ/206;;
BQ;Banque BQ;BQ/206;20220129;51200000;CompteLib_0002;;;22A206;20220129;EcritureLib_0188;20221114;144,90;0,00;D;BQ/206;;
BQ;Banque BQ;BQ/207;20220129;70999999;CompteLib_0001;;;22A207;20220129;EcritureLib_0189;20221114;0,00;106,55;C;BQ/207;;
BQ;Banque BQ;BQ/207;20220129;51200000;CompteLib_0002;;;22A207;20220129;EcritureLib_0189;20221114;106,55;0,00;D;BQ/207;;
BQ;Banque BQ;BQ/208;20220129;70999999;CompteLib_0001;;;22A208;20220129;EcritureLib_0190;20221114;0,00;291,15;C;BQ/208;;
BQ;Banque BQ;BQ/208;20220129;51200000;CompteLib_0002;;;22A208;20220129;EcritureLib_0190;20221114;291,15;0,00;D;BQ/208;;
BQ;Banque BQ;BQ/209;20220129;62700000;CompteLib_0007;;;22A209;20220129;EcritureLib_0191;20221114;0,94;0,00;D;BQ/209;;
BQ;Banque BQ;BQ/209;20220129;51200000;CompteLib_0002;;;22A209;20220129;EcritureLib_0191;20221114;0,00;0,94;C;BQ/209;;
BQ;Banque BQ;BQ/210;20220131;44566100;CompteLib_0005;;;22A210;20220131;EcritureLib_0192;20221114;13,53;0,00;D;BQ/210;;
BQ;Banque BQ;BQ/210;20220131;61500000;CompteLib_0031;;;22A210;20220131;EcritureLib_0192;20221114;67,66;0,00;D;BQ/210;;
BQ;Banque BQ;BQ/210;20220131;51200000;CompteLib_0002;;;22A210;20220131;EcritureLib_0192;20221114;0,00;81,19;C;BQ/210;;
BQ;Banque BQ;BQ/211;20220131;62700000;CompteLib_0007;;;22A211;20220131;EcritureLib_0193;20221114;2,32;0,00;D;BQ/211;;
BQ;Banque BQ;BQ/211;20220131;51200000;CompteLib_0002;;;22A211;20220131;EcritureLib_0193;20221114;0,00;2,32;C;BQ/211;;
BQ;Banque BQ;BQ/212;20220131;70999999;CompteLib_0001;;;22A214;20220131;EcritureLib_0194;20221114;0,00;343,21;C;BQ/212;;
BQ;Banque BQ;BQ/212;20220131;51200000;CompteLib_0002;;;22A214;20220131;EcritureLib_0194;20221114;343,21;0,00;D;BQ/212;;
BQ;Banque BQ;BQ/213;20220131;62700000;CompteLib_0007;;;22A212;20220131;EcritureLib_0195;20221114;2,22;0,00;D;BQ/213;;
BQ;Banque BQ;BQ/213;20220131;51200000;CompteLib_0002;;;22A212;20220131;EcritureLib_0195;20221114;0,00;2,22;C;BQ/213;;
BQ;Banque BQ;BQ/214;20220131;70999999;CompteLib_0001;;;22A213;20220131;EcritureLib_0196;20221114;0,00;357,30;C;BQ/214;;
BQ;Banque BQ;BQ/214;20220131;51200000;CompteLib_0002;;;22A213;20220131;EcritureLib_0196;20221114;357,30;0,00;D;BQ/214;;
BQ;Banque BQ;BQ/215;20220201;44566100;CompteLib_0005;;;22B4;20220201;EcritureLib_0004;20221114;419,51;0,00;D;BQ/215;;
BQ;Banque BQ;BQ/215;20220201;61321000;CompteLib_0006;;;22B4;20220201;EcritureLib_0004;20221114;2097,56;0,00;D;BQ/215;;
BQ;Banque BQ;BQ/215;20220201;51200000;CompteLib_0002;;;22B4;20220201;EcritureLib_0004;20221114;0,00;2517,07;C;BQ/215;;
BQ;Banque BQ;BQ/216;20220201;64400000;CompteLib_0003;;;22B2;20220201;EcritureLib_0002;20221114;1300,00;0,00;D;BQ/216;;
BQ;Banque BQ;BQ/216;20220201;51200000;CompteLib_0002;;;22B2;20220201;EcritureLib_0002;20221114;0,00;1300,00;C;BQ/216;;
BQ;Banque BQ;BQ/217;20220201;44566100;CompteLib_0005;;;22B1;20220201;EcritureLib_0197;20221114;24,41;0,00;D;BQ/217;;
BQ;Banque BQ;BQ/217;20220201;60100000;CompteLib_0008;;;22B1;20220201;EcritureLib_0197;20221114;443,91;0,00;D;BQ/217;;
BQ;Banque BQ;BQ/217;20220201;51200000;CompteLib_0002;;;22B1;20220201;EcritureLib_0197;20221114;0,00;468,32;C;BQ/217;;
BQ;Banque BQ;BQ/218;20220201;70999999;CompteLib_0001;;;22B5;20220201;EcritureLib_0198;20221114;0,00;95,99;C;BQ/218;;
BQ;Banque BQ;BQ/218;20220201;51200000;CompteLib_0002;;;22B5;20220201;EcritureLib_0198;20221114;95,99;0,00;D;BQ/218;;
BQ;Banque BQ;BQ/219;20220201;47100000;CompteLib_0004;;;22B3;20220201;EcritureLib_0003;20221114;1300,00;0,00;D;BQ/219;;
BQ;Banque BQ;BQ/219;20220201;51200000;CompteLib_0002;;;22B3;20220201;EcritureLib_0003;20221114;0,00;1300,00;C;BQ/219;;
BQ;Banque BQ;BQ/220;20220202;62700000;CompteLib_0007;;;22B6;20220202;EcritureLib_0199;20221114;1,05;0,00;D;BQ/220;;
BQ;Banque BQ;BQ/220;20220202;51200000;CompteLib_0002;;;22B6;20220202;EcritureLib_0199;20221114;0,00;1,05;C;BQ/220;;
BQ;Banque BQ;BQ/221;20220202;70999999;CompteLib_0001;;;22B8;20220202;EcritureLib_0200;20221114;0,00;14,44;C;BQ/221;;
BQ;Banque BQ;BQ/221;20220202;51200000;CompteLib_0002;;;22B8;20220202;EcritureLib_0200;20221114;14,44;0,00;D;BQ/221;;
BQ;Banque BQ;BQ/222;20220202;44566100;CompteLib_0005;;;22B9;20220202;EcritureLib_0201;20221114;10,00;0,00;D;BQ/222;;
BQ;Banque BQ;BQ/222;20220202;61100000;CompteLib_0011;;;22B9;20220202;EcritureLib_0201;20221114;50,00;0,00;D;BQ/222;;
BQ;Banque BQ;BQ/222;20220202;51200000;CompteLib_0002;;;22B9;20220202;EcritureLib_0201;20221114;0,00;60,00;C;BQ/222;;
BQ;Banque BQ;BQ/223;20220202;70999999;CompteLib_0001;;;22B7;20220202;EcritureLib_0202;20221114;0,00;160,70;C;BQ/223;;
BQ;Banque BQ;BQ/223;20220202;51200000;CompteLib_0002;;;22B7;20220202;EcritureLib_0202;20221114;160,70;0,00;D;BQ/223;;
BQ;Banque BQ;BQ/224;20220203;70999999;CompteLib_0001;;;22B11;20220203;EcritureLib_0203;20221114;0,00;39,20;C;BQ/224;;
BQ;Banque BQ;BQ/224;20220203;51200000;CompteLib_0002;;;22B11;20220203;EcritureLib_0203;20221114;39,20;0,00;D;BQ/224;;
BQ;Banque BQ;BQ/225;20220203;62700000;CompteLib_0007;;;22B10;20220203;EcritureLib_0204;20221114;0,25;0,00;D;BQ/225;;
BQ;Banque BQ;BQ/225;20220203;51200000;CompteLib_0002;;;22B10;20220203;EcritureLib_0204;20221114;0,00;0,25;C;BQ/225;;
BQ;Banque BQ;BQ/226;20220204;44566100;CompteLib_0005;;;22B50;20220204;EcritureLib_0205;20221114;0,05;0,00;D;BQ/226;;
BQ;Banque BQ;BQ/226;20220204;60100000;CompteLib_0008;;;22B50;20220204;EcritureLib_0205;20221114;0,99;0,00;D;BQ/226;;
BQ;Banque BQ;BQ/226;20220204;51200000;CompteLib_0002;;;22B50;20220204;EcritureLib_0205;20221114;0,00;1,04;C;BQ/226;;
BQ;Banque BQ;BQ/227;20220204;70999999;CompteLib_0001;;;22B36;20220204;EcritureLib_0206;20221114;0,00;58,46;C;BQ/227;;
BQ;Banque BQ;BQ/227;20220204;51200000;CompteLib_0002;;;22B36;20220204;EcritureLib_0206;20221114;58,46;0,00;D;BQ/227;;
BQ;Banque BQ;BQ/228;20220204;44566100;CompteLib_0005;;;22B35;20220204;EcritureLib_0207;20221114;4,86;0,00;D;BQ/228;;
BQ;Banque BQ;BQ/228;20220204;60630000;CompteLib_0009;;;22B35;20220204;EcritureLib_0207;20221114;24,29;0,00;D;BQ/228;;
BQ;Banque BQ;BQ/228;20220204;51200000;CompteLib_0002;;;22B35;20220204;EcritureLib_0207;20221114;0,00;29,15;C;BQ/228;;
BQ;Banque BQ;BQ/229;20220204;44566100;CompteLib_0005;;;22B34;20220204;EcritureLib_0208;20221114;3,20;0,00;D;BQ/229;;
BQ;Banque BQ;BQ/229;20220204;62530000;CompteLib_0013;;;22B34;20220204;EcritureLib_0208;20221114;32,00;0,00;D;BQ/229;;
BQ;Banque BQ;BQ/229;20220204;51200000;CompteLib_0002;;;22B34;20220204;EcritureLib_0208;20221114;0,00;35,20;C;BQ/229;;
BQ;Banque BQ;BQ/230;20220204;44566100;CompteLib_0005;;;22B33;20220204;EcritureLib_0209;20221114;1,67;0,00;D;BQ/230;;
BQ;Banque BQ;BQ/230;20220204;62810000;CompteLib_0012;;;22B33;20220204;EcritureLib_0209;20221114;8,32;0,00;D;BQ/230;;
BQ;Banque BQ;BQ/230;20220204;51200000;CompteLib_0002;;;22B33;20220204;EcritureLib_0209;20221114;0,00;9,99;C;BQ/230;;
BQ;Banque BQ;BQ/231;20220204;44566100;CompteLib_0005;;;22B32;20220204;EcritureLib_0210;20221114;1,29;0,00;D;BQ/231;;
BQ;Banque BQ;BQ/231;20220204;60100000;CompteLib_0008;;;22B32;20220204;EcritureLib_0210;20221114;23,51;0,00;D;BQ/231;;
BQ;Banque BQ;BQ/231;20220204;51200000;CompteLib_0002;;;22B32;20220204;EcritureLib_0210;20221114;0,00;24,80;C;BQ/231;;
BQ;Banque BQ;BQ/232;20220204;44566100;CompteLib_0005;;;22B31;20220204;EcritureLib_0211;20221114;1,81;0,00;D;BQ/232;;
BQ;Banque BQ;BQ/232;20220204;60100000;CompteLib_0008;;;22B31;20220204;EcritureLib_0211;20221114;32,99;0,00;D;BQ/232;;
BQ;Banque BQ;BQ/232;20220204;51200000;CompteLib_0002;;;22B31;20220204;EcritureLib_0211;20221114;0,00;34,80;C;BQ/232;;
BQ;Banque BQ;BQ/233;20220204;44566100;CompteLib_0005;;;22B30;20220204;EcritureLib_0212;20221114;0,54;0,00;D;BQ/233;;
BQ;Banque BQ;BQ/233;20220204;60630000;CompteLib_0009;;;22B30;20220204;EcritureLib_0212;20221114;5,36;0,00;D;BQ/233;;
BQ;Banque BQ;BQ/233;20220204;51200000;CompteLib_0002;;;22B30;20220204;EcritureLib_0212;20221114;0,00;5,90;C;BQ/233;;
BQ;Banque BQ;BQ/234;20220204;44566100;CompteLib_0005;;;22B29;20220204;EcritureLib_0212;20221114;0,52;0,00;D;BQ/234;;
BQ;Banque BQ;BQ/234;20220204;60630000;CompteLib_0009;;;22B29;20220204;EcritureLib_0212;20221114;9,38;0,00;D;BQ/234;;
BQ;Banque BQ;BQ/234;20220204;51200000;CompteLib_0002;;;22B29;20220204;EcritureLib_0212;20221114;0,00;9,90;C;BQ/234;;
BQ;Banque BQ;BQ/235;20220204;44566100;CompteLib_0005;;;22B28;20220204;EcritureLib_0213;20221114;0,75;0,00;D;BQ/235;;
BQ;Banque BQ;BQ/235;20220204;60100000;CompteLib_0008;;;22B28;20220204;EcritureLib_0213;20221114;13,65;0,00;D;BQ/235;;
BQ;Banque BQ;BQ/235;20220204;51200000;CompteLib_0002;;;22B28;20220204;EcritureLib_0213;20221114;0,00;14,40;C;BQ/235;;
BQ;Banque BQ;BQ/236;20220204;44566100;CompteLib_0005;;;22B27;20220204;EcritureLib_0214;20221114;0,46;0,00;D;BQ/236;;
BQ;Banque BQ;BQ/236;20220204;60100000;CompteLib_0008;;;22B27;20220204;EcritureLib_0214;20221114;8,34;0,00;D;BQ/236;;
BQ;Banque BQ;BQ/236;20220204;51200000;CompteLib_0002;;;22B27;20220204;EcritureLib_0214;20221114;0,00;8,80;C;BQ/236;;
BQ;Banque BQ;BQ/237;20220204;44566100;CompteLib_0005;;;22B12;20220204;EcritureLib_0215;20221114;1,67;0,00;D;BQ/237;;
BQ;Banque BQ;BQ/237;20220204;60630000;CompteLib_0009;;;22B12;20220204;EcritureLib_0215;20221114;8,33;0,00;D;BQ/237;;
BQ;Banque BQ;BQ/237;20220204;51200000;CompteLib_0002;;;22B12;20220204;EcritureLib_0215;20221114;0,00;10,00;C;BQ/237;;
BQ;Banque BQ;BQ/238;20220204;70999999;CompteLib_0001;;;22B13;20220204;EcritureLib_0216;20221114;0,00;20,20;C;BQ/238;;
BQ;Banque BQ;BQ/238;20220204;51200000;CompteLib_0002;;;22B13;20220204;EcritureLib_0216;20221114;20,20;0,00;D;BQ/238;;
BQ;Banque BQ;BQ/239;20220204;70999999;CompteLib_0001;;;22B14;20220204;EcritureLib_0217;20221114;0,00;225,20;C;BQ/239;;
BQ;Banque BQ;BQ/239;20220204;51200000;CompteLib_0002;;;22B14;20220204;EcritureLib_0217;20221114;225,20;0,00;D;BQ/239;;
BQ;Banque BQ;BQ/240;20220204;44566100;CompteLib_0005;;;22B15;20220204;EcritureLib_0218;20221114;4,82;0,00;D;BQ/240;;
BQ;Banque BQ;BQ/240;20220204;62530000;CompteLib_0013;;;22B15;20220204;EcritureLib_0218;20221114;48,18;0,00;D;BQ/240;;
BQ;Banque BQ;BQ/240;20220204;51200000;CompteLib_0002;;;22B15;20220204;EcritureLib_0218;20221114;0,00;53,00;C;BQ/240;;
BQ;Banque BQ;BQ/241;20220204;44566100;CompteLib_0005;;;22B16;20220204;EcritureLib_0219;20221114;0,44;0,00;D;BQ/241;;
BQ;Banque BQ;BQ/241;20220204;60100000;CompteLib_0008;;;22B16;20220204;EcritureLib_0219;20221114;8,06;0,00;D;BQ/241;;
BQ;Banque BQ;BQ/241;20220204;51200000;CompteLib_0002;;;22B16;20220204;EcritureLib_0219;20221114;0,00;8,50;C;BQ/241;;
BQ;Banque BQ;BQ/242;20220204;44566100;CompteLib_0005;;;22B17;20220204;EcritureLib_0220;20221114;0,27;0,00;D;BQ/242;;
BQ;Banque BQ;BQ/242;20220204;60100000;CompteLib_0008;;;22B17;20220204;EcritureLib_0220;20221114;4,83;0,00;D;BQ/242;;
BQ;Banque BQ;BQ/242;20220204;51200000;CompteLib_0002;;;22B17;20220204;EcritureLib_0220;20221114;0,00;5,10;C;BQ/242;;
BQ;Banque BQ;BQ/243;20220204;44566100;CompteLib_0005;;;22B18;20220204;EcritureLib_0221;20221114;0,35;0,00;D;BQ/243;;
BQ;Banque BQ;BQ/243;20220204;60100000;CompteLib_0008;;;22B18;20220204;EcritureLib_0221;20221114;6,45;0,00;D;BQ/243;;
BQ;Banque BQ;BQ/243;20220204;51200000;CompteLib_0002;;;22B18;20220204;EcritureLib_0221;20221114;0,00;6,80;C;BQ/243;;
BQ;Banque BQ;BQ/244;20220204;44566100;CompteLib_0005;;;22B19;20220204;EcritureLib_0222;20221114;0,35;0,00;D;BQ/244;;
BQ;Banque BQ;BQ/244;20220204;60100000;CompteLib_0008;;;22B19;20220204;EcritureLib_0222;20221114;6,45;0,00;D;BQ/244;;
BQ;Banque BQ;BQ/244;20220204;51200000;CompteLib_0002;;;22B19;20220204;EcritureLib_0222;20221114;0,00;6,80;C;BQ/244;;
BQ;Banque BQ;BQ/245;20220204;44566100;CompteLib_0005;;;22B20;20220204;EcritureLib_0223;20221114;0,35;0,00;D;BQ/245;;
BQ;Banque BQ;BQ/245;20220204;60100000;CompteLib_0008;;;22B20;20220204;EcritureLib_0223;20221114;6,45;0,00;D;BQ/245;;
BQ;Banque BQ;BQ/245;20220204;51200000;CompteLib_0002;;;22B20;20220204;EcritureLib_0223;20221114;0,00;6,80;C;BQ/245;;
BQ;Banque BQ;BQ/246;20220204;44566100;CompteLib_0005;;;22B21;20220204;EcritureLib_0224;20221114;0,35;0,00;D;BQ/246;;
BQ;Banque BQ;BQ/246;20220204;60100000;CompteLib_0008;;;22B21;20220204;EcritureLib_0224;20221114;6,45;0,00;D;BQ/246;;
BQ;Banque BQ;BQ/246;20220204;51200000;CompteLib_0002;;;22B21;20220204;EcritureLib_0224;20221114;0,00;6,80;C;BQ/246;;
BQ;Banque BQ;BQ/247;20220204;44566100;CompteLib_0005;;;22B22;20220204;EcritureLib_0225;20221114;0,57;0,00;D;BQ/247;;
BQ;Banque BQ;BQ/247;20220204;60100000;CompteLib_0008;;;22B22;20220204;EcritureLib_0225;20221114;10,43;0,00;D;BQ/247;;
BQ;Banque BQ;BQ/247;20220204;51200000;CompteLib_0002;;;22B22;20220204;EcritureLib_0225;20221114;0,00;11,00;C;BQ/247;;
BQ;Banque BQ;BQ/248;20220204;44566100;CompteLib_0005;;;22B23;20220204;EcritureLib_0226;20221114;0,35;0,00;D;BQ/248;;
BQ;Banque BQ;BQ/248;20220204;60100000;CompteLib_0008;;;22B23;20220204;EcritureLib_0226;20221114;6,45;0,00;D;BQ/248;;
BQ;Banque BQ;BQ/248;20220204;51200000;CompteLib_0002;;;22B23;20220204;EcritureLib_0226;20221114;0,00;6,80;C;BQ/248;;
BQ;Banque BQ;BQ/249;20220204;44566100;CompteLib_0005;;;22B24;20220204;EcritureLib_0227;20221114;0,35;0,00;D;BQ/249;;
BQ;Banque BQ;BQ/249;20220204;60100000;CompteLib_0008;;;22B24;20220204;EcritureLib_0227;20221114;6,45;0,00;D;BQ/249;;
BQ;Banque BQ;BQ/249;20220204;51200000;CompteLib_0002;;;22B24;20220204;EcritureLib_0227;20221114;0,00;6,80;C;BQ/249;;
BQ;Banque BQ;BQ/250;20220204;44566100;CompteLib_0005;;;22B25;20220204;EcritureLib_0228;20221114;0,35;0,00;D;BQ/250;;
BQ;Banque BQ;BQ/250;20220204;60100000;CompteLib_0008;;;22B25;20220204;EcritureLib_0228;20221114;6,45;0,00;D;BQ/250;;
BQ;Banque BQ;BQ/250;20220204;51200000;CompteLib_0002;;;22B25;20220204;EcritureLib_0228;20221114;0,00;6,80;C;BQ/250;;
BQ;Banque BQ;BQ/251;20220204;44566100;CompteLib_0005;;;22B26;20220204;EcritureLib_0229;20221114;0,41;0,00;D;BQ/251;;
BQ;Banque BQ;BQ/251;20220204;60100000;CompteLib_0008;;;22B26;20220204;EcritureLib_0229;20221114;7,39;0,00;D;BQ/251;;
BQ;Banque BQ;BQ/251;20220204;51200000;CompteLib_0002;;;22B26;20220204;EcritureLib_0229;20221114;0,00;7,80;C;BQ/251;;
BQ;Banque BQ;BQ/252;20220204;62700000;CompteLib_0007;;;22B37;20220204;EcritureLib_0230;20221114;0,13;0,00;D;BQ/252;;
BQ;Banque BQ;BQ/252;20220204;51200000;CompteLib_0002;;;22B37;20220204;EcritureLib_0230;20221114;0,00;0,13;C;BQ/252;;
BQ;Banque BQ;BQ/253;20220204;62700000;CompteLib_0007;;;22B38;20220204;EcritureLib_0231;20221114;1,45;0,00;D;BQ/253;;
BQ;Banque BQ;BQ/253;20220204;51200000;CompteLib_0002;;;22B38;20220204;EcritureLib_0231;20221114;0,00;1,45;C;BQ/253;;
BQ;Banque BQ;BQ/254;20220204;44566100;CompteLib_0005;;;22B39;20220204;EcritureLib_0232;20221114;2,19;0,00;D;BQ/254;;
BQ;Banque BQ;BQ/254;20220204;60100000;CompteLib_0008;;;22B39;20220204;EcritureLib_0232;20221114;10,93;0,00;D;BQ/254;;
BQ;Banque BQ;BQ/254;20220204;51200000;CompteLib_0002;;;22B39;20220204;EcritureLib_0232;20221114;0,00;13,12;C;BQ/254;;
BQ;Banque BQ;BQ/255;20220204;44566100;CompteLib_0005;;;22B40;20220204;EcritureLib_0232;20221114;0,45;0,00;D;BQ/255;;
BQ;Banque BQ;BQ/255;20220204;60100000;CompteLib_0008;;;22B40;20220204;EcritureLib_0232;20221114;8,15;0,00;D;BQ/255;;
BQ;Banque BQ;BQ/255;20220204;51200000;CompteLib_0002;;;22B40;20220204;EcritureLib_0232;20221114;0,00;8,60;C;BQ/255;;
BQ;Banque BQ;BQ/256;20220204;44566100;CompteLib_0005;;;22B41;20220204;EcritureLib_0233;20221114;1,08;0,00;D;BQ/256;;
BQ;Banque BQ;BQ/256;20220204;60630000;CompteLib_0009;;;22B41;20220204;EcritureLib_0233;20221114;5,40;0,00;D;BQ/256;;
BQ;Banque BQ;BQ/256;20220204;51200000;CompteLib_0002;;;22B41;20220204;EcritureLib_0233;20221114;0,00;6,48;C;BQ/256;;
BQ;Banque BQ;BQ/257;20220204;44566100;CompteLib_0005;;;22B42;20220204;EcritureLib_0234;20221114;4,66;0,00;D;BQ/257;;
BQ;Banque BQ;BQ/257;20220204;60630000;CompteLib_0009;;;22B42;20220204;EcritureLib_0234;20221114;23,32;0,00;D;BQ/257;;
BQ;Banque BQ;BQ/257;20220204;51200000;CompteLib_0002;;;22B42;20220204;EcritureLib_0234;20221114;0,00;27,98;C;BQ/257;;
BQ;Banque BQ;BQ/258;20220204;44566100;CompteLib_0005;;;22B43;20220204;EcritureLib_0235;20221114;1,20;0,00;D;BQ/258;;
BQ;Banque BQ;BQ/258;20220204;60100000;CompteLib_0008;;;22B43;20220204;EcritureLib_0235;20221114;21,73;0,00;D;BQ/258;;
BQ;Banque BQ;BQ/258;20220204;51200000;CompteLib_0002;;;22B43;20220204;EcritureLib_0235;20221114;0,00;22,93;C;BQ/258;;
BQ;Banque BQ;BQ/259;20220204;44566100;CompteLib_0005;;;22B44;20220204;EcritureLib_0235;20221114;1,76;0,00;D;BQ/259;;
BQ;Banque BQ;BQ/259;20220204;60100000;CompteLib_0008;;;22B44;20220204;EcritureLib_0235;20221114;8,79;0,00;D;BQ/259;;
BQ;Banque BQ;BQ/259;20220204;51200000;CompteLib_0002;;;22B44;20220204;EcritureLib_0235;20221114;0,00;10,55;C;BQ/259;;
BQ;Banque BQ;BQ/260;20220204;44566100;CompteLib_0005;;;22B45;20220204;EcritureLib_0236;20221114;3,17;0,00;D;BQ/260;;
BQ;Banque BQ;BQ/260;20220204;60640000;CompteLib_0016;;;22B45;20220204;EcritureLib_0236;20221114;15,82;0,00;D;BQ/260;;
BQ;Banque BQ;BQ/260;20220204;51200000;CompteLib_0002;;;22B45;20220204;EcritureLib_0236;20221114;0,00;18,99;C;BQ/260;;
BQ;Banque BQ;BQ/261;20220204;44566100;CompteLib_0005;;;22B46;20220204;EcritureLib_0237;20221114;1,00;0,00;D;BQ/261;;
BQ;Banque BQ;BQ/261;20220204;60100000;CompteLib_0008;;;22B46;20220204;EcritureLib_0237;20221114;5,00;0,00;D;BQ/261;;
BQ;Banque BQ;BQ/261;20220204;51200000;CompteLib_0002;;;22B46;20220204;EcritureLib_0237;20221114;0,00;6,00;C;BQ/261;;
BQ;Banque BQ;BQ/262;20220204;44566100;CompteLib_0005;;;22B47;20220204;EcritureLib_0238;20221114;0,62;0,00;D;BQ/262;;
BQ;Banque BQ;BQ/262;20220204;60100000;CompteLib_0008;;;22B47;20220204;EcritureLib_0238;20221114;3,08;0,00;D;BQ/262;;
BQ;Banque BQ;BQ/262;20220204;51200000;CompteLib_0002;;;22B47;20220204;EcritureLib_0238;20221114;0,00;3,70;C;BQ/262;;
BQ;Banque BQ;BQ/263;20220204;44566100;CompteLib_0005;;;22B48;20220204;EcritureLib_0239;20221114;0,15;0,00;D;BQ/263;;
BQ;Banque BQ;BQ/263;20220204;60100000;CompteLib_0008;;;22B48;20220204;EcritureLib_0239;20221114;2,70;0,00;D;BQ/263;;
BQ;Banque BQ;BQ/263;20220204;51200000;CompteLib_0002;;;22B48;20220204;EcritureLib_0239;20221114;0,00;2,85;C;BQ/263;;
BQ;Banque BQ;BQ/264;20220204;44566100;CompteLib_0005;;;22B49;20220204;EcritureLib_0240;20221114;0,19;0,00;D;BQ/264;;
BQ;Banque BQ;BQ/264;20220204;60100000;CompteLib_0008;;;22B49;20220204;EcritureLib_0240;20221114;3,37;0,00;D;BQ/264;;
BQ;Banque BQ;BQ/264;20220204;51200000;CompteLib_0002;;;22B49;20220204;EcritureLib_0240;20221114;0,00;3,56;C;BQ/264;;
BQ;Banque BQ;BQ/265;20220204;62310000;CompteLib_0015;;;22B51;20220204;EcritureLib_0241;20221114;3,00;0,00;D;BQ/265;;
BQ;Banque BQ;BQ/265;20220204;51200000;CompteLib_0002;;;22B51;20220204;EcritureLib_0241;20221114;0,00;3,00;C;BQ/265;;
BQ;Banque BQ;BQ/266;20220204;44566100;CompteLib_0005;;;22B52;20220204;EcritureLib_0242;20221114;6,67;0,00;D;BQ/266;;
BQ;Banque BQ;BQ/266;20220204;60630000;CompteLib_0009;;;22B52;20220204;EcritureLib_0242;20221114;33,32;0,00;D;BQ/266;;
BQ;Banque BQ;BQ/266;20220204;51200000;CompteLib_0002;;;22B52;20220204;EcritureLib_0242;20221114;0,00;39,99;C;BQ/266;;
BQ;Banque BQ;BQ/267;20220205;62700000;CompteLib_0007;;;22B55;20220205;EcritureLib_0243;20221114;0,39;0,00;D;BQ/267;;
BQ;Banque BQ;BQ/267;20220205;51200000;CompteLib_0002;;;22B55;20220205;EcritureLib_0243;20221114;0,00;0,39;C;BQ/267;;
BQ;Banque BQ;BQ/268;20220205;70999999;CompteLib_0001;;;22B59;20220205;EcritureLib_0244;20221114;0,00;189,40;C;BQ/268;;
BQ;Banque BQ;BQ/268;20220205;51200000;CompteLib_0002;;;22B59;20220205;EcritureLib_0244;20221114;189,40;0,00;D;BQ/268;;
BQ;Banque BQ;BQ/269;20220205;70999999;CompteLib_0001;;;22B58;20220205;EcritureLib_0245;20221114;0,00;60,00;C;BQ/269;;
BQ;Banque BQ;BQ/269;20220205;51200000;CompteLib_0002;;;22B58;20220205;EcritureLib_0245;20221114;60,00;0,00;D;BQ/269;;
BQ;Banque BQ;BQ/270;20220205;16400000;CompteLib_0018;;;22B53;20220205;EcritureLib_0246;20221114;754,24;0,00;D;BQ/270;;
BQ;Banque BQ;BQ/270;20220205;51200000;CompteLib_0002;;;22B53;20220205;EcritureLib_0246;20221114;0,00;754,24;C;BQ/270;;
BQ;Banque BQ;BQ/271;20220205;62700000;CompteLib_0007;;;22B54;20220205;EcritureLib_0247;20221114;1,16;0,00;D;BQ/271;;
BQ;Banque BQ;BQ/271;20220205;51200000;CompteLib_0002;;;22B54;20220205;EcritureLib_0247;20221114;0,00;1,16;C;BQ/271;;
BQ;Banque BQ;BQ/272;20220205;70999999;CompteLib_0001;;;22B57;20220205;EcritureLib_0248;20221114;0,00;180,50;C;BQ/272;;
BQ;Banque BQ;BQ/272;20220205;51200000;CompteLib_0002;;;22B57;20220205;EcritureLib_0248;20221114;180,50;0,00;D;BQ/272;;
BQ;Banque BQ;BQ/273;20220205;62700000;CompteLib_0007;;;22B56;20220205;EcritureLib_0249;20221114;1,22;0,00;D;BQ/273;;
BQ;Banque BQ;BQ/273;20220205;51200000;CompteLib_0002;;;22B56;20220205;EcritureLib_0249;20221114;0,00;1,22;C;BQ/273;;
BQ;Banque BQ;BQ/274;20220207;62700000;CompteLib_0007;;;22B67;20220207;EcritureLib_0250;20221114;2,08;0,00;D;BQ/274;;
BQ;Banque BQ;BQ/274;20220207;51200000;CompteLib_0002;;;22B67;20220207;EcritureLib_0250;20221114;0,00;2,08;C;BQ/274;;
BQ;Banque BQ;BQ/275;20220207;70999999;CompteLib_0001;;;22B73;20220207;EcritureLib_0251;20221114;0,00;67,20;C;BQ/275;;
BQ;Banque BQ;BQ/275;20220207;51200000;CompteLib_0002;;;22B73;20220207;EcritureLib_0251;20221114;67,20;0,00;D;BQ/275;;
BQ;Banque BQ;BQ/276;20220207;70999999;CompteLib_0001;;;22B74;20220207;EcritureLib_0252;20221114;0,00;82,00;C;BQ/276;;
BQ;Banque BQ;BQ/276;20220207;51200000;CompteLib_0002;;;22B74;20220207;EcritureLib_0252;20221114;82,00;0,00;D;BQ/276;;
BQ;Banque BQ;BQ/277;20220207;64500000;CompteLib_0019;;;22B60;20220207;EcritureLib_0253;20221114;383,00;0,00;D;BQ/277;;
BQ;Banque BQ;BQ/277;20220207;51200000;CompteLib_0002;;;22B60;20220207;EcritureLib_0253;20221114;0,00;383,00;C;BQ/277;;
BQ;Banque BQ;BQ/278;20220207;64500000;CompteLib_0019;;;22B61;20220207;EcritureLib_0254;20221114;1084,00;0,00;D;BQ/278;;
BQ;Banque BQ;BQ/278;20220207;51200000;CompteLib_0002;;;22B61;20220207;EcritureLib_0254;20221114;0,00;1084,00;C;BQ/278;;
BQ;Banque BQ;BQ/279;20220207;70999999;CompteLib_0001;;;22B70;20220207;EcritureLib_0255;20221114;0,00;550,00;C;BQ/279;;
BQ;Banque BQ;BQ/279;20220207;51200000;CompteLib_0002;;;22B70;20220207;EcritureLib_0255;20221114;550,00;0,00;D;BQ/279;;
BQ;Banque BQ;BQ/280;20220207;70999999;CompteLib_0001;;;22B71;20220207;EcritureLib_0256;20221114;0,00;145,50;C;BQ/280;;
BQ;Banque BQ;BQ/280;20220207;51200000;CompteLib_0002;;;22B71;20220207;EcritureLib_0256;20221114;145,50;0,00;D;BQ/280;;
BQ;Banque BQ;BQ/281;20220207;70999999;CompteLib_0001;;;22B72;20220207;EcritureLib_0257;20221114;0,00;319,90;C;BQ/281;;
BQ;Banque BQ;BQ/281;20220207;51200000;CompteLib_0002;;;22B72;20220207;EcritureLib_0257;20221114;319,90;0,00;D;BQ/281;;
BQ;Banque BQ;BQ/282;20220207;62700000;CompteLib_0007;;;22B68;20220207;EcritureLib_0258;20221114;0,44;0,00;D;BQ/282;;
BQ;Banque BQ;BQ/282;20220207;51200000;CompteLib_0002;;;22B68;20220207;EcritureLib_0258;20221114;0,00;0,44;C;BQ/282;;
BQ;Banque BQ;BQ/283;20220207;62700000;CompteLib_0007;;;22B69;20220207;EcritureLib_0259;20221114;0,54;0,00;D;BQ/283;;
BQ;Banque BQ;BQ/283;20220207;51200000;CompteLib_0002;;;22B69;20220207;EcritureLib_0259;20221114;0,00;0,54;C;BQ/283;;
BQ;Banque BQ;BQ/284;20220207;44566100;CompteLib_0005;;;22B62;20220207;EcritureLib_0260;20221114;5,05;0,00;D;BQ/284;;
BQ;Banque BQ;BQ/284;20220207;60610000;CompteLib_0022;;;22B62;20220207;EcritureLib_0260;20221114;25,23;0,00;D;BQ/284;;
BQ;Banque BQ;BQ/284;20220207;51200000;CompteLib_0002;;;22B62;20220207;EcritureLib_0260;20221114;0,00;30,28;C;BQ/284;;
BQ;Banque BQ;BQ/285;20220207;61600000;CompteLib_0021;;;22B63;20220207;EcritureLib_0261;20221114;112,00;0,00;D;BQ/285;;
BQ;Banque BQ;BQ/285;20220207;51200000;CompteLib_0002;;;22B63;20220207;EcritureLib_0261;20221114;0,00;112,00;C;BQ/285;;
BQ;Banque BQ;BQ/286;20220207;61600000;CompteLib_0021;;;22B64;20220207;EcritureLib_0262;20221114;62,80;0,00;D;BQ/286;;
BQ;Banque BQ;BQ/286;20220207;51200000;CompteLib_0002;;;22B64;20220207;EcritureLib_0262;20221114;0,00;62,80;C;BQ/286;;
BQ;Banque BQ;BQ/287;20220207;62700000;CompteLib_0007;;;22B65;20220207;EcritureLib_0263;20221114;4,35;0,00;D;BQ/287;;
BQ;Banque BQ;BQ/287;20220207;51200000;CompteLib_0002;;;22B65;20220207;EcritureLib_0263;20221114;0,00;4,35;C;BQ/287;;
BQ;Banque BQ;BQ/288;20220207;62700000;CompteLib_0007;;;22B66;20220207;EcritureLib_0264;20221114;0,95;0,00;D;BQ/288;;
BQ;Banque BQ;BQ/288;20220207;51200000;CompteLib_0002;;;22B66;20220207;EcritureLib_0264;20221114;0,00;0,95;C;BQ/288;;
BQ;Banque BQ;BQ/289;20220208;44566100;CompteLib_0005;;;22B76;20220208;EcritureLib_0265;20221114;5,88;0,00;D;BQ/289;;
BQ;Banque BQ;BQ/289;20220208;62261000;CompteLib_0032;;;22B76;20220208;EcritureLib_0265;20221114;29,40;0,00;D;BQ/289;;
BQ;Banque BQ;BQ/289;20220208;51200000;CompteLib_0002;;;22B76;20220208;EcritureLib_0265;20221114;0,00;35,28;C;BQ/289;;
BQ;Banque BQ;BQ/290;20220208;70999999;CompteLib_0001;;;22B77;20220208;EcritureLib_0266;20221114;0,00;24,35;C;BQ/290;;
BQ;Banque BQ;BQ/290;20220208;51200000;CompteLib_0002;;;22B77;20220208;EcritureLib_0266;20221114;24,35;0,00;D;BQ/290;;
BQ;Banque BQ;BQ/291;20220208;44566100;CompteLib_0005;;;22B75;20220208;EcritureLib_0267;20221114;30,00;0,00;D;BQ/291;;
BQ;Banque BQ;BQ/291;20220208;62261000;CompteLib_0032;;;22B75;20220208;EcritureLib_0267;20221114;150,00;0,00;D;BQ/291;;
BQ;Banque BQ;BQ/291;20220208;51200000;CompteLib_0002;;;22B75;20220208;EcritureLib_0267;20221114;0,00;180,00;C;BQ/291;;
BQ;Banque BQ;BQ/292;20220209;70999999;CompteLib_0001;;;22B83;20220209;EcritureLib_0268;20221114;0,00;241,25;C;BQ/292;;
BQ;Banque BQ;BQ/292;20220209;51200000;CompteLib_0002;;;22B83;20220209;EcritureLib_0268;20221114;241,25;0,00;D;BQ/292;;
BQ;Banque BQ;BQ/293;20220209;44566100;CompteLib_0005;;;22B85;20220209;EcritureLib_0269;20221114;8,45;0,00;D;BQ/293;;
BQ;Banque BQ;BQ/293;20220209;61500000;CompteLib_0031;;;22B85;20220209;EcritureLib_0269;20221114;42,26;0,00;D;BQ/293;;
BQ;Banque BQ;BQ/293;20220209;51200000;CompteLib_0002;;;22B85;20220209;EcritureLib_0269;20221114;0,00;50,71;C;BQ/293;;
BQ;Banque BQ;BQ/294;20220209;70999999;CompteLib_0001;;;22B84;20220209;EcritureLib_0270;20221114;0,00;13,01;C;BQ/294;;
BQ;Banque BQ;BQ/294;20220209;51200000;CompteLib_0002;;;22B84;20220209;EcritureLib_0270;20221114;13,01;0,00;D;BQ/294;;
BQ;Banque BQ;BQ/295;20220209;70999999;CompteLib_0001;;;22B82;20220209;EcritureLib_0271;20221114;0,00;136,55;C;BQ/295;;
BQ;Banque BQ;BQ/295;20220209;51200000;CompteLib_0002;;;22B82;20220209;EcritureLib_0271;20221114;136,55;0,00;D;BQ/295;;
BQ;Banque BQ;BQ/296;20220209;44566100;CompteLib_0005;;;22B81;20220209;EcritureLib_0272;20221114;53,60;0,00;D;BQ/296;;
BQ;Banque BQ;BQ/296;20220209;61350000;CompteLib_0023;;;22B81;20220209;EcritureLib_0272;20221114;268,00;0,00;D;BQ/296;;
BQ;Banque BQ;BQ/296;20220209;51200000;CompteLib_0002;;;22B81;20220209;EcritureLib_0272;20221114;0,00;321,60;C;BQ/296;;
BQ;Banque BQ;BQ/297;20220209;62700000;CompteLib_0007;;;22B80;20220209;EcritureLib_0273;20221114;1,58;0,00;D;BQ/297;;
BQ;Banque BQ;BQ/297;20220209;51200000;CompteLib_0002;;;22B80;20220209;EcritureLib_0273;20221114;0,00;1,58;C;BQ/297;;
BQ;Banque BQ;BQ/298;20220209;62700000;CompteLib_0007;;;22B79;20220209;EcritureLib_0274;20221114;0,88;0,00;D;BQ/298;;
BQ;Banque BQ;BQ/298;20220209;51200000;CompteLib_0002;;;22B79;20220209;EcritureLib_0274;20221114;0,00;0,88;C;BQ/298;;
BQ;Banque BQ;BQ/299;20220209;44566100;CompteLib_0005;;;22B78;20220209;EcritureLib_0070;20221114;5,11;0,00;D;BQ/299;;
BQ;Banque BQ;BQ/299;20220209;62700000;CompteLib_0007;;;22B78;20220209;EcritureLib_0070;20221114;25,56;0,00;D;BQ/299;;
BQ;Banque BQ;BQ/299;20220209;51200000;CompteLib_0002;;;22B78;20220209;EcritureLib_0070;20221114;0,00;30,67;C;BQ/299;;
BQ;Banque BQ;BQ/300;20220210;62700000;CompteLib_0007;;;22B86;20220210;EcritureLib_0275;20221114;0,92;0,00;D;BQ/300;;
BQ;Banque BQ;BQ/300;20220210;51200000;CompteLib_0002;;;22B86;20220210;EcritureLib_0275;20221114;0,00;0,92;C;BQ/300;;
BQ;Banque BQ;BQ/301;20220210;62700000;CompteLib_0007;;;22B87;20220210;EcritureLib_0276;20221114;1,06;0,00;D;BQ/301;;
BQ;Banque BQ;BQ/301;20220210;51200000;CompteLib_0002;;;22B87;20220210;EcritureLib_0276;20221114;0,00;1,06;C;BQ/301;;
BQ;Banque BQ;BQ/302;20220210;70999999;CompteLib_0001;;;22B88;20220210;EcritureLib_0277;20221114;0,00;142,70;C;BQ/302;;
BQ;Banque BQ;BQ/302;20220210;51200000;CompteLib_0002;;;22B88;20220210;EcritureLib_0277;20221114;142,70;0,00;D;BQ/302;;
BQ;Banque BQ;BQ/303;20220210;70999999;CompteLib_0001;;;22B89;20220210;EcritureLib_0278;20221114;0,00;162,35;C;BQ/303;;
BQ;Banque BQ;BQ/303;20220210;51200000;CompteLib_0002;;;22B89;20220210;EcritureLib_0278;20221114;162,35;0,00;D;BQ/303;;
BQ;Banque BQ;BQ/304;20220210;70999999;CompteLib_0001;;;22B90;20220210;EcritureLib_0279;20221114;0,00;36,20;C;BQ/304;;
BQ;Banque BQ;BQ/304;20220210;51200000;CompteLib_0002;;;22B90;20220210;EcritureLib_0279;20221114;36,20;0,00;D;BQ/304;;
BQ;Banque BQ;BQ/305;20220211;44571800;CompteLib_0024;;;22B96;20220211;EcritureLib_0280;20221114;0,00;3,72;C;BQ/305;;
BQ;Banque BQ;BQ/305;20220211;70180000;CompteLib_0025;;;22B96;20220211;EcritureLib_0280;20221114;0,00;37,18;C;BQ/305;;
BQ;Banque BQ;BQ/305;20220211;51200000;CompteLib_0002;;;22B96;20220211;EcritureLib_0280;20221114;40,90;0,00;D;BQ/305;;
BQ;Banque BQ;BQ/306;20220211;44566100;CompteLib_0005;;;22B95;20220211;EcritureLib_0281;20221114;25,88;0,00;D;BQ/306;;
BQ;Banque BQ;BQ/306;20220211;60100000;CompteLib_0008;;;22B95;20220211;EcritureLib_0281;20221114;470,56;0,00;D;BQ/306;;
BQ;Banque BQ;BQ/306;20220211;51200000;CompteLib_0002;;;22B95;20220211;EcritureLib_0281;20221114;0,00;496,44;C;BQ/306;;
BQ;Banque BQ;BQ/307;20220211;62700000;CompteLib_0007;;;22B91;20220211;EcritureLib_0282;20221114;0,98;0,00;D;BQ/307;;
BQ;Banque BQ;BQ/307;20220211;51200000;CompteLib_0002;;;22B91;20220211;EcritureLib_0282;20221114;0,00;0,98;C;BQ/307;;
BQ;Banque BQ;BQ/308;20220211;62700000;CompteLib_0007;;;22B92;20220211;EcritureLib_0283;20221114;0,95;0,00;D;BQ/308;;
BQ;Banque BQ;BQ/308;20220211;51200000;CompteLib_0002;;;22B92;20220211;EcritureLib_0283;20221114;0,00;0,95;C;BQ/308;;
BQ;Banque BQ;BQ/309;20220211;70999999;CompteLib_0001;;;22B93;20220211;EcritureLib_0284;20221114;0,00;115,60;C;BQ/309;;
BQ;Banque BQ;BQ/309;20220211;51200000;CompteLib_0002;;;22B93;20220211;EcritureLib_0284;20221114;115,60;0,00;D;BQ/309;;
BQ;Banque BQ;BQ/310;20220211;70999999;CompteLib_0001;;;22B94;20220211;EcritureLib_0285;20221114;0,00;144,60;C;BQ/310;;
BQ;Banque BQ;BQ/310;20220211;51200000;CompteLib_0002;;;22B94;20220211;EcritureLib_0285;20221114;144,60;0,00;D;BQ/310;;
BQ;Banque BQ;BQ/311;20220212;70999999;CompteLib_0001;;;22B99;20220212;EcritureLib_0286;20221114;0,00;538,00;C;BQ/311;;
BQ;Banque BQ;BQ/311;20220212;51200000;CompteLib_0002;;;22B99;20220212;EcritureLib_0286;20221114;538,00;0,00;D;BQ/311;;
BQ;Banque BQ;BQ/312;20220212;62700000;CompteLib_0007;;;22B97;20220212;EcritureLib_0287;20221114;3,49;0,00;D;BQ/312;;
BQ;Banque BQ;BQ/312;20220212;51200000;CompteLib_0002;;;22B97;20220212;EcritureLib_0287;20221114;0,00;3,49;C;BQ/312;;
BQ;Banque BQ;BQ/313;20220212;62700000;CompteLib_0007;;;22B98;20220212;EcritureLib_0288;20221114;1,34;0,00;D;BQ/313;;
BQ;Banque BQ;BQ/313;20220212;51200000;CompteLib_0002;;;22B98;20220212;EcritureLib_0288;20221114;0,00;1,34;C;BQ/313;;
BQ;Banque BQ;BQ/314;20220212;70999999;CompteLib_0001;;;22B100;20220212;EcritureLib_0289;20221114;0,00;208,70;C;BQ/314;;
BQ;Banque BQ;BQ/314;20220212;51200000;CompteLib_0002;;;22B100;20220212;EcritureLib_0289;20221114;208,70;0,00;D;BQ/314;;
BQ;Banque BQ;BQ/315;20220214;70999999;CompteLib_0001;;;22B106;20220214;EcritureLib_0290;20221114;0,00;237,90;C;BQ/315;;
BQ;Banque BQ;BQ/315;20220214;51200000;CompteLib_0002;;;22B106;20220214;EcritureLib_0290;20221114;237,90;0,00;D;BQ/315;;
BQ;Banque BQ;BQ/316;20220214;62700000;CompteLib_0007;;;22B101;20220214;EcritureLib_0291;20221114;3,65;0,00;D;BQ/316;;
BQ;Banque BQ;BQ/316;20220214;51200000;CompteLib_0002;;;22B101;20220214;EcritureLib_0291;20221114;0,00;3,65;C;BQ/316;;
BQ;Banque BQ;BQ/317;20220214;62700000;CompteLib_0007;;;22B102;20220214;EcritureLib_0292;20221114;2,12;0,00;D;BQ/317;;
BQ;Banque BQ;BQ/317;20220214;51200000;CompteLib_0002;;;22B102;20220214;EcritureLib_0292;20221114;0,00;2,12;C;BQ/317;;
BQ;Banque BQ;BQ/318;20220214;62700000;CompteLib_0007;;;22B103;20220214;EcritureLib_0293;20221114;1,54;0,00;D;BQ/318;;
BQ;Banque BQ;BQ/318;20220214;51200000;CompteLib_0002;;;22B103;20220214;EcritureLib_0293;20221114;0,00;1,54;C;BQ/318;;
BQ;Banque BQ;BQ/319;20220214;70999999;CompteLib_0001;;;22B104;20220214;EcritureLib_0294;20221114;0,00;559,90;C;BQ/319;;
BQ;Banque BQ;BQ/319;20220214;51200000;CompteLib_0002;;;22B104;20220214;EcritureLib_0294;20221114;559,90;0,00;D;BQ/319;;
BQ;Banque BQ;BQ/320;20220214;70999999;CompteLib_0001;;;22B105;20220214;EcritureLib_0295;20221114;0,00;326,60;C;BQ/320;;
BQ;Banque BQ;BQ/320;20220214;51200000;CompteLib_0002;;;22B105;20220214;EcritureLib_0295;20221114;326,60;0,00;D;BQ/320;;
BQ;Banque BQ;BQ/321;20220214;70999999;CompteLib_0001;;;22B107;20220214;EcritureLib_0296;20221114;0,00;68,04;C;BQ/321;;
BQ;Banque BQ;BQ/321;20220214;51200000;CompteLib_0002;;;22B107;20220214;EcritureLib_0296;20221114;68,04;0,00;D;BQ/321;;
BQ;Banque BQ;BQ/322;20220215;70999999;CompteLib_0001;;;22B121;20220215;EcritureLib_0297;20221114;0,00;20,00;C;BQ/322;;
BQ;Banque BQ;BQ/322;20220215;51200000;CompteLib_0002;;;22B121;20220215;EcritureLib_0297;20221114;20,00;0,00;D;BQ/322;;
BQ;Banque BQ;BQ/323;20220215;62700000;CompteLib_0007;;;22B108;20220215;EcritureLib_0298;20221114;6,00;0,00;D;BQ/323;;
BQ;Banque BQ;BQ/323;20220215;51200000;CompteLib_0002;;;22B108;20220215;EcritureLib_0298;20221114;0,00;6,00;C;BQ/323;;
BQ;Banque BQ;BQ/324;20220215;62700000;CompteLib_0007;;;22B109;20220215;EcritureLib_0299;20221114;4,39;0,00;D;BQ/324;;
BQ;Banque BQ;BQ/324;20220215;51200000;CompteLib_0002;;;22B109;20220215;EcritureLib_0299;20221114;0,00;4,39;C;BQ/324;;
BQ;Banque BQ;BQ/325;20220215;62700000;CompteLib_0007;;;22B110;20220215;EcritureLib_0300;20221114;2,05;0,00;D;BQ/325;;
BQ;Banque BQ;BQ/325;20220215;51200000;CompteLib_0002;;;22B110;20220215;EcritureLib_0300;20221114;0,00;2,05;C;BQ/325;;
BQ;Banque BQ;BQ/326;20220215;62700000;CompteLib_0007;;;22B111;20220215;EcritureLib_0301;20221114;0,13;0,00;D;BQ/326;;
BQ;Banque BQ;BQ/326;20220215;51200000;CompteLib_0002;;;22B111;20220215;EcritureLib_0301;20221114;0,00;0,13;C;BQ/326;;
BQ;Banque BQ;BQ/327;20220215;61600000;CompteLib_0021;;;22B112;20220215;EcritureLib_0302;20221114;13,63;0,00;D;BQ/327;;
BQ;Banque BQ;BQ/327;20220215;51200000;CompteLib_0002;;;22B112;20220215;EcritureLib_0302;20221114;0,00;13,63;C;BQ/327;;
BQ;Banque BQ;BQ/328;20220215;61600000;CompteLib_0021;;;22B113;20220215;EcritureLib_0303;20221114;20,35;0,00;D;BQ/328;;
BQ;Banque BQ;BQ/328;20220215;51200000;CompteLib_0002;;;22B113;20220215;EcritureLib_0303;20221114;0,00;20,35;C;BQ/328;;
BQ;Banque BQ;BQ/329;20220215;64660100;CompteLib_0026;;;22B114;20220215;EcritureLib_0304;20221114;36,91;0,00;D;BQ/329;;
BQ;Banque BQ;BQ/329;20220215;51200000;CompteLib_0002;;;22B114;20220215;EcritureLib_0304;20221114;0,00;36,91;C;BQ/329;;
BQ;Banque BQ;BQ/330;20220215;64660100;CompteLib_0026;;;22B115;20220215;EcritureLib_0305;20221114;36,91;0,00;D;BQ/330;;
BQ;Banque BQ;BQ/330;20220215;51200000;CompteLib_0002;;;22B115;20220215;EcritureLib_0305;20221114;0,00;36,91;C;BQ/330;;
BQ;Banque BQ;BQ/331;20220215;61600000;CompteLib_0021;;;22B116;20220215;EcritureLib_0306;20221114;13,63;0,00;D;BQ/331;;
BQ;Banque BQ;BQ/331;20220215;51200000;CompteLib_0002;;;22B116;20220215;EcritureLib_0306;20221114;0,00;13,63;C;BQ/331;;
BQ;Banque BQ;BQ/332;20220215;61600000;CompteLib_0021;;;22B117;20220215;EcritureLib_0307;20221114;20,35;0,00;D;BQ/332;;
BQ;Banque BQ;BQ/332;20220215;51200000;CompteLib_0002;;;22B117;20220215;EcritureLib_0307;20221114;0,00;20,35;C;BQ/332;;
BQ;Banque BQ;BQ/333;20220215;70999999;CompteLib_0001;;;22B118;20220215;EcritureLib_0308;20221114;0,00;919,30;C;BQ/333;;
BQ;Banque BQ;BQ/333;20220215;51200000;CompteLib_0002;;;22B118;20220215;EcritureLib_0308;20221114;919,30;0,00;D;BQ/333;;
BQ;Banque BQ;BQ/334;20220215;70999999;CompteLib_0001;;;22B119;20220215;EcritureLib_0309;20221114;0,00;676,10;C;BQ/334;;
BQ;Banque BQ;BQ/334;20220215;51200000;CompteLib_0002;;;22B119;20220215;EcritureLib_0309;20221114;676,10;0,00;D;BQ/334;;
BQ;Banque BQ;BQ/335;20220215;70999999;CompteLib_0001;;;22B120;20220215;EcritureLib_0310;20221114;0,00;312,70;C;BQ/335;;
BQ;Banque BQ;BQ/335;20220215;51200000;CompteLib_0002;;;22B120;20220215;EcritureLib_0310;20221114;312,70;0,00;D;BQ/335;;
BQ;Banque BQ;BQ/336;20220215;70999999;CompteLib_0001;;;22B122;20220215;EcritureLib_0311;20221114;0,00;110,17;C;BQ/336;;
BQ;Banque BQ;BQ/336;20220215;51200000;CompteLib_0002;;;22B122;20220215;EcritureLib_0311;20221114;110,17;0,00;D;BQ/336;;
BQ;Banque BQ;BQ/337;20220216;44566100;CompteLib_0005;;;22B123;20220216;EcritureLib_0312;20221114;17,00;0,00;D;BQ/337;;
BQ;Banque BQ;BQ/337;20220216;65100000;CompteLib_0029;;;22B123;20220216;EcritureLib_0312;20221114;84,98;0,00;D;BQ/337;;
BQ;Banque BQ;BQ/337;20220216;51200000;CompteLib_0002;;;22B123;20220216;EcritureLib_0312;20221114;0,00;101,98;C;BQ/337;;
BQ;Banque BQ;BQ/338;20220216;44566100;CompteLib_0005;;;22B124;20220216;EcritureLib_0313;20221114;7,42;0,00;D;BQ/338;;
BQ;Banque BQ;BQ/338;20220216;65100000;CompteLib_0029;;;22B124;20220216;EcritureLib_0313;20221114;37,09;0,00;D;BQ/338;;
BQ;Banque BQ;BQ/338;20220216;51200000;CompteLib_0002;;;22B124;20220216;EcritureLib_0313;20221114;0,00;44,51;C;BQ/338;;
BQ;Banque BQ;BQ/339;20220216;62700000;CompteLib_0007;;;22B125;20220216;EcritureLib_0314;20221114;0,46;0,00;D;BQ/339;;
BQ;Banque BQ;BQ/339;20220216;51200000;CompteLib_0002;;;22B125;20220216;EcritureLib_0314;20221114;0,00;0,46;C;BQ/339;;
BQ;Banque BQ;BQ/340;20220216;62700000;CompteLib_0007;;;22B126;20220216;EcritureLib_0315;20221114;2,02;0,00;D;BQ/340;;
BQ;Banque BQ;BQ/340;20220216;51200000;CompteLib_0002;;;22B126;20220216;EcritureLib_0315;20221114;0,00;2,02;C;BQ/340;;
BQ;Banque BQ;BQ/341;20220216;64500000;CompteLib_0019;;;22B127;20220216;EcritureLib_0316;20221114;509,00;0,00;D;BQ/341;;
BQ;Banque BQ;BQ/341;20220216;51200000;CompteLib_0002;;;22B127;20220216;EcritureLib_0316;20221114;0,00;509,00;C;BQ/341;;
BQ;Banque BQ;BQ/342;20220216;70999999;CompteLib_0001;;;22B128;20220216;EcritureLib_0317;20221114;0,00;70,40;C;BQ/342;;
BQ;Banque BQ;BQ/342;20220216;51200000;CompteLib_0002;;;22B128;20220216;EcritureLib_0317;20221114;70,40;0,00;D;BQ/342;;
BQ;Banque BQ;BQ/343;20220216;70999999;CompteLib_0001;;;22B129;20220216;EcritureLib_0318;20221114;0,00;308,80;C;BQ/343;;
BQ;Banque BQ;BQ/343;20220216;51200000;CompteLib_0002;;;22B129;20220216;EcritureLib_0318;20221114;308,80;0,00;D;BQ/343;;
BQ;Banque BQ;BQ/344;20220216;70999999;CompteLib_0001;;;22B130;20220216;EcritureLib_0319;20221114;0,00;54,61;C;BQ/344;;
BQ;Banque BQ;BQ/344;20220216;51200000;CompteLib_0002;;;22B130;20220216;EcritureLib_0319;20221114;54,61;0,00;D;BQ/344;;
BQ;Banque BQ;BQ/345;20220217;70999999;CompteLib_0001;;;22B137;20220217;EcritureLib_0320;20221114;0,00;65,39;C;BQ/345;;
BQ;Banque BQ;BQ/345;20220217;51200000;CompteLib_0002;;;22B137;20220217;EcritureLib_0320;20221114;65,39;0,00;D;BQ/345;;
BQ;Banque BQ;BQ/346;20220217;62700000;CompteLib_0007;;;22B132;20220217;EcritureLib_0321;20221114;1,47;0,00;D;BQ/346;;
BQ;Banque BQ;BQ/346;20220217;51200000;CompteLib_0002;;;22B132;20220217;EcritureLib_0321;20221114;0,00;1,47;C;BQ/346;;
BQ;Banque BQ;BQ/347;20220217;62700000;CompteLib_0007;;;22B131;20220217;EcritureLib_0322;20221114;2,10;0,00;D;BQ/347;;
BQ;Banque BQ;BQ/347;20220217;51200000;CompteLib_0002;;;22B131;20220217;EcritureLib_0322;20221114;0,00;2,10;C;BQ/347;;
BQ;Banque BQ;BQ/348;20220217;44566100;CompteLib_0005;;;22B133;20220217;EcritureLib_0323;20221114;30,00;0,00;D;BQ/348;;
BQ;Banque BQ;BQ/348;20220217;62261000;CompteLib_0032;;;22B133;20220217;EcritureLib_0323;20221114;150,00;0,00;D;BQ/348;;
BQ;Banque BQ;BQ/348;20220217;51200000;CompteLib_0002;;;22B133;20220217;EcritureLib_0323;20221114;0,00;180,00;C;BQ/348;;
BQ;Banque BQ;BQ/349;20220217;44566100;CompteLib_0005;;;22B134;20220217;EcritureLib_0324;20221114;5,88;0,00;D;BQ/349;;
BQ;Banque BQ;BQ/349;20220217;62261000;CompteLib_0032;;;22B134;20220217;EcritureLib_0324;20221114;29,40;0,00;D;BQ/349;;
BQ;Banque BQ;BQ/349;20220217;51200000;CompteLib_0002;;;22B134;20220217;EcritureLib_0324;20221114;0,00;35,28;C;BQ/349;;
BQ;Banque BQ;BQ/350;20220217;70999999;CompteLib_0001;;;22B135;20220217;EcritureLib_0325;20221114;0,00;321,33;C;BQ/350;;
BQ;Banque BQ;BQ/350;20220217;51200000;CompteLib_0002;;;22B135;20220217;EcritureLib_0325;20221114;321,33;0,00;D;BQ/350;;
BQ;Banque BQ;BQ/351;20220217;70999999;CompteLib_0001;;;22B136;20220217;EcritureLib_0326;20221114;0,00;225,16;C;BQ/351;;
BQ;Banque BQ;BQ/351;20220217;51200000;CompteLib_0002;;;22B136;20220217;EcritureLib_0326;20221114;225,16;0,00;D;BQ/351;;
BQ;Banque BQ;BQ/352;20220218;70999999;CompteLib_0001;;;22B144;20220218;EcritureLib_0327;20221114;0,00;131,87;C;BQ/352;;
BQ;Banque BQ;BQ/352;20220218;51200000;CompteLib_0002;;;22B144;20220218;EcritureLib_0327;20221114;131,87;0,00;D;BQ/352;;
BQ;Banque BQ;BQ/353;20220218;44566100;CompteLib_0005;;;22B143;20220218;EcritureLib_0328;20221114;17,53;0,00;D;BQ/353;;
BQ;Banque BQ;BQ/353;20220218;60700000;CompteLib_0033;;;22B143;20220218;EcritureLib_0328;20221114;87,67;0,00;D;BQ/353;;
BQ;Banque BQ;BQ/353;20220218;51200000;CompteLib_0002;;;22B143;20220218;EcritureLib_0328;20221114;0,00;105,20;C;BQ/353;;
BQ;Banque BQ;BQ/354;20220218;44571800;CompteLib_0024;;;22B145;20220218;EcritureLib_0329;20221114;0,00;8,18;C;BQ/354;;
BQ;Banque BQ;BQ/354;20220218;70180000;CompteLib_0025;;;22B145;20220218;EcritureLib_0329;20221114;0,00;81,82;C;BQ/354;;
BQ;Banque BQ;BQ/354;20220218;51200000;CompteLib_0002;;;22B145;20220218;EcritureLib_0329;20221114;90,00;0,00;D;BQ/354;;
BQ;Banque BQ;BQ/355;20220218;62700000;CompteLib_0007;;;22B138;20220218;EcritureLib_0330;20221114;1,86;0,00;D;BQ/355;;
BQ;Banque BQ;BQ/355;20220218;51200000;CompteLib_0002;;;22B138;20220218;EcritureLib_0330;20221114;0,00;1,86;C;BQ/355;;
BQ;Banque BQ;BQ/356;20220218;62700000;CompteLib_0007;;;22B139;20220218;EcritureLib_0331;20221114;1,47;0,00;D;BQ/356;;
BQ;Banque BQ;BQ/356;20220218;51200000;CompteLib_0002;;;22B139;20220218;EcritureLib_0331;20221114;0,00;1,47;C;BQ/356;;
BQ;Banque BQ;BQ/357;20220218;70999999;CompteLib_0001;;;22B140;20220218;EcritureLib_0332;20221114;0,00;286,90;C;BQ/357;;
BQ;Banque BQ;BQ/357;20220218;51200000;CompteLib_0002;;;22B140;20220218;EcritureLib_0332;20221114;286,90;0,00;D;BQ/357;;
BQ;Banque BQ;BQ/358;20220218;70999999;CompteLib_0001;;;22B141;20220218;EcritureLib_0333;20221114;0,00;228,10;C;BQ/358;;
BQ;Banque BQ;BQ/358;20220218;51200000;CompteLib_0002;;;22B141;20220218;EcritureLib_0333;20221114;228,10;0,00;D;BQ/358;;
BQ;Banque BQ;BQ/359;20220218;44566100;CompteLib_0005;;;22B142;20220218;EcritureLib_0328;20221114;17,84;0,00;D;BQ/359;;
BQ;Banque BQ;BQ/359;20220218;60100000;CompteLib_0008;;;22B142;20220218;EcritureLib_0328;20221114;324,30;0,00;D;BQ/359;;
BQ;Banque BQ;BQ/359;20220218;51200000;CompteLib_0002;;;22B142;20220218;EcritureLib_0328;20221114;0,00;342,14;C;BQ/359;;
BQ;Banque BQ;BQ/360;20220219;70999999;CompteLib_0001;;;22B150;20220219;EcritureLib_0334;20221114;0,00;163,68;C;BQ/360;;
BQ;Banque BQ;BQ/360;20220219;51200000;CompteLib_0002;;;22B150;20220219;EcritureLib_0334;20221114;163,68;0,00;D;BQ/360;;
BQ;Banque BQ;BQ/361;20220219;70999999;CompteLib_0001;;;22B152;20220219;EcritureLib_0335;20221114;0,00;720,00;C;BQ/361;;
BQ;Banque BQ;BQ/361;20220219;51200000;CompteLib_0002;;;22B152;20220219;EcritureLib_0335;20221114;720,00;0,00;D;BQ/361;;
BQ;Banque BQ;BQ/362;20220219;62700000;CompteLib_0007;;;22B146;20220219;EcritureLib_0336;20221114;0,85;0,00;D;BQ/362;;
BQ;Banque BQ;BQ/362;20220219;51200000;CompteLib_0002;;;22B146;20220219;EcritureLib_0336;20221114;0,00;0,85;C;BQ/362;;
BQ;Banque BQ;BQ/363;20220219;62700000;CompteLib_0007;;;22B147;20220219;EcritureLib_0337;20221114;1,06;0,00;D;BQ/363;;
BQ;Banque BQ;BQ/363;20220219;51200000;CompteLib_0002;;;22B147;20220219;EcritureLib_0337;20221114;0,00;1,06;C;BQ/363;;
BQ;Banque BQ;BQ/364;20220219;62700000;CompteLib_0007;;;22B148;20220219;EcritureLib_0338;20221114;2,89;0,00;D;BQ/364;;
BQ;Banque BQ;BQ/364;20220219;51200000;CompteLib_0002;;;22B148;20220219;EcritureLib_0338;20221114;0,00;2,89;C;BQ/364;;
BQ;Banque BQ;BQ/365;20220219;70999999;CompteLib_0001;;;22B149;20220219;EcritureLib_0339;20221114;0,00;130,90;C;BQ/365;;
BQ;Banque BQ;BQ/365;20220219;51200000;CompteLib_0002;;;22B149;20220219;EcritureLib_0339;20221114;130,90;0,00;D;BQ/365;;
BQ;Banque BQ;BQ/366;20220219;70999999;CompteLib_0001;;;22B151;20220219;EcritureLib_0340;20221114;0,00;420,70;C;BQ/366;;
BQ;Banque BQ;BQ/366;20220219;51200000;CompteLib_0002;;;22B151;20220219;EcritureLib_0340;20221114;420,70;0,00;D;BQ/366;;
BQ;Banque BQ;BQ/367;20220221;70999999;CompteLib_0001;;;22B158;20220221;EcritureLib_0341;20221114;0,00;57,40;C;BQ/367;;
BQ;Banque BQ;BQ/367;20220221;51200000;CompteLib_0002;;;22B158;20220221;EcritureLib_0341;20221114;57,40;0,00;D;BQ/367;;
BQ;Banque BQ;BQ/368;20220221;70999999;CompteLib_0001;;;22B157;20220221;EcritureLib_0342;20221114;0,00;760,30;C;BQ/368;;
BQ;Banque BQ;BQ/368;20220221;51200000;CompteLib_0002;;;22B157;20220221;EcritureLib_0342;20221114;760,30;0,00;D;BQ/368;;
BQ;Banque BQ;BQ/369;20220221;70999999;CompteLib_0001;;;22B159;20220221;EcritureLib_0343;20221114;0,00;233,20;C;BQ/369;;
BQ;Banque BQ;BQ/369;20220221;51200000;CompteLib_0002;;;22B159;20220221;EcritureLib_0343;20221114;233,20;0,00;D;BQ/369;;
BQ;Banque BQ;BQ/370;20220221;62700000;CompteLib_0007;;;22B153;20220221;EcritureLib_0344;20221114;4,93;0,00;D;BQ/370;;
BQ;Banque BQ;BQ/370;20220221;51200000;CompteLib_0002;;;22B153;20220221;EcritureLib_0344;20221114;0,00;4,93;C;BQ/370;;
BQ;Banque BQ;BQ/371;20220221;62700000;CompteLib_0007;;;22B154;20220221;EcritureLib_0345;20221114;0,37;0,00;D;BQ/371;;
BQ;Banque BQ;BQ/371;20220221;51200000;CompteLib_0002;;;22B154;20220221;EcritureLib_0345;20221114;0,00;0,37;C;BQ/371;;
BQ;Banque BQ;BQ/372;20220221;62700000;CompteLib_0007;;;22B155;20220221;EcritureLib_0346;20221114;1,52;0,00;D;BQ/372;;
BQ;Banque BQ;BQ/372;20220221;51200000;CompteLib_0002;;;22B155;20220221;EcritureLib_0346;20221114;0,00;1,52;C;BQ/372;;
BQ;Banque BQ;BQ/373;20220221;44566100;CompteLib_0005;;;22B156;20220221;EcritureLib_0347;20221114;5,98;0,00;D;BQ/373;;
BQ;Banque BQ;BQ/373;20220221;61350000;CompteLib_0023;;;22B156;20220221;EcritureLib_0347;20221114;29,90;0,00;D;BQ/373;;
BQ;Banque BQ;BQ/373;20220221;51200000;CompteLib_0002;;;22B156;20220221;EcritureLib_0347;20221114;0,00;35,88;C;BQ/373;;
BQ;Banque BQ;BQ/374;20220222;70999999;CompteLib_0001;;;22B161;20220222;EcritureLib_0348;20221114;0,00;99,03;C;BQ/374;;
BQ;Banque BQ;BQ/374;20220222;51200000;CompteLib_0002;;;22B161;20220222;EcritureLib_0348;20221114;99,03;0,00;D;BQ/374;;
BQ;Banque BQ;BQ/375;20220222;44566100;CompteLib_0005;;;22B160;20220222;EcritureLib_0349;20221114;35,81;0,00;D;BQ/375;;
BQ;Banque BQ;BQ/375;20220222;60100000;CompteLib_0008;;;22B160;20220222;EcritureLib_0349;20221114;651,16;0,00;D;BQ/375;;
BQ;Banque BQ;BQ/375;20220222;51200000;CompteLib_0002;;;22B160;20220222;EcritureLib_0349;20221114;0,00;686,97;C;BQ/375;;
BQ;Banque BQ;BQ/376;20220223;62700000;CompteLib_0007;;;22B166;20220223;EcritureLib_0350;20221114;1,66;0,00;D;BQ/376;;
BQ;Banque BQ;BQ/376;20220223;51200000;CompteLib_0002;;;22B166;20220223;EcritureLib_0350;20221114;0,00;1,66;C;BQ/376;;
BQ;Banque BQ;BQ/377;20220223;62700000;CompteLib_0007;;;22B167;20220223;EcritureLib_0351;20221114;0,67;0,00;D;BQ/377;;
BQ;Banque BQ;BQ/377;20220223;51200000;CompteLib_0002;;;22B167;20220223;EcritureLib_0351;20221114;0,00;0,67;C;BQ/377;;
BQ;Banque BQ;BQ/378;20220223;70999999;CompteLib_0001;;;22B162;20220223;EcritureLib_0352;20221114;0,00;103,30;C;BQ/378;;
BQ;Banque BQ;BQ/378;20220223;51200000;CompteLib_0002;;;22B162;20220223;EcritureLib_0352;20221114;103,30;0,00;D;BQ/378;;
BQ;Banque BQ;BQ/379;20220223;70999999;CompteLib_0001;;;22B163;20220223;EcritureLib_0353;20221114;0,00;239,80;C;BQ/379;;
BQ;Banque BQ;BQ/379;20220223;51200000;CompteLib_0002;;;22B163;20220223;EcritureLib_0353;20221114;239,80;0,00;D;BQ/379;;
BQ;Banque BQ;BQ/380;20220223;70999999;CompteLib_0001;;;22B164;20220223;EcritureLib_0354;20221114;0,00;55,60;C;BQ/380;;
BQ;Banque BQ;BQ/380;20220223;51200000;CompteLib_0002;;;22B164;20220223;EcritureLib_0354;20221114;55,60;0,00;D;BQ/380;;
BQ;Banque BQ;BQ/381;20220223;70640000;CompteLib_0034;;;22B165;20220223;EcritureLib_0355;20221114;0,00;954,56;C;BQ/381;;
BQ;Banque BQ;BQ/381;20220223;51200000;CompteLib_0002;;;22B165;20220223;EcritureLib_0355;20221114;954,56;0,00;D;BQ/381;;
BQ;Banque BQ;BQ/382;20220224;62700000;CompteLib_0007;;;22B169;20220224;EcritureLib_0356;20221114;1,58;0,00;D;BQ/382;;
BQ;Banque BQ;BQ/382;20220224;51200000;CompteLib_0002;;;22B169;20220224;EcritureLib_0356;20221114;0,00;1,58;C;BQ/382;;
BQ;Banque BQ;BQ/383;20220224;70999999;CompteLib_0001;;;22B172;20220224;EcritureLib_0357;20221114;0,00;243,90;C;BQ/383;;
BQ;Banque BQ;BQ/383;20220224;51200000;CompteLib_0002;;;22B172;20220224;EcritureLib_0357;20221114;243,90;0,00;D;BQ/383;;
BQ;Banque BQ;BQ/384;20220224;70999999;CompteLib_0001;;;22B171;20220224;EcritureLib_0358;20221114;0,00;45,20;C;BQ/384;;
BQ;Banque BQ;BQ/384;20220224;51200000;CompteLib_0002;;;22B171;20220224;EcritureLib_0358;20221114;45,20;0,00;D;BQ/384;;
BQ;Banque BQ;BQ/385;20220224;44566100;CompteLib_0005;;;22B170;20220224;EcritureLib_0359;20221114;5,20;0,00;D;BQ/385;;
BQ;Banque BQ;BQ/385;20220224;61350000;CompteLib_0023;;;22B170;20220224;EcritureLib_0359;20221114;26,00;0,00;D;BQ/385;;
BQ;Banque BQ;BQ/385;20220224;51200000;CompteLib_0002;;;22B170;20220224;EcritureLib_0359;20221114;0,00;31,20;C;BQ/385;;
BQ;Banque BQ;BQ/386;20220224;62700000;CompteLib_0007;;;22B168;20220224;EcritureLib_0360;20221114;0,29;0,00;D;BQ/386;;
BQ;Banque BQ;BQ/386;20220224;51200000;CompteLib_0002;;;22B168;20220224;EcritureLib_0360;20221114;0,00;0,29;C;BQ/386;;
BQ;Banque BQ;BQ/387;20220225;70999999;CompteLib_0001;;;22B178;20220225;EcritureLib_0361;20221114;0,00;101,65;C;BQ/387;;
BQ;Banque BQ;BQ/387;20220225;51200000;CompteLib_0002;;;22B178;20220225;EcritureLib_0361;20221114;101,65;0,00;D;BQ/387;;
BQ;Banque BQ;BQ/388;20220225;70999999;CompteLib_0001;;;22B177;20220225;EcritureLib_0362;20221114;0,00;433,09;C;BQ/388;;
BQ;Banque BQ;BQ/388;20220225;51200000;CompteLib_0002;;;22B177;20220225;EcritureLib_0362;20221114;433,09;0,00;D;BQ/388;;
BQ;Banque BQ;BQ/389;20220225;70999999;CompteLib_0001;;;22B176;20220225;EcritureLib_0363;20221114;0,00;102,40;C;BQ/389;;
BQ;Banque BQ;BQ/389;20220225;51200000;CompteLib_0002;;;22B176;20220225;EcritureLib_0363;20221114;102,40;0,00;D;BQ/389;;
BQ;Banque BQ;BQ/390;20220225;44566100;CompteLib_0005;;;22B175;20220225;EcritureLib_0364;20221114;17,40;0,00;D;BQ/390;;
BQ;Banque BQ;BQ/390;20220225;62600000;CompteLib_0028;;;22B175;20220225;EcritureLib_0364;20221114;87,00;0,00;D;BQ/390;;
BQ;Banque BQ;BQ/390;20220225;51200000;CompteLib_0002;;;22B175;20220225;EcritureLib_0364;20221114;0,00;104,40;C;BQ/390;;
BQ;Banque BQ;BQ/391;20220225;62700000;CompteLib_0007;;;22B174;20220225;EcritureLib_0365;20221114;2,81;0,00;D;BQ/391;;
BQ;Banque BQ;BQ/391;20220225;51200000;CompteLib_0002;;;22B174;20220225;EcritureLib_0365;20221114;0,00;2,81;C;BQ/391;;
BQ;Banque BQ;BQ/392;20220225;62700000;CompteLib_0007;;;22B173;20220225;EcritureLib_0366;20221114;0,67;0,00;D;BQ/392;;
BQ;Banque BQ;BQ/392;20220225;51200000;CompteLib_0002;;;22B173;20220225;EcritureLib_0366;20221114;0,00;0,67;C;BQ/392;;
BQ;Banque BQ;BQ/393;20220226;62700000;CompteLib_0007;;;22B179;20220226;EcritureLib_0367;20221114;3,14;0,00;D;BQ/393;;
BQ;Banque BQ;BQ/393;20220226;51200000;CompteLib_0002;;;22B179;20220226;EcritureLib_0367;20221114;0,00;3,14;C;BQ/393;;
BQ;Banque BQ;BQ/394;20220226;62700000;CompteLib_0007;;;22B180;20220226;EcritureLib_0368;20221114;1,79;0,00;D;BQ/394;;
BQ;Banque BQ;BQ/394;20220226;51200000;CompteLib_0002;;;22B180;20220226;EcritureLib_0368;20221114;0,00;1,79;C;BQ/394;;
BQ;Banque BQ;BQ/395;20220226;70999999;CompteLib_0001;;;22B181;20220226;EcritureLib_0369;20221114;0,00;482,80;C;BQ/395;;
BQ;Banque BQ;BQ/395;20220226;51200000;CompteLib_0002;;;22B181;20220226;EcritureLib_0369;20221114;482,80;0,00;D;BQ/395;;
BQ;Banque BQ;BQ/396;20220226;70999999;CompteLib_0001;;;22B182;20220226;EcritureLib_0370;20221114;0,00;273,30;C;BQ/396;;
BQ;Banque BQ;BQ/396;20220226;51200000;CompteLib_0002;;;22B182;20220226;EcritureLib_0370;20221114;273,30;0,00;D;BQ/396;;
BQ;Banque BQ;BQ/397;20220228;44566100;CompteLib_0005;;;22B188;20220228;EcritureLib_0371;20221114;1,17;0,00;D;BQ/397;;
BQ;Banque BQ;BQ/397;20220228;62810000;CompteLib_0012;;;22B188;20220228;EcritureLib_0371;20221114;5,83;0,00;D;BQ/397;;
BQ;Banque BQ;BQ/397;20220228;51200000;CompteLib_0002;;;22B188;20220228;EcritureLib_0371;20221114;0,00;7,00;C;BQ/397;;
BQ;Banque BQ;BQ/398;20220228;44571800;CompteLib_0024;;;22B189;20220228;EcritureLib_0372;20221114;0,00;19,09;C;BQ/398;;
BQ;Banque BQ;BQ/398;20220228;70180000;CompteLib_0025;;;22B189;20220228;EcritureLib_0372;20221114;0,00;190,91;C;BQ/398;;
BQ;Banque BQ;BQ/398;20220228;51200000;CompteLib_0002;;;22B189;20220228;EcritureLib_0372;20221114;210,00;0,00;D;BQ/398;;
BQ;Banque BQ;BQ/399;20220228;64100000;CompteLib_0030;;;22B190;20220228;EcritureLib_0181;20221114;1248,90;0,00;D;BQ/399;;
BQ;Banque BQ;BQ/399;20220228;51200000;CompteLib_0002;;;22B190;20220228;EcritureLib_0181;20221114;0,00;1248,90;C;BQ/399;;
BQ;Banque BQ;BQ/400;20220228;64100000;CompteLib_0030;;;22B191;20220228;EcritureLib_0180;20221114;353,98;0,00;D;BQ/400;;
BQ;Banque BQ;BQ/400;20220228;51200000;CompteLib_0002;;;22B191;20220228;EcritureLib_0180;20221114;0,00;353,98;C;BQ/400;;
BQ;Banque BQ;BQ/401;20220228;62700000;CompteLib_0007;;;22B185;20220228;EcritureLib_0373;20221114;2,75;0,00;D;BQ/401;;
BQ;Banque BQ;BQ/401;20220228;51200000;CompteLib_0002;;;22B185;20220228;EcritureLib_0373;20221114;0,00;2,75;C;BQ/401;;
BQ;Banque BQ;BQ/402;20220228;62700000;CompteLib_0007;;;22B184;20220228;EcritureLib_0374;20221114;6,98;0,00;D;BQ/402;;
BQ;Banque BQ;BQ/402;20220228;51200000;CompteLib_0002;;;22B184;20220228;EcritureLib_0374;20221114;0,00;6,98;C;BQ/402;;
BQ;Banque BQ;BQ/403;20220228;44566100;CompteLib_0005;;;22B183;20220228;EcritureLib_0375;20221114;6,62;0,00;D;BQ/403;;
BQ;Banque BQ;BQ/403;20220228;61500000;CompteLib_0031;;;22B183;20220228;EcritureLib_0375;20221114;33,11;0,00;D;BQ/403;;
BQ;Banque BQ;BQ/403;20220228;51200000;CompteLib_0002;;;22B183;20220228;EcritureLib_0375;20221114;0,00;39,73;C;BQ/403;;
BQ;Banque BQ;BQ/404;20220228;70999999;CompteLib_0001;;;22B187;20220228;EcritureLib_0376;20221114;0,00;422,40;C;BQ/404;;
BQ;Banque BQ;BQ/404;20220228;51200000;CompteLib_0002;;;22B187;20220228;EcritureLib_0376;20221114;422,40;0,00;D;BQ/404;;
BQ;Banque BQ;BQ/405;20220228;70999999;CompteLib_0001;;;22B186;20220228;EcritureLib_0377;20221114;0,00;766,94;C;BQ/405;;
BQ;Banque BQ;BQ/405;20220228;51200000;CompteLib_0002;;;22B186;20220228;EcritureLib_0377;20221114;766,94;0,00;D;BQ/405;;
BQ;Banque BQ;BQ/406;20220301;64400000;CompteLib_0003;;;22C1;20220301;EcritureLib_0002;20221114;1300,00;0,00;D;BQ/406;;
BQ;Banque BQ;BQ/406;20220301;51200000;CompteLib_0002;;;22C1;20220301;EcritureLib_0002;20221114;0,00;1300,00;C;BQ/406;;
BQ;Banque BQ;BQ/407;20220301;47100000;CompteLib_0004;;;22C2;20220301;EcritureLib_0003;20221114;1300,00;0,00;D;BQ/407;;
BQ;Banque BQ;BQ/407;20220301;51200000;CompteLib_0002;;;22C2;20220301;EcritureLib_0003;20221114;0,00;1300,00;C;BQ/407;;
BQ;Banque BQ;BQ/408;20220301;44566100;CompteLib_0005;;;22C3;20220301;EcritureLib_0004;20221114;419,51;0,00;D;BQ/408;;
BQ;Banque BQ;BQ/408;20220301;61321000;CompteLib_0006;;;22C3;20220301;EcritureLib_0004;20221114;2097,56;0,00;D;BQ/408;;
BQ;Banque BQ;BQ/408;20220301;51200000;CompteLib_0002;;;22C3;20220301;EcritureLib_0004;20221114;0,00;2517,07;C;BQ/408;;
BQ;Banque BQ;BQ/409;20220302;44566100;CompteLib_0005;;;22C10;20220302;EcritureLib_0166;20221114;0,78;0,00;D;BQ/409;;
BQ;Banque BQ;BQ/409;20220302;60100000;CompteLib_0008;;;22C10;20220302;EcritureLib_0166;20221114;14,22;0,00;D;BQ/409;;
BQ;Banque BQ;BQ/409;20220302;51200000;CompteLib_0002;;;22C10;20220302;EcritureLib_0166;20221114;0,00;15,00;C;BQ/409;;
BQ;Banque BQ;BQ/410;20220302;62700000;CompteLib_0007;;;22C4;20220302;EcritureLib_0378;20221114;1,65;0,00;D;BQ/410;;
BQ;Banque BQ;BQ/410;20220302;51200000;CompteLib_0002;;;22C4;20220302;EcritureLib_0378;20221114;0,00;1,65;C;BQ/410;;
BQ;Banque BQ;BQ/411;20220302;62700000;CompteLib_0007;;;22C5;20220302;EcritureLib_0379;20221114;1,47;0,00;D;BQ/411;;
BQ;Banque BQ;BQ/411;20220302;51200000;CompteLib_0002;;;22C5;20220302;EcritureLib_0379;20221114;0,00;1,47;C;BQ/411;;
BQ;Banque BQ;BQ/412;20220302;70999999;CompteLib_0001;;;22C6;20220302;EcritureLib_0380;20221114;0,00;252,10;C;BQ/412;;
BQ;Banque BQ;BQ/412;20220302;51200000;CompteLib_0002;;;22C6;20220302;EcritureLib_0380;20221114;252,10;0,00;D;BQ/412;;
BQ;Banque BQ;BQ/413;20220302;70999999;CompteLib_0001;;;22C7;20220302;EcritureLib_0381;20221114;0,00;225,90;C;BQ/413;;
BQ;Banque BQ;BQ/413;20220302;51200000;CompteLib_0002;;;22C7;20220302;EcritureLib_0381;20221114;225,90;0,00;D;BQ/413;;
BQ;Banque BQ;BQ/414;20220302;70999999;CompteLib_0001;;;22C8;20220302;EcritureLib_0382;20221114;0,00;100,86;C;BQ/414;;
BQ;Banque BQ;BQ/414;20220302;51200000;CompteLib_0002;;;22C8;20220302;EcritureLib_0382;20221114;100,86;0,00;D;BQ/414;;
BQ;Banque BQ;BQ/415;20220302;44566100;CompteLib_0005;;;22C9;20220302;EcritureLib_0166;20221114;2,82;0,00;D;BQ/415;;
BQ;Banque BQ;BQ/415;20220302;60100000;CompteLib_0008;;;22C9;20220302;EcritureLib_0166;20221114;51,18;0,00;D;BQ/415;;
BQ;Banque BQ;BQ/415;20220302;51200000;CompteLib_0002;;;22C9;20220302;EcritureLib_0166;20221114;0,00;54,00;C;BQ/415;;
BQ;Banque BQ;BQ/416;20220302;44566100;CompteLib_0005;;;22C11;20220302;EcritureLib_0137;20221114;2,69;0,00;D;BQ/416;;
BQ;Banque BQ;BQ/416;20220302;62530000;CompteLib_0013;;;22C11;20220302;EcritureLib_0137;20221114;26,90;0,00;D;BQ/416;;
BQ;Banque BQ;BQ/416;20220302;51200000;CompteLib_0002;;;22C11;20220302;EcritureLib_0137;20221114;0,00;29,59;C;BQ/416;;
BQ;Banque BQ;BQ/417;20220302;44566100;CompteLib_0005;;;22C12;20220302;EcritureLib_0137;20221114;2,34;0,00;D;BQ/417;;
BQ;Banque BQ;BQ/417;20220302;62530000;CompteLib_0013;;;22C12;20220302;EcritureLib_0137;20221114;23,45;0,00;D;BQ/417;;
BQ;Banque BQ;BQ/417;20220302;51200000;CompteLib_0002;;;22C12;20220302;EcritureLib_0137;20221114;0,00;25,79;C;BQ/417;;
BQ;Banque BQ;BQ/418;20220302;44566100;CompteLib_0005;;;22C13;20220302;EcritureLib_0137;20221114;0,42;0,00;D;BQ/418;;
BQ;Banque BQ;BQ/418;20220302;60100000;CompteLib_0008;;;22C13;20220302;EcritureLib_0137;20221114;7,68;0,00;D;BQ/418;;
BQ;Banque BQ;BQ/418;20220302;51200000;CompteLib_0002;;;22C13;20220302;EcritureLib_0137;20221114;0,00;8,10;C;BQ/418;;
BQ;Banque BQ;BQ/419;20220302;44566100;CompteLib_0005;;;22C14;20220302;EcritureLib_0138;20221114;4,61;0,00;D;BQ/419;;
BQ;Banque BQ;BQ/419;20220302;60100000;CompteLib_0008;;;22C14;20220302;EcritureLib_0138;20221114;83,90;0,00;D;BQ/419;;
BQ;Banque BQ;BQ/419;20220302;51200000;CompteLib_0002;;;22C14;20220302;EcritureLib_0138;20221114;0,00;88,51;C;BQ/419;;
BQ;Banque BQ;BQ/420;20220302;44566100;CompteLib_0005;;;22C15;20220302;EcritureLib_0383;20221114;77,28;0,00;D;BQ/420;;
BQ;Banque BQ;BQ/420;20220302;60700000;CompteLib_0033;;;22C15;20220302;EcritureLib_0383;20221114;386,40;0,00;D;BQ/420;;
BQ;Banque BQ;BQ/420;20220302;51200000;CompteLib_0002;;;22C15;20220302;EcritureLib_0383;20221114;0,00;463,68;C;BQ/420;;
BQ;Banque BQ;BQ/421;20220303;70999999;CompteLib_0001;;;22C23;20220303;EcritureLib_0384;20221114;0,00;10,34;C;BQ/421;;
BQ;Banque BQ;BQ/421;20220303;51200000;CompteLib_0002;;;22C23;20220303;EcritureLib_0384;20221114;10,34;0,00;D;BQ/421;;
BQ;Banque BQ;BQ/422;20220303;70999999;CompteLib_0001;;;22C20;20220303;EcritureLib_0385;20221114;0,00;112,69;C;BQ/422;;
BQ;Banque BQ;BQ/422;20220303;51200000;CompteLib_0002;;;22C20;20220303;EcritureLib_0385;20221114;112,69;0,00;D;BQ/422;;
BQ;Banque BQ;BQ/423;20220303;44566100;CompteLib_0005;;;22C21;20220303;EcritureLib_0386;20221114;12,22;0,00;D;BQ/423;;
BQ;Banque BQ;BQ/423;20220303;60100000;CompteLib_0008;;;22C21;20220303;EcritureLib_0386;20221114;222,13;0,00;D;BQ/423;;
BQ;Banque BQ;BQ/423;20220303;51200000;CompteLib_0002;;;22C21;20220303;EcritureLib_0386;20221114;0,00;234,35;C;BQ/423;;
BQ;Banque BQ;BQ/424;20220303;70999999;CompteLib_0001;;;22C19;20220303;EcritureLib_0387;20221114;0,00;65,22;C;BQ/424;;
BQ;Banque BQ;BQ/424;20220303;51200000;CompteLib_0002;;;22C19;20220303;EcritureLib_0387;20221114;65,22;0,00;D;BQ/424;;
BQ;Banque BQ;BQ/425;20220303;44571800;CompteLib_0024;;;22C22;20220303;EcritureLib_0388;20221114;0,00;10,77;C;BQ/425;;
BQ;Banque BQ;BQ/425;20220303;70180000;CompteLib_0025;;;22C22;20220303;EcritureLib_0388;20221114;0,00;107,73;C;BQ/425;;
BQ;Banque BQ;BQ/425;20220303;51200000;CompteLib_0002;;;22C22;20220303;EcritureLib_0388;20221114;118,50;0,00;D;BQ/425;;
BQ;Banque BQ;BQ/426;20220303;64500000;CompteLib_0019;;;22C18;20220303;EcritureLib_0389;20221114;105,25;0,00;D;BQ/426;;
BQ;Banque BQ;BQ/426;20220303;51200000;CompteLib_0002;;;22C18;20220303;EcritureLib_0389;20221114;0,00;105,25;C;BQ/426;;
BQ;Banque BQ;BQ/427;20220303;62700000;CompteLib_0007;;;22C17;20220303;EcritureLib_0390;20221114;0,73;0,00;D;BQ/427;;
BQ;Banque BQ;BQ/427;20220303;51200000;CompteLib_0002;;;22C17;20220303;EcritureLib_0390;20221114;0,00;0,73;C;BQ/427;;
BQ;Banque BQ;BQ/428;20220303;62700000;CompteLib_0007;;;22C16;20220303;EcritureLib_0391;20221114;0,42;0,00;D;BQ/428;;
BQ;Banque BQ;BQ/428;20220303;51200000;CompteLib_0002;;;22C16;20220303;EcritureLib_0391;20221114;0,00;0,42;C;BQ/428;;
BQ;Banque BQ;BQ/429;20220304;44566100;CompteLib_0005;;;22C36;20220304;EcritureLib_0392;20221114;0,36;0,00;D;BQ/429;;
BQ;Banque BQ;BQ/429;20220304;60100000;CompteLib_0008;;;22C36;20220304;EcritureLib_0392;20221114;6,64;0,00;D;BQ/429;;
BQ;Banque BQ;BQ/429;20220304;51200000;CompteLib_0002;;;22C36;20220304;EcritureLib_0392;20221114;0,00;7,00;C;BQ/429;;
BQ;Banque BQ;BQ/430;20220304;44566100;CompteLib_0005;;;22C24;20220304;EcritureLib_0393;20221114;0,08;0,00;D;BQ/430;;
BQ;Banque BQ;BQ/430;20220304;60100000;CompteLib_0008;;;22C24;20220304;EcritureLib_0393;20221114;1,54;0,00;D;BQ/430;;
BQ;Banque BQ;BQ/430;20220304;51200000;CompteLib_0002;;;22C24;20220304;EcritureLib_0393;20221114;0,00;1,62;C;BQ/430;;
BQ;Banque BQ;BQ/431;20220304;44566100;CompteLib_0005;;;22C25;20220304;EcritureLib_0394;20221114;1,66;0,00;D;BQ/431;;
BQ;Banque BQ;BQ/431;20220304;60100000;CompteLib_0008;;;22C25;20220304;EcritureLib_0394;20221114;8,30;0,00;D;BQ/431;;
BQ;Banque BQ;BQ/431;20220304;51200000;CompteLib_0002;;;22C25;20220304;EcritureLib_0394;20221114;0,00;9,96;C;BQ/431;;
BQ;Banque BQ;BQ/432;20220304;44566100;CompteLib_0005;;;22C26;20220304;EcritureLib_0394;20221114;0,10;0,00;D;BQ/432;;
BQ;Banque BQ;BQ/432;20220304;60100000;CompteLib_0008;;;22C26;20220304;EcritureLib_0394;20221114;1,89;0,00;D;BQ/432;;
BQ;Banque BQ;BQ/432;20220304;51200000;CompteLib_0002;;;22C26;20220304;EcritureLib_0394;20221114;0,00;1,99;C;BQ/432;;
BQ;Banque BQ;BQ/433;20220304;70999999;CompteLib_0001;;;22C27;20220304;EcritureLib_0395;20221114;0,00;206,97;C;BQ/433;;
BQ;Banque BQ;BQ/433;20220304;51200000;CompteLib_0002;;;22C27;20220304;EcritureLib_0395;20221114;206,97;0,00;D;BQ/433;;
BQ;Banque BQ;BQ/434;20220304;70999999;CompteLib_0001;;;22C28;20220304;EcritureLib_0396;20221114;0,00;593,63;C;BQ/434;;
BQ;Banque BQ;BQ/434;20220304;51200000;CompteLib_0002;;;22C28;20220304;EcritureLib_0396;20221114;593,63;0,00;D;BQ/434;;
BQ;Banque BQ;BQ/435;20220304;44566100;CompteLib_0005;;;22C29;20220304;EcritureLib_0397;20221114;0,33;0,00;D;BQ/435;;
BQ;Banque BQ;BQ/435;20220304;60100000;CompteLib_0008;;;22C29;20220304;EcritureLib_0397;20221114;6,07;0,00;D;BQ/435;;
BQ;Banque BQ;BQ/435;20220304;51200000;CompteLib_0002;;;22C29;20220304;EcritureLib_0397;20221114;0,00;6,40;C;BQ/435;;
BQ;Banque BQ;BQ/436;20220304;44566100;CompteLib_0005;;;22C30;20220304;EcritureLib_0398;20221114;0,16;0,00;D;BQ/436;;
BQ;Banque BQ;BQ/436;20220304;60100000;CompteLib_0008;;;22C30;20220304;EcritureLib_0398;20221114;2,84;0,00;D;BQ/436;;
BQ;Banque BQ;BQ/436;20220304;51200000;CompteLib_0002;;;22C30;20220304;EcritureLib_0398;20221114;0,00;3,00;C;BQ/436;;
BQ;Banque BQ;BQ/437;20220304;44566100;CompteLib_0005;;;22C31;20220304;EcritureLib_0399;20221114;0,16;0,00;D;BQ/437;;
BQ;Banque BQ;BQ/437;20220304;60100000;CompteLib_0008;;;22C31;20220304;EcritureLib_0399;20221114;2,84;0,00;D;BQ/437;;
BQ;Banque BQ;BQ/437;20220304;51200000;CompteLib_0002;;;22C31;20220304;EcritureLib_0399;20221114;0,00;3,00;C;BQ/437;;
BQ;Banque BQ;BQ/438;20220304;44566100;CompteLib_0005;;;22C32;20220304;EcritureLib_0400;20221114;0,63;0,00;D;BQ/438;;
BQ;Banque BQ;BQ/438;20220304;60100000;CompteLib_0008;;;22C32;20220304;EcritureLib_0400;20221114;11,47;0,00;D;BQ/438;;
BQ;Banque BQ;BQ/438;20220304;51200000;CompteLib_0002;;;22C32;20220304;EcritureLib_0400;20221114;0,00;12,10;C;BQ/438;;
BQ;Banque BQ;BQ/439;20220304;44566100;CompteLib_0005;;;22C33;20220304;EcritureLib_0401;20221114;0,21;0,00;D;BQ/439;;
BQ;Banque BQ;BQ/439;20220304;60100000;CompteLib_0008;;;22C33;20220304;EcritureLib_0401;20221114;3,79;0,00;D;BQ/439;;
BQ;Banque BQ;BQ/439;20220304;51200000;CompteLib_0002;;;22C33;20220304;EcritureLib_0401;20221114;0,00;4,00;C;BQ/439;;
BQ;Banque BQ;BQ/440;20220304;44566100;CompteLib_0005;;;22C34;20220304;EcritureLib_0402;20221114;0,25;0,00;D;BQ/440;;
BQ;Banque BQ;BQ/440;20220304;60100000;CompteLib_0008;;;22C34;20220304;EcritureLib_0402;20221114;4,45;0,00;D;BQ/440;;
BQ;Banque BQ;BQ/440;20220304;51200000;CompteLib_0002;;;22C34;20220304;EcritureLib_0402;20221114;0,00;4,70;C;BQ/440;;
BQ;Banque BQ;BQ/441;20220304;44566100;CompteLib_0005;;;22C35;20220304;EcritureLib_0403;20221114;0,16;0,00;D;BQ/441;;
BQ;Banque BQ;BQ/441;20220304;60100000;CompteLib_0008;;;22C35;20220304;EcritureLib_0403;20221114;2,84;0,00;D;BQ/441;;
BQ;Banque BQ;BQ/441;20220304;51200000;CompteLib_0002;;;22C35;20220304;EcritureLib_0403;20221114;0,00;3,00;C;BQ/441;;
BQ;Banque BQ;BQ/442;20220304;44566100;CompteLib_0005;;;22C37;20220304;EcritureLib_0404;20221114;0,31;0,00;D;BQ/442;;
BQ;Banque BQ;BQ/442;20220304;60100000;CompteLib_0008;;;22C37;20220304;EcritureLib_0404;20221114;5,69;0,00;D;BQ/442;;
BQ;Banque BQ;BQ/442;20220304;51200000;CompteLib_0002;;;22C37;20220304;EcritureLib_0404;20221114;0,00;6,00;C;BQ/442;;
BQ;Banque BQ;BQ/443;20220304;44566100;CompteLib_0005;;;22C38;20220304;EcritureLib_0405;20221114;0,27;0,00;D;BQ/443;;
BQ;Banque BQ;BQ/443;20220304;60100000;CompteLib_0008;;;22C38;20220304;EcritureLib_0405;20221114;4,83;0,00;D;BQ/443;;
BQ;Banque BQ;BQ/443;20220304;51200000;CompteLib_0002;;;22C38;20220304;EcritureLib_0405;20221114;0,00;5,10;C;BQ/443;;
BQ;Banque BQ;BQ/444;20220304;44566100;CompteLib_0005;;;22C39;20220304;EcritureLib_0406;20221114;0,26;0,00;D;BQ/444;;
BQ;Banque BQ;BQ/444;20220304;60100000;CompteLib_0008;;;22C39;20220304;EcritureLib_0406;20221114;4,74;0,00;D;BQ/444;;
BQ;Banque BQ;BQ/444;20220304;51200000;CompteLib_0002;;;22C39;20220304;EcritureLib_0406;20221114;0,00;5,00;C;BQ/444;;
BQ;Banque BQ;BQ/445;20220304;44566100;CompteLib_0005;;;22C40;20220304;EcritureLib_0407;20221114;0,53;0,00;D;BQ/445;;
BQ;Banque BQ;BQ/445;20220304;60100000;CompteLib_0008;;;22C40;20220304;EcritureLib_0407;20221114;9,57;0,00;D;BQ/445;;
BQ;Banque BQ;BQ/445;20220304;51200000;CompteLib_0002;;;22C40;20220304;EcritureLib_0407;20221114;0,00;10,10;C;BQ/445;;
BQ;Banque BQ;BQ/446;20220304;44566100;CompteLib_0005;;;22C41;20220304;EcritureLib_0408;20221114;0,52;0,00;D;BQ/446;;
BQ;Banque BQ;BQ/446;20220304;60100000;CompteLib_0008;;;22C41;20220304;EcritureLib_0408;20221114;9,48;0,00;D;BQ/446;;
BQ;Banque BQ;BQ/446;20220304;51200000;CompteLib_0002;;;22C41;20220304;EcritureLib_0408;20221114;0,00;10,00;C;BQ/446;;
BQ;Banque BQ;BQ/447;20220304;44566100;CompteLib_0005;;;22C42;20220304;EcritureLib_0409;20221114;18,62;0,00;D;BQ/447;;
BQ;Banque BQ;BQ/447;20220304;60100000;CompteLib_0008;;;22C42;20220304;EcritureLib_0409;20221114;338,62;0,00;D;BQ/447;;
BQ;Banque BQ;BQ/447;20220304;51200000;CompteLib_0002;;;22C42;20220304;EcritureLib_0409;20221114;0,00;357,24;C;BQ/447;;
BQ;Banque BQ;BQ/448;20220304;44566100;CompteLib_0005;;;22C43;20220304;EcritureLib_0409;20221114;47,68;0,00;D;BQ/448;;
BQ;Banque BQ;BQ/448;20220304;60100000;CompteLib_0008;;;22C43;20220304;EcritureLib_0409;20221114;238,39;0,00;D;BQ/448;;
BQ;Banque BQ;BQ/448;20220304;51200000;CompteLib_0002;;;22C43;20220304;EcritureLib_0409;20221114;0,00;286,07;C;BQ/448;;
BQ;Banque BQ;BQ/449;20220304;44566100;CompteLib_0005;;;22C44;20220304;EcritureLib_0410;20221114;4,53;0,00;D;BQ/449;;
BQ;Banque BQ;BQ/449;20220304;60100000;CompteLib_0008;;;22C44;20220304;EcritureLib_0410;20221114;82,44;0,00;D;BQ/449;;
BQ;Banque BQ;BQ/449;20220304;51200000;CompteLib_0002;;;22C44;20220304;EcritureLib_0410;20221114;0,00;86,97;C;BQ/449;;
BQ;Banque BQ;BQ/450;20220304;44566100;CompteLib_0005;;;22C45;20220304;EcritureLib_0411;20221114;3,64;0,00;D;BQ/450;;
BQ;Banque BQ;BQ/450;20220304;60100000;CompteLib_0008;;;22C45;20220304;EcritureLib_0411;20221114;66,26;0,00;D;BQ/450;;
BQ;Banque BQ;BQ/450;20220304;51200000;CompteLib_0002;;;22C45;20220304;EcritureLib_0411;20221114;0,00;69,90;C;BQ/450;;
BQ;Banque BQ;BQ/451;20220304;44566100;CompteLib_0005;;;22C46;20220304;EcritureLib_0412;20221114;3,17;0,00;D;BQ/451;;
BQ;Banque BQ;BQ/451;20220304;60100000;CompteLib_0008;;;22C46;20220304;EcritureLib_0412;20221114;57,71;0,00;D;BQ/451;;
BQ;Banque BQ;BQ/451;20220304;51200000;CompteLib_0002;;;22C46;20220304;EcritureLib_0412;20221114;0,00;60,88;C;BQ/451;;
BQ;Banque BQ;BQ/452;20220304;44566100;CompteLib_0005;;;22C47;20220304;EcritureLib_0413;20221114;1,67;0,00;D;BQ/452;;
BQ;Banque BQ;BQ/452;20220304;62810000;CompteLib_0012;;;22C47;20220304;EcritureLib_0413;20221114;8,32;0,00;D;BQ/452;;
BQ;Banque BQ;BQ/452;20220304;51200000;CompteLib_0002;;;22C47;20220304;EcritureLib_0413;20221114;0,00;9,99;C;BQ/452;;
BQ;Banque BQ;BQ/453;20220304;62510000;CompteLib_0035;;;22C48;20220304;EcritureLib_0414;20221114;1,90;0,00;D;BQ/453;;
BQ;Banque BQ;BQ/453;20220304;51200000;CompteLib_0002;;;22C48;20220304;EcritureLib_0414;20221114;0,00;1,90;C;BQ/453;;
BQ;Banque BQ;BQ/454;20220304;70999999;CompteLib_0001;;;22C49;20220304;EcritureLib_0415;20221114;0,00;47,64;C;BQ/454;;
BQ;Banque BQ;BQ/454;20220304;51200000;CompteLib_0002;;;22C49;20220304;EcritureLib_0415;20221114;47,64;0,00;D;BQ/454;;
BQ;Banque BQ;BQ/455;20220304;62700000;CompteLib_0007;;;22C50;20220304;EcritureLib_0416;20221114;1,42;0,00;D;BQ/455;;
BQ;Banque BQ;BQ/455;20220304;51200000;CompteLib_0002;;;22C50;20220304;EcritureLib_0416;20221114;0,00;1,42;C;BQ/455;;
BQ;Banque BQ;BQ/456;20220304;62700000;CompteLib_0007;;;22C51;20220304;EcritureLib_0417;20221114;4,47;0,00;D;BQ/456;;
BQ;Banque BQ;BQ/456;20220304;51200000;CompteLib_0002;;;22C51;20220304;EcritureLib_0417;20221114;0,00;4,47;C;BQ/456;;
BQ;Banque BQ;BQ/457;20220304;44566100;CompteLib_0005;;;22C52;20220304;EcritureLib_0418;20221114;8,32;0,00;D;BQ/457;;
BQ;Banque BQ;BQ/457;20220304;60630000;CompteLib_0009;;;22C52;20220304;EcritureLib_0418;20221114;41,58;0,00;D;BQ/457;;
BQ;Banque BQ;BQ/457;20220304;51200000;CompteLib_0002;;;22C52;20220304;EcritureLib_0418;20221114;0,00;49,90;C;BQ/457;;
BQ;Banque BQ;BQ/458;20220304;44566100;CompteLib_0005;;;22C53;20220304;EcritureLib_0419;20221114;0,81;0,00;D;BQ/458;;
BQ;Banque BQ;BQ/458;20220304;60100000;CompteLib_0008;;;22C53;20220304;EcritureLib_0419;20221114;14,69;0,00;D;BQ/458;;
BQ;Banque BQ;BQ/458;20220304;51200000;CompteLib_0002;;;22C53;20220304;EcritureLib_0419;20221114;0,00;15,50;C;BQ/458;;
BQ;Banque BQ;BQ/459;20220304;44566100;CompteLib_0005;;;22C54;20220304;EcritureLib_0420;20221114;0,74;0,00;D;BQ/459;;
BQ;Banque BQ;BQ/459;20220304;60100000;CompteLib_0008;;;22C54;20220304;EcritureLib_0420;20221114;13,47;0,00;D;BQ/459;;
BQ;Banque BQ;BQ/459;20220304;51200000;CompteLib_0002;;;22C54;20220304;EcritureLib_0420;20221114;0,00;14,21;C;BQ/459;;
BQ;Banque BQ;BQ/460;20220304;44566100;CompteLib_0005;;;22C55;20220304;EcritureLib_0421;20221114;6,38;0,00;D;BQ/460;;
BQ;Banque BQ;BQ/460;20220304;60630000;CompteLib_0009;;;22C55;20220304;EcritureLib_0421;20221114;31,92;0,00;D;BQ/460;;
BQ;Banque BQ;BQ/460;20220304;51200000;CompteLib_0002;;;22C55;20220304;EcritureLib_0421;20221114;0,00;38,30;C;BQ/460;;
BQ;Banque BQ;BQ/461;20220304;44566100;CompteLib_0005;;;22C56;20220304;EcritureLib_0421;20221114;0,68;0,00;D;BQ/461;;
BQ;Banque BQ;BQ/461;20220304;60630000;CompteLib_0009;;;22C56;20220304;EcritureLib_0421;20221114;6,82;0,00;D;BQ/461;;
BQ;Banque BQ;BQ/461;20220304;51200000;CompteLib_0002;;;22C56;20220304;EcritureLib_0421;20221114;0,00;7,50;C;BQ/461;;
BQ;Banque BQ;BQ/462;20220304;44566100;CompteLib_0005;;;22C57;20220304;EcritureLib_0422;20221114;0,24;0,00;D;BQ/462;;
BQ;Banque BQ;BQ/462;20220304;60100000;CompteLib_0008;;;22C57;20220304;EcritureLib_0422;20221114;4,36;0,00;D;BQ/462;;
BQ;Banque BQ;BQ/462;20220304;51200000;CompteLib_0002;;;22C57;20220304;EcritureLib_0422;20221114;0,00;4,60;C;BQ/462;;
BQ;Banque BQ;BQ/463;20220304;44566100;CompteLib_0005;;;22C58;20220304;EcritureLib_0423;20221114;0,39;0,00;D;BQ/463;;
BQ;Banque BQ;BQ/463;20220304;60100000;CompteLib_0008;;;22C58;20220304;EcritureLib_0423;20221114;7,17;0,00;D;BQ/463;;
BQ;Banque BQ;BQ/463;20220304;51200000;CompteLib_0002;;;22C58;20220304;EcritureLib_0423;20221114;0,00;7,56;C;BQ/463;;
BQ;Banque BQ;BQ/464;20220304;44566100;CompteLib_0005;;;22C59;20220304;EcritureLib_0424;20221114;3,92;0,00;D;BQ/464;;
BQ;Banque BQ;BQ/464;20220304;60100000;CompteLib_0008;;;22C59;20220304;EcritureLib_0424;20221114;19,62;0,00;D;BQ/464;;
BQ;Banque BQ;BQ/464;20220304;51200000;CompteLib_0002;;;22C59;20220304;EcritureLib_0424;20221114;0,00;23,54;C;BQ/464;;
BQ;Banque BQ;BQ/465;20220304;44566100;CompteLib_0005;;;22C60;20220304;EcritureLib_0424;20221114;0,55;0,00;D;BQ/465;;
BQ;Banque BQ;BQ/465;20220304;60100000;CompteLib_0008;;;22C60;20220304;EcritureLib_0424;20221114;9,99;0,00;D;BQ/465;;
BQ;Banque BQ;BQ/465;20220304;51200000;CompteLib_0002;;;22C60;20220304;EcritureLib_0424;20221114;0,00;10,54;C;BQ/465;;
BQ;Banque BQ;BQ/466;20220304;44566100;CompteLib_0005;;;22C61;20220304;EcritureLib_0425;20221114;0,18;0,00;D;BQ/466;;
BQ;Banque BQ;BQ/466;20220304;60100000;CompteLib_0008;;;22C61;20220304;EcritureLib_0425;20221114;3,28;0,00;D;BQ/466;;
BQ;Banque BQ;BQ/466;20220304;51200000;CompteLib_0002;;;22C61;20220304;EcritureLib_0425;20221114;0,00;3,46;C;BQ/466;;
BQ;Banque BQ;BQ/467;20220304;44566100;CompteLib_0005;;;22C62;20220304;EcritureLib_0426;20221114;6,24;0,00;D;BQ/467;;
BQ;Banque BQ;BQ/467;20220304;60630000;CompteLib_0009;;;22C62;20220304;EcritureLib_0426;20221114;31,21;0,00;D;BQ/467;;
BQ;Banque BQ;BQ/467;20220304;51200000;CompteLib_0002;;;22C62;20220304;EcritureLib_0426;20221114;0,00;37,45;C;BQ/467;;
BQ;Banque BQ;BQ/468;20220304;44566100;CompteLib_0005;;;22C63;20220304;EcritureLib_0393;20221114;4,61;0,00;D;BQ/468;;
BQ;Banque BQ;BQ/468;20220304;60100000;CompteLib_0008;;;22C63;20220304;EcritureLib_0393;20221114;23,03;0,00;D;BQ/468;;
BQ;Banque BQ;BQ/468;20220304;51200000;CompteLib_0002;;;22C63;20220304;EcritureLib_0393;20221114;0,00;27,64;C;BQ/468;;
BQ;Banque BQ;BQ/469;20220305;70999999;CompteLib_0001;;;22C70;20220305;EcritureLib_0427;20221114;0,00;413,65;C;BQ/469;;
BQ;Banque BQ;BQ/469;20220305;51200000;CompteLib_0002;;;22C70;20220305;EcritureLib_0427;20221114;413,65;0,00;D;BQ/469;;
BQ;Banque BQ;BQ/470;20220305;62700000;CompteLib_0007;;;22C67;20220305;EcritureLib_0428;20221114;2,71;0,00;D;BQ/470;;
BQ;Banque BQ;BQ/470;20220305;51200000;CompteLib_0002;;;22C67;20220305;EcritureLib_0428;20221114;0,00;2,71;C;BQ/470;;
BQ;Banque BQ;BQ/471;20220305;70999999;CompteLib_0001;;;22C68;20220305;EcritureLib_0429;20221114;0,00;308,00;C;BQ/471;;
BQ;Banque BQ;BQ/471;20220305;51200000;CompteLib_0002;;;22C68;20220305;EcritureLib_0429;20221114;308,00;0,00;D;BQ/471;;
BQ;Banque BQ;BQ/472;20220305;16400000;CompteLib_0018;;;22C64;20220305;EcritureLib_0430;20221114;754,24;0,00;D;BQ/472;;
BQ;Banque BQ;BQ/472;20220305;51200000;CompteLib_0002;;;22C64;20220305;EcritureLib_0430;20221114;0,00;754,24;C;BQ/472;;
BQ;Banque BQ;BQ/473;20220305;62700000;CompteLib_0007;;;22C65;20220305;EcritureLib_0431;20221114;2,01;0,00;D;BQ/473;;
BQ;Banque BQ;BQ/473;20220305;51200000;CompteLib_0002;;;22C65;20220305;EcritureLib_0431;20221114;0,00;2,01;C;BQ/473;;
BQ;Banque BQ;BQ/474;20220305;62700000;CompteLib_0007;;;22C66;20220305;EcritureLib_0432;20221114;0,33;0,00;D;BQ/474;;
BQ;Banque BQ;BQ/474;20220305;51200000;CompteLib_0002;;;22C66;20220305;EcritureLib_0432;20221114;0,00;0,33;C;BQ/474;;
BQ;Banque BQ;BQ/475;20220305;70999999;CompteLib_0001;;;22C69;20220305;EcritureLib_0433;20221114;0,00;50,50;C;BQ/475;;
BQ;Banque BQ;BQ/475;20220305;51200000;CompteLib_0002;;;22C69;20220305;EcritureLib_0433;20221114;50,50;0,00;D;BQ/475;;
BQ;Banque BQ;BQ/476;20220307;70999999;CompteLib_0001;;;22C76;20220307;EcritureLib_0434;20221114;0,00;495,59;C;BQ/476;;
BQ;Banque BQ;BQ/476;20220307;51200000;CompteLib_0002;;;22C76;20220307;EcritureLib_0434;20221114;495,59;0,00;D;BQ/476;;
BQ;Banque BQ;BQ/477;20220307;70999999;CompteLib_0001;;;22C75;20220307;EcritureLib_0435;20221114;0,00;664,03;C;BQ/477;;
BQ;Banque BQ;BQ/477;20220307;51200000;CompteLib_0002;;;22C75;20220307;EcritureLib_0435;20221114;664,03;0,00;D;BQ/477;;
BQ;Banque BQ;BQ/478;20220307;44566100;CompteLib_0005;;;22C74;20220307;EcritureLib_0436;20221114;53,60;0,00;D;BQ/478;;
BQ;Banque BQ;BQ/478;20220307;61350000;CompteLib_0023;;;22C74;20220307;EcritureLib_0436;20221114;268,00;0,00;D;BQ/478;;
BQ;Banque BQ;BQ/478;20220307;51200000;CompteLib_0002;;;22C74;20220307;EcritureLib_0436;20221114;0,00;321,60;C;BQ/478;;
BQ;Banque BQ;BQ/479;20220307;62700000;CompteLib_0007;;;22C73;20220307;EcritureLib_0437;20221114;3,42;0,00;D;BQ/479;;
BQ;Banque BQ;BQ/479;20220307;51200000;CompteLib_0002;;;22C73;20220307;EcritureLib_0437;20221114;0,00;3,42;C;BQ/479;;
BQ;Banque BQ;BQ/480;20220307;64500000;CompteLib_0019;;;22C71;20220307;EcritureLib_0438;20221114;383,00;0,00;D;BQ/480;;
BQ;Banque BQ;BQ/480;20220307;51200000;CompteLib_0002;;;22C71;20220307;EcritureLib_0438;20221114;0,00;383,00;C;BQ/480;;
BQ;Banque BQ;BQ/481;20220307;62700000;CompteLib_0007;;;22C72;20220307;EcritureLib_0439;20221114;4,33;0,00;D;BQ/481;;
BQ;Banque BQ;BQ/481;20220307;51200000;CompteLib_0002;;;22C72;20220307;EcritureLib_0439;20221114;0,00;4,33;C;BQ/481;;
BQ;Banque BQ;BQ/482;20220307;44566100;CompteLib_0005;;;22C77;20220307;EcritureLib_0440;20221114;5,00;0,00;D;BQ/482;;
BQ;Banque BQ;BQ/482;20220307;62810000;CompteLib_0012;;;22C77;20220307;EcritureLib_0440;20221114;25,00;0,00;D;BQ/482;;
BQ;Banque BQ;BQ/482;20220307;51200000;CompteLib_0002;;;22C77;20220307;EcritureLib_0440;20221114;0,00;30,00;C;BQ/482;;
BQ;Banque BQ;BQ/483;20220308;70999999;CompteLib_0001;;;22C78;20220308;EcritureLib_0441;20221114;0,00;36,18;C;BQ/483;;
BQ;Banque BQ;BQ/483;20220308;51200000;CompteLib_0002;;;22C78;20220308;EcritureLib_0441;20221114;36,18;0,00;D;BQ/483;;
BQ;Banque BQ;BQ/484;20220309;62700000;CompteLib_0007;;;22C81;20220309;EcritureLib_0442;20221114;1,11;0,00;D;BQ/484;;
BQ;Banque BQ;BQ/484;20220309;51200000;CompteLib_0002;;;22C81;20220309;EcritureLib_0442;20221114;0,00;1,11;C;BQ/484;;
BQ;Banque BQ;BQ/485;20220309;62700000;CompteLib_0007;;;22C80;20220309;EcritureLib_0443;20221114;2,22;0,00;D;BQ/485;;
BQ;Banque BQ;BQ/485;20220309;51200000;CompteLib_0002;;;22C80;20220309;EcritureLib_0443;20221114;0,00;2,22;C;BQ/485;;
BQ;Banque BQ;BQ/486;20220309;44566100;CompteLib_0005;;;22C79;20220309;EcritureLib_0070;20221114;5,11;0,00;D;BQ/486;;
BQ;Banque BQ;BQ/486;20220309;62700000;CompteLib_0007;;;22C79;20220309;EcritureLib_0070;20221114;25,56;0,00;D;BQ/486;;
BQ;Banque BQ;BQ/486;20220309;51200000;CompteLib_0002;;;22C79;20220309;EcritureLib_0070;20221114;0,00;30,67;C;BQ/486;;
BQ;Banque BQ;BQ/487;20220309;70999999;CompteLib_0001;;;22C82;20220309;EcritureLib_0444;20221114;0,00;342,60;C;BQ/487;;
BQ;Banque BQ;BQ/487;20220309;51200000;CompteLib_0002;;;22C82;20220309;EcritureLib_0444;20221114;342,60;0,00;D;BQ/487;;
BQ;Banque BQ;BQ/488;20220309;70999999;CompteLib_0001;;;22C84;20220309;EcritureLib_0445;20221114;0,00;91,37;C;BQ/488;;
BQ;Banque BQ;BQ/488;20220309;51200000;CompteLib_0002;;;22C84;20220309;EcritureLib_0445;20221114;91,37;0,00;D;BQ/488;;
BQ;Banque BQ;BQ/489;20220309;70999999;CompteLib_0001;;;22C83;20220309;EcritureLib_0446;20221114;0,00;132,20;C;BQ/489;;
BQ;Banque BQ;BQ/489;20220309;51200000;CompteLib_0002;;;22C83;20220309;EcritureLib_0446;20221114;132,20;0,00;D;BQ/489;;
BQ;Banque BQ;BQ/490;20220310;62700000;CompteLib_0007;;;22C87;20220310;EcritureLib_0447;20221114;0,85;0,00;D;BQ/490;;
BQ;Banque BQ;BQ/490;20220310;51200000;CompteLib_0002;;;22C87;20220310;EcritureLib_0447;20221114;0,00;0,85;C;BQ/490;;
BQ;Banque BQ;BQ/491;20220310;62700000;CompteLib_0007;;;22C86;20220310;EcritureLib_0448;20221114;1,63;0,00;D;BQ/491;;
BQ;Banque BQ;BQ/491;20220310;51200000;CompteLib_0002;;;22C86;20220310;EcritureLib_0448;20221114;0,00;1,63;C;BQ/491;;
BQ;Banque BQ;BQ/492;20220310;44566100;CompteLib_0005;;;22C85;20220310;EcritureLib_0449;20221114;5,05;0,00;D;BQ/492;;
BQ;Banque BQ;BQ/492;20220310;60610000;CompteLib_0022;;;22C85;20220310;EcritureLib_0449;20221114;25,23;0,00;D;BQ/492;;
BQ;Banque BQ;BQ/492;20220310;51200000;CompteLib_0002;;;22C85;20220310;EcritureLib_0449;20221114;0,00;30,28;C;BQ/492;;
BQ;Banque BQ;BQ/493;20220310;70999999;CompteLib_0001;;;22C89;20220310;EcritureLib_0450;20221114;0,00;128,31;C;BQ/493;;
BQ;Banque BQ;BQ/493;20220310;51200000;CompteLib_0002;;;22C89;20220310;EcritureLib_0450;20221114;128,31;0,00;D;BQ/493;;
BQ;Banque BQ;BQ/494;20220310;70999999;CompteLib_0001;;;22C88;20220310;EcritureLib_0451;20221114;0,00;250,40;C;BQ/494;;
BQ;Banque BQ;BQ/494;20220310;51200000;CompteLib_0002;;;22C88;20220310;EcritureLib_0451;20221114;250,40;0,00;D;BQ/494;;
BQ;Banque BQ;BQ/495;20220311;70999999;CompteLib_0001;;;22C95;20220311;EcritureLib_0452;20221114;0,00;119,98;C;BQ/495;;
BQ;Banque BQ;BQ/495;20220311;51200000;CompteLib_0002;;;22C95;20220311;EcritureLib_0452;20221114;119,98;0,00;D;BQ/495;;
BQ;Banque BQ;BQ/496;20220311;70999999;CompteLib_0001;;;22C93;20220311;EcritureLib_0453;20221114;0,00;373,05;C;BQ/496;;
BQ;Banque BQ;BQ/496;20220311;51200000;CompteLib_0002;;;22C93;20220311;EcritureLib_0453;20221114;373,05;0,00;D;BQ/496;;
BQ;Banque BQ;BQ/497;20220311;70999999;CompteLib_0001;;;22C92;20220311;EcritureLib_0454;20221114;0,00;462,35;C;BQ/497;;
BQ;Banque BQ;BQ/497;20220311;51200000;CompteLib_0002;;;22C92;20220311;EcritureLib_0454;20221114;462,35;0,00;D;BQ/497;;
BQ;Banque BQ;BQ/498;20220311;62700000;CompteLib_0007;;;22C91;20220311;EcritureLib_0455;20221114;2,45;0,00;D;BQ/498;;
BQ;Banque BQ;BQ/498;20220311;51200000;CompteLib_0002;;;22C91;20220311;EcritureLib_0455;20221114;0,00;2,45;C;BQ/498;;
BQ;Banque BQ;BQ/499;20220311;62700000;CompteLib_0007;;;22C90;20220311;EcritureLib_0456;20221114;3,10;0,00;D;BQ/499;;
BQ;Banque BQ;BQ/499;20220311;51200000;CompteLib_0002;;;22C90;20220311;EcritureLib_0456;20221114;0,00;3,10;C;BQ/499;;
BQ;Banque BQ;BQ/500;20220311;44566100;CompteLib_0005;;;22C94;20220311;EcritureLib_0457;20221114;10,68;0,00;D;BQ/500;;
BQ;Banque BQ;BQ/500;20220311;60100000;CompteLib_0008;;;22C94;20220311;EcritureLib_0457;20221114;194,20;0,00;D;BQ/500;;
BQ;Banque BQ;BQ/500;20220311;51200000;CompteLib_0002;;;22C94;20220311;EcritureLib_0457;20221114;0,00;204,88;C;BQ/500;;
BQ;Banque BQ;BQ/501;20220312;70999999;CompteLib_0001;;;22C99;20220312;EcritureLib_0458;20221114;0,00;217,68;C;BQ/501;;
BQ;Banque BQ;BQ/501;20220312;51200000;CompteLib_0002;;;22C99;20220312;EcritureLib_0458;20221114;217,68;0,00;D;BQ/501;;
BQ;Banque BQ;BQ/502;20220312;70999999;CompteLib_0001;;;22C98;20220312;EcritureLib_0459;20221114;0,00;370,40;C;BQ/502;;
BQ;Banque BQ;BQ/502;20220312;51200000;CompteLib_0002;;;22C98;20220312;EcritureLib_0459;20221114;370,40;0,00;D;BQ/502;;
BQ;Banque BQ;BQ/503;20220312;62700000;CompteLib_0007;;;22C97;20220312;EcritureLib_0460;20221114;1,45;0,00;D;BQ/503;;
BQ;Banque BQ;BQ/503;20220312;51200000;CompteLib_0002;;;22C97;20220312;EcritureLib_0460;20221114;0,00;1,45;C;BQ/503;;
BQ;Banque BQ;BQ/504;20220312;62700000;CompteLib_0007;;;22C96;20220312;EcritureLib_0461;20221114;2,41;0,00;D;BQ/504;;
BQ;Banque BQ;BQ/504;20220312;51200000;CompteLib_0002;;;22C96;20220312;EcritureLib_0461;20221114;0,00;2,41;C;BQ/504;;
BQ;Banque BQ;BQ/505;20220314;62700000;CompteLib_0007;;;22C100;20220314;EcritureLib_0462;20221114;2,96;0,00;D;BQ/505;;
BQ;Banque BQ;BQ/505;20220314;51200000;CompteLib_0002;;;22C100;20220314;EcritureLib_0462;20221114;0,00;2,96;C;BQ/505;;
BQ;Banque BQ;BQ/506;20220314;62700000;CompteLib_0007;;;22C101;20220314;EcritureLib_0463;20221114;2,64;0,00;D;BQ/506;;
BQ;Banque BQ;BQ/506;20220314;51200000;CompteLib_0002;;;22C101;20220314;EcritureLib_0463;20221114;0,00;2,64;C;BQ/506;;
BQ;Banque BQ;BQ/507;20220314;62700000;CompteLib_0007;;;22C102;20220314;EcritureLib_0464;20221114;1,00;0,00;D;BQ/507;;
BQ;Banque BQ;BQ/507;20220314;51200000;CompteLib_0002;;;22C102;20220314;EcritureLib_0464;20221114;0,00;1,00;C;BQ/507;;
BQ;Banque BQ;BQ/508;20220314;62700000;CompteLib_0007;;;22C103;20220314;EcritureLib_0465;20221114;1,19;0,00;D;BQ/508;;
BQ;Banque BQ;BQ/508;20220314;51200000;CompteLib_0002;;;22C103;20220314;EcritureLib_0465;20221114;0,00;1,19;C;BQ/508;;
BQ;Banque BQ;BQ/509;20220314;70999999;CompteLib_0001;;;22C105;20220314;EcritureLib_0466;20221114;0,00;408,20;C;BQ/509;;
BQ;Banque BQ;BQ/509;20220314;51200000;CompteLib_0002;;;22C105;20220314;EcritureLib_0466;20221114;408,20;0,00;D;BQ/509;;
BQ;Banque BQ;BQ/510;20220314;70999999;CompteLib_0001;;;22C106;20220314;EcritureLib_0467;20221114;0,00;153,60;C;BQ/510;;
BQ;Banque BQ;BQ/510;20220314;51200000;CompteLib_0002;;;22C106;20220314;EcritureLib_0467;20221114;153,60;0,00;D;BQ/510;;
BQ;Banque BQ;BQ/511;20220314;70999999;CompteLib_0001;;;22C104;20220314;EcritureLib_0468;20221114;0,00;456,70;C;BQ/511;;
BQ;Banque BQ;BQ/511;20220314;51200000;CompteLib_0002;;;22C104;20220314;EcritureLib_0468;20221114;456,70;0,00;D;BQ/511;;
BQ;Banque BQ;BQ/512;20220314;70999999;CompteLib_0001;;;22C107;20220314;EcritureLib_0469;20221114;0,00;182,00;C;BQ/512;;
BQ;Banque BQ;BQ/512;20220314;51200000;CompteLib_0002;;;22C107;20220314;EcritureLib_0469;20221114;182,00;0,00;D;BQ/512;;
BQ;Banque BQ;BQ/513;20220316;70999999;CompteLib_0001;;;22C116;20220316;EcritureLib_0470;20221114;0,00;36,20;C;BQ/513;;
BQ;Banque BQ;BQ/513;20220316;51200000;CompteLib_0002;;;22C116;20220316;EcritureLib_0470;20221114;36,20;0,00;D;BQ/513;;
BQ;Banque BQ;BQ/514;20220316;70999999;CompteLib_0001;;;22C117;20220316;EcritureLib_0471;20221114;0,00;42,31;C;BQ/514;;
BQ;Banque BQ;BQ/514;20220316;51200000;CompteLib_0002;;;22C117;20220316;EcritureLib_0471;20221114;42,31;0,00;D;BQ/514;;
BQ;Banque BQ;BQ/515;20220316;44566100;CompteLib_0005;;;22C108;20220316;EcritureLib_0472;20221114;7,42;0,00;D;BQ/515;;
BQ;Banque BQ;BQ/515;20220316;65100000;CompteLib_0029;;;22C108;20220316;EcritureLib_0472;20221114;37,09;0,00;D;BQ/515;;
BQ;Banque BQ;BQ/515;20220316;51200000;CompteLib_0002;;;22C108;20220316;EcritureLib_0472;20221114;0,00;44,51;C;BQ/515;;
BQ;Banque BQ;BQ/516;20220316;44566100;CompteLib_0005;;;22C119;20220316;EcritureLib_0473;20221114;1,58;0,00;D;BQ/516;;
BQ;Banque BQ;BQ/516;20220316;60100000;CompteLib_0008;;;22C119;20220316;EcritureLib_0473;20221114;28,68;0,00;D;BQ/516;;
BQ;Banque BQ;BQ/516;20220316;51200000;CompteLib_0002;;;22C119;20220316;EcritureLib_0473;20221114;0,00;30,26;C;BQ/516;;
BQ;Banque BQ;BQ/517;20220316;64500000;CompteLib_0019;;;22C118;20220316;EcritureLib_0474;20221114;0,00;793,00;C;BQ/517;;
BQ;Banque BQ;BQ/517;20220316;51200000;CompteLib_0002;;;22C118;20220316;EcritureLib_0474;20221114;793,00;0,00;D;BQ/517;;
BQ;Banque BQ;BQ/518;20220316;44566100;CompteLib_0005;;;22C111;20220316;EcritureLib_0475;20221114;17,00;0,00;D;BQ/518;;
BQ;Banque BQ;BQ/518;20220316;65100000;CompteLib_0029;;;22C111;20220316;EcritureLib_0475;20221114;84,98;0,00;D;BQ/518;;
BQ;Banque BQ;BQ/518;20220316;51200000;CompteLib_0002;;;22C111;20220316;EcritureLib_0475;20221114;0,00;101,98;C;BQ/518;;
BQ;Banque BQ;BQ/519;20220316;62700000;CompteLib_0007;;;22C110;20220316;EcritureLib_0476;20221114;1,19;0,00;D;BQ/519;;
BQ;Banque BQ;BQ/519;20220316;51200000;CompteLib_0002;;;22C110;20220316;EcritureLib_0476;20221114;0,00;1,19;C;BQ/519;;
BQ;Banque BQ;BQ/520;20220316;62700000;CompteLib_0007;;;22C109;20220316;EcritureLib_0477;20221114;0,12;0,00;D;BQ/520;;
BQ;Banque BQ;BQ/520;20220316;51200000;CompteLib_0002;;;22C109;20220316;EcritureLib_0477;20221114;0,00;0,12;C;BQ/520;;
BQ;Banque BQ;BQ/521;20220316;44566100;CompteLib_0005;;;22C112;20220316;EcritureLib_0478;20221114;11,60;0,00;D;BQ/521;;
BQ;Banque BQ;BQ/521;20220316;61100000;CompteLib_0011;;;22C112;20220316;EcritureLib_0478;20221114;58,00;0,00;D;BQ/521;;
BQ;Banque BQ;BQ/521;20220316;51200000;CompteLib_0002;;;22C112;20220316;EcritureLib_0478;20221114;0,00;69,60;C;BQ/521;;
BQ;Banque BQ;BQ/522;20220316;64500000;CompteLib_0019;;;22C113;20220316;EcritureLib_0479;20221114;504,00;0,00;D;BQ/522;;
BQ;Banque BQ;BQ/522;20220316;51200000;CompteLib_0002;;;22C113;20220316;EcritureLib_0479;20221114;0,00;504,00;C;BQ/522;;
BQ;Banque BQ;BQ/523;20220316;70999999;CompteLib_0001;;;22C114;20220316;EcritureLib_0480;20221114;0,00;18,70;C;BQ/523;;
BQ;Banque BQ;BQ/523;20220316;51200000;CompteLib_0002;;;22C114;20220316;EcritureLib_0480;20221114;18,70;0,00;D;BQ/523;;
BQ;Banque BQ;BQ/524;20220316;70999999;CompteLib_0001;;;22C115;20220316;EcritureLib_0481;20221114;0,00;183,45;C;BQ/524;;
BQ;Banque BQ;BQ/524;20220316;51200000;CompteLib_0002;;;22C115;20220316;EcritureLib_0481;20221114;183,45;0,00;D;BQ/524;;
BQ;Banque BQ;BQ/525;20220317;70999999;CompteLib_0001;;;22C123;20220317;EcritureLib_0482;20221114;0,00;253,90;C;BQ/525;;
BQ;Banque BQ;BQ/525;20220317;51200000;CompteLib_0002;;;22C123;20220317;EcritureLib_0482;20221114;253,90;0,00;D;BQ/525;;
BQ;Banque BQ;BQ/526;20220317;62700000;CompteLib_0007;;;22C121;20220317;EcritureLib_0483;20221114;1,67;0,00;D;BQ/526;;
BQ;Banque BQ;BQ/526;20220317;51200000;CompteLib_0002;;;22C121;20220317;EcritureLib_0483;20221114;0,00;1,67;C;BQ/526;;
BQ;Banque BQ;BQ/527;20220317;70999999;CompteLib_0001;;;22C122;20220317;EcritureLib_0484;20221114;0,00;138,05;C;BQ/527;;
BQ;Banque BQ;BQ/527;20220317;51200000;CompteLib_0002;;;22C122;20220317;EcritureLib_0484;20221114;138,05;0,00;D;BQ/527;;
BQ;Banque BQ;BQ/528;20220317;62700000;CompteLib_0007;;;22C120;20220317;EcritureLib_0485;20221114;1,07;0,00;D;BQ/528;;
BQ;Banque BQ;BQ/528;20220317;51200000;CompteLib_0002;;;22C120;20220317;EcritureLib_0485;20221114;0,00;1,07;C;BQ/528;;
BQ;Banque BQ;BQ/529;20220318;70999999;CompteLib_0001;;;22C127;20220318;EcritureLib_0486;20221114;0,00;191,40;C;BQ/529;;
BQ;Banque BQ;BQ/529;20220318;51200000;CompteLib_0002;;;22C127;20220318;EcritureLib_0486;20221114;191,40;0,00;D;BQ/529;;
BQ;Banque BQ;BQ/530;20220318;70999999;CompteLib_0001;;;22C129;20220318;EcritureLib_0487;20221114;0,00;47,90;C;BQ/530;;
BQ;Banque BQ;BQ/530;20220318;51200000;CompteLib_0002;;;22C129;20220318;EcritureLib_0487;20221114;47,90;0,00;D;BQ/530;;
BQ;Banque BQ;BQ/531;20220318;44571800;CompteLib_0024;;;22C128;20220318;EcritureLib_0488;20221114;0,00;20,45;C;BQ/531;;
BQ;Banque BQ;BQ/531;20220318;70180000;CompteLib_0025;;;22C128;20220318;EcritureLib_0488;20221114;0,00;204,55;C;BQ/531;;
BQ;Banque BQ;BQ/531;20220318;51200000;CompteLib_0002;;;22C128;20220318;EcritureLib_0488;20221114;225,00;0,00;D;BQ/531;;
BQ;Banque BQ;BQ/532;20220318;62700000;CompteLib_0007;;;22C124;20220318;EcritureLib_0489;20221114;2,45;0,00;D;BQ/532;;
BQ;Banque BQ;BQ/532;20220318;51200000;CompteLib_0002;;;22C124;20220318;EcritureLib_0489;20221114;0,00;2,45;C;BQ/532;;
BQ;Banque BQ;BQ/533;20220318;62700000;CompteLib_0007;;;22C125;20220318;EcritureLib_0490;20221114;1,27;0,00;D;BQ/533;;
BQ;Banque BQ;BQ/533;20220318;51200000;CompteLib_0002;;;22C125;20220318;EcritureLib_0490;20221114;0,00;1,27;C;BQ/533;;
BQ;Banque BQ;BQ/534;20220318;70999999;CompteLib_0001;;;22C126;20220318;EcritureLib_0491;20221114;0,00;305,55;C;BQ/534;;
BQ;Banque BQ;BQ/534;20220318;51200000;CompteLib_0002;;;22C126;20220318;EcritureLib_0491;20221114;305,55;0,00;D;BQ/534;;
BQ;Banque BQ;BQ/535;20220319;62700000;CompteLib_0007;;;22C131;20220319;EcritureLib_0492;20221114;3,87;0,00;D;BQ/535;;
BQ;Banque BQ;BQ/535;20220319;51200000;CompteLib_0002;;;22C131;20220319;EcritureLib_0492;20221114;0,00;3,87;C;BQ/535;;
BQ;Banque BQ;BQ/536;20220319;62700000;CompteLib_0007;;;22C130;20220319;EcritureLib_0493;20221114;2,16;0,00;D;BQ/536;;
BQ;Banque BQ;BQ/536;20220319;51200000;CompteLib_0002;;;22C130;20220319;EcritureLib_0493;20221114;0,00;2,16;C;BQ/536;;
BQ;Banque BQ;BQ/537;20220319;70999999;CompteLib_0001;;;22C132;20220319;EcritureLib_0494;20221114;0,00;332,80;C;BQ/537;;
BQ;Banque BQ;BQ/537;20220319;51200000;CompteLib_0002;;;22C132;20220319;EcritureLib_0494;20221114;332,80;0,00;D;BQ/537;;
BQ;Banque BQ;BQ/538;20220319;70999999;CompteLib_0001;;;22C133;20220319;EcritureLib_0495;20221114;0,00;579,90;C;BQ/538;;
BQ;Banque BQ;BQ/538;20220319;51200000;CompteLib_0002;;;22C133;20220319;EcritureLib_0495;20221114;579,90;0,00;D;BQ/538;;
BQ;Banque BQ;BQ/539;20220321;61600000;CompteLib_0021;;;22C137;20220321;EcritureLib_0496;20221114;20,35;0,00;D;BQ/539;;
BQ;Banque BQ;BQ/539;20220321;51200000;CompteLib_0002;;;22C137;20220321;EcritureLib_0496;20221114;0,00;20,35;C;BQ/539;;
BQ;Banque BQ;BQ/540;20220321;44571800;CompteLib_0024;;;22C145;20220321;EcritureLib_0497;20221114;0,00;36,45;C;BQ/540;;
BQ;Banque BQ;BQ/540;20220321;70180000;CompteLib_0025;;;22C145;20220321;EcritureLib_0497;20221114;0,00;364,55;C;BQ/540;;
BQ;Banque BQ;BQ/540;20220321;51200000;CompteLib_0002;;;22C145;20220321;EcritureLib_0497;20221114;401,00;0,00;D;BQ/540;;
BQ;Banque BQ;BQ/541;20220321;70999999;CompteLib_0001;;;22C144;20220321;EcritureLib_0498;20221114;0,00;410,66;C;BQ/541;;
BQ;Banque BQ;BQ/541;20220321;51200000;CompteLib_0002;;;22C144;20220321;EcritureLib_0498;20221114;410,66;0,00;D;BQ/541;;
BQ;Banque BQ;BQ/542;20220321;70999999;CompteLib_0001;;;22C143;20220321;EcritureLib_0499;20221114;0,00;201,16;C;BQ/542;;
BQ;Banque BQ;BQ/542;20220321;51200000;CompteLib_0002;;;22C143;20220321;EcritureLib_0499;20221114;201,16;0,00;D;BQ/542;;
BQ;Banque BQ;BQ/543;20220321;44566100;CompteLib_0005;;;22C142;20220321;EcritureLib_0500;20221114;5,98;0,00;D;BQ/543;;
BQ;Banque BQ;BQ/543;20220321;61350000;CompteLib_0023;;;22C142;20220321;EcritureLib_0500;20221114;29,90;0,00;D;BQ/543;;
BQ;Banque BQ;BQ/543;20220321;51200000;CompteLib_0002;;;22C142;20220321;EcritureLib_0500;20221114;0,00;35,88;C;BQ/543;;
BQ;Banque BQ;BQ/544;20220321;61600000;CompteLib_0021;;;22C141;20220321;EcritureLib_0501;20221114;20,35;0,00;D;BQ/544;;
BQ;Banque BQ;BQ/544;20220321;51200000;CompteLib_0002;;;22C141;20220321;EcritureLib_0501;20221114;0,00;20,35;C;BQ/544;;
BQ;Banque BQ;BQ/545;20220321;61600000;CompteLib_0021;;;22C140;20220321;EcritureLib_0502;20221114;13,63;0,00;D;BQ/545;;
BQ;Banque BQ;BQ/545;20220321;51200000;CompteLib_0002;;;22C140;20220321;EcritureLib_0502;20221114;0,00;13,63;C;BQ/545;;
BQ;Banque BQ;BQ/546;20220321;61600000;CompteLib_0021;;;22C139;20220321;EcritureLib_0503;20221114;36,91;0,00;D;BQ/546;;
BQ;Banque BQ;BQ/546;20220321;51200000;CompteLib_0002;;;22C139;20220321;EcritureLib_0503;20221114;0,00;36,91;C;BQ/546;;
BQ;Banque BQ;BQ/547;20220321;61600000;CompteLib_0021;;;22C138;20220321;EcritureLib_0504;20221114;36,91;0,00;D;BQ/547;;
BQ;Banque BQ;BQ/547;20220321;51200000;CompteLib_0002;;;22C138;20220321;EcritureLib_0504;20221114;0,00;36,91;C;BQ/547;;
BQ;Banque BQ;BQ/548;20220321;61600000;CompteLib_0021;;;22C136;20220321;EcritureLib_0505;20221114;13,63;0,00;D;BQ/548;;
BQ;Banque BQ;BQ/548;20220321;51200000;CompteLib_0002;;;22C136;20220321;EcritureLib_0505;20221114;0,00;13,63;C;BQ/548;;
BQ;Banque BQ;BQ/549;20220321;62700000;CompteLib_0007;;;22C135;20220321;EcritureLib_0506;20221114;2,90;0,00;D;BQ/549;;
BQ;Banque BQ;BQ/549;20220321;51200000;CompteLib_0002;;;22C135;20220321;EcritureLib_0506;20221114;0,00;2,90;C;BQ/549;;
BQ;Banque BQ;BQ/550;20220321;62700000;CompteLib_0007;;;22C134;20220321;EcritureLib_0507;20221114;1,31;0,00;D;BQ/550;;
BQ;Banque BQ;BQ/550;20220321;51200000;CompteLib_0002;;;22C134;20220321;EcritureLib_0507;20221114;0,00;1,31;C;BQ/550;;
BQ;Banque BQ;BQ/551;20220322;70999999;CompteLib_0001;;;22C149;20220322;EcritureLib_0508;20221114;0,00;17,12;C;BQ/551;;
BQ;Banque BQ;BQ/551;20220322;51200000;CompteLib_0002;;;22C149;20220322;EcritureLib_0508;20221114;17,12;0,00;D;BQ/551;;
BQ;Banque BQ;BQ/552;20220322;44566100;CompteLib_0005;;;22C146;20220322;EcritureLib_0509;20221114;5,20;0,00;D;BQ/552;;
BQ;Banque BQ;BQ/552;20220322;61350000;CompteLib_0023;;;22C146;20220322;EcritureLib_0509;20221114;26,00;0,00;D;BQ/552;;
BQ;Banque BQ;BQ/552;20220322;51200000;CompteLib_0002;;;22C146;20220322;EcritureLib_0509;20221114;0,00;31,20;C;BQ/552;;
BQ;Banque BQ;BQ/553;20220322;44566100;CompteLib_0005;;;22C147;20220322;EcritureLib_0510;20221114;18,07;0,00;D;BQ/553;;
BQ;Banque BQ;BQ/553;20220322;60100000;CompteLib_0008;;;22C147;20220322;EcritureLib_0510;20221114;328,46;0,00;D;BQ/553;;
BQ;Banque BQ;BQ/553;20220322;51200000;CompteLib_0002;;;22C147;20220322;EcritureLib_0510;20221114;0,00;346,53;C;BQ/553;;
BQ;Banque BQ;BQ/554;20220322;70999999;CompteLib_0001;;;22C148;20220322;EcritureLib_0511;20221114;0,00;72,38;C;BQ/554;;
BQ;Banque BQ;BQ/554;20220322;51200000;CompteLib_0002;;;22C148;20220322;EcritureLib_0511;20221114;72,38;0,00;D;BQ/554;;
BQ;Banque BQ;BQ/555;20220323;70999999;CompteLib_0001;;;22C153;20220323;EcritureLib_0512;20221114;0,00;182,00;C;BQ/555;;
BQ;Banque BQ;BQ/555;20220323;51200000;CompteLib_0002;;;22C153;20220323;EcritureLib_0512;20221114;182,00;0,00;D;BQ/555;;
BQ;Banque BQ;BQ/556;20220323;70999999;CompteLib_0001;;;22C152;20220323;EcritureLib_0513;20221114;0,00;33,90;C;BQ/556;;
BQ;Banque BQ;BQ/556;20220323;51200000;CompteLib_0002;;;22C152;20220323;EcritureLib_0513;20221114;33,90;0,00;D;BQ/556;;
BQ;Banque BQ;BQ/557;20220323;70999999;CompteLib_0001;;;22C154;20220323;EcritureLib_0514;20221114;0,00;75,53;C;BQ/557;;
BQ;Banque BQ;BQ/557;20220323;51200000;CompteLib_0002;;;22C154;20220323;EcritureLib_0514;20221114;75,53;0,00;D;BQ/557;;
BQ;Banque BQ;BQ/558;20220323;62700000;CompteLib_0007;;;22C150;20220323;EcritureLib_0515;20221114;0,22;0,00;D;BQ/558;;
BQ;Banque BQ;BQ/558;20220323;51200000;CompteLib_0002;;;22C150;20220323;EcritureLib_0515;20221114;0,00;0,22;C;BQ/558;;
BQ;Banque BQ;BQ/559;20220323;62700000;CompteLib_0007;;;22C151;20220323;EcritureLib_0516;20221114;1,26;0,00;D;BQ/559;;
BQ;Banque BQ;BQ/559;20220323;51200000;CompteLib_0002;;;22C151;20220323;EcritureLib_0516;20221114;0,00;1,26;C;BQ/559;;
BQ;Banque BQ;BQ/560;20220324;44566100;CompteLib_0005;;;22C155;20220324;EcritureLib_0517;20221114;10,13;0,00;D;BQ/560;;
BQ;Banque BQ;BQ/560;20220324;61500000;CompteLib_0031;;;22C155;20220324;EcritureLib_0517;20221114;50,67;0,00;D;BQ/560;;
BQ;Banque BQ;BQ/560;20220324;51200000;CompteLib_0002;;;22C155;20220324;EcritureLib_0517;20221114;0,00;60,80;C;BQ/560;;
BQ;Banque BQ;BQ/561;20220324;62700000;CompteLib_0007;;;22C157;20220324;EcritureLib_0518;20221114;1,33;0,00;D;BQ/561;;
BQ;Banque BQ;BQ/561;20220324;51200000;CompteLib_0002;;;22C157;20220324;EcritureLib_0518;20221114;0,00;1,33;C;BQ/561;;
BQ;Banque BQ;BQ/562;20220324;70999999;CompteLib_0001;;;22C158;20220324;EcritureLib_0519;20221114;0,00;162,70;C;BQ/562;;
BQ;Banque BQ;BQ/562;20220324;51200000;CompteLib_0002;;;22C158;20220324;EcritureLib_0519;20221114;162,70;0,00;D;BQ/562;;
BQ;Banque BQ;BQ/563;20220324;70999999;CompteLib_0001;;;22C159;20220324;EcritureLib_0520;20221114;0,00;133,70;C;BQ/563;;
BQ;Banque BQ;BQ/563;20220324;51200000;CompteLib_0002;;;22C159;20220324;EcritureLib_0520;20221114;133,70;0,00;D;BQ/563;;
BQ;Banque BQ;BQ/564;20220324;62700000;CompteLib_0007;;;22C156;20220324;EcritureLib_0521;20221114;1,52;0,00;D;BQ/564;;
BQ;Banque BQ;BQ/564;20220324;51200000;CompteLib_0002;;;22C156;20220324;EcritureLib_0521;20221114;0,00;1,52;C;BQ/564;;
BQ;Banque BQ;BQ/565;20220325;44566100;CompteLib_0005;;;22C162;20220325;EcritureLib_0522;20221114;17,40;0,00;D;BQ/565;;
BQ;Banque BQ;BQ/565;20220325;62600000;CompteLib_0028;;;22C162;20220325;EcritureLib_0522;20221114;87,00;0,00;D;BQ/565;;
BQ;Banque BQ;BQ/565;20220325;51200000;CompteLib_0002;;;22C162;20220325;EcritureLib_0522;20221114;0,00;104,40;C;BQ/565;;
BQ;Banque BQ;BQ/566;20220325;70999999;CompteLib_0001;;;22C164;20220325;EcritureLib_0523;20221114;0,00;94,00;C;BQ/566;;
BQ;Banque BQ;BQ/566;20220325;51200000;CompteLib_0002;;;22C164;20220325;EcritureLib_0523;20221114;94,00;0,00;D;BQ/566;;
BQ;Banque BQ;BQ/567;20220325;70999999;CompteLib_0001;;;22C165;20220325;EcritureLib_0524;20221114;0,00;188,30;C;BQ/567;;
BQ;Banque BQ;BQ/567;20220325;51200000;CompteLib_0002;;;22C165;20220325;EcritureLib_0524;20221114;188,30;0,00;D;BQ/567;;
BQ;Banque BQ;BQ/568;20220325;70999999;CompteLib_0001;;;22C166;20220325;EcritureLib_0525;20221114;0,00;266,90;C;BQ/568;;
BQ;Banque BQ;BQ/568;20220325;51200000;CompteLib_0002;;;22C166;20220325;EcritureLib_0525;20221114;266,90;0,00;D;BQ/568;;
BQ;Banque BQ;BQ/569;20220325;62700000;CompteLib_0007;;;22C160;20220325;EcritureLib_0526;20221114;1,52;0,00;D;BQ/569;;
BQ;Banque BQ;BQ/569;20220325;51200000;CompteLib_0002;;;22C160;20220325;EcritureLib_0526;20221114;0,00;1,52;C;BQ/569;;
BQ;Banque BQ;BQ/570;20220325;62700000;CompteLib_0007;;;22C161;20220325;EcritureLib_0527;20221114;1,32;0,00;D;BQ/570;;
BQ;Banque BQ;BQ/570;20220325;51200000;CompteLib_0002;;;22C161;20220325;EcritureLib_0527;20221114;0,00;1,32;C;BQ/570;;
BQ;Banque BQ;BQ/571;20220325;64500000;CompteLib_0019;;;22C163;20220325;EcritureLib_0528;20221114;103,76;0,00;D;BQ/571;;
BQ;Banque BQ;BQ/571;20220325;51200000;CompteLib_0002;;;22C163;20220325;EcritureLib_0528;20221114;0,00;103,76;C;BQ/571;;
BQ;Banque BQ;BQ/572;20220326;62700000;CompteLib_0007;;;22C168;20220326;EcritureLib_0529;20221114;2,73;0,00;D;BQ/572;;
BQ;Banque BQ;BQ/572;20220326;51200000;CompteLib_0002;;;22C168;20220326;EcritureLib_0529;20221114;0,00;2,73;C;BQ/572;;
BQ;Banque BQ;BQ/573;20220326;70999999;CompteLib_0001;;;22C170;20220326;EcritureLib_0530;20221114;0,00;407,00;C;BQ/573;;
BQ;Banque BQ;BQ/573;20220326;51200000;CompteLib_0002;;;22C170;20220326;EcritureLib_0530;20221114;407,00;0,00;D;BQ/573;;
BQ;Banque BQ;BQ/574;20220326;70999999;CompteLib_0001;;;22C169;20220326;EcritureLib_0531;20221114;0,00;175,20;C;BQ/574;;
BQ;Banque BQ;BQ/574;20220326;51200000;CompteLib_0002;;;22C169;20220326;EcritureLib_0531;20221114;175,20;0,00;D;BQ/574;;
BQ;Banque BQ;BQ/575;20220326;62700000;CompteLib_0007;;;22C167;20220326;EcritureLib_0532;20221114;1,13;0,00;D;BQ/575;;
BQ;Banque BQ;BQ/575;20220326;51200000;CompteLib_0002;;;22C167;20220326;EcritureLib_0532;20221114;0,00;1,13;C;BQ/575;;
BQ;Banque BQ;BQ/576;20220328;70999999;CompteLib_0001;;;22C176;20220328;EcritureLib_0533;20221114;0,00;631,65;C;BQ/576;;
BQ;Banque BQ;BQ/576;20220328;51200000;CompteLib_0002;;;22C176;20220328;EcritureLib_0533;20221114;631,65;0,00;D;BQ/576;;
BQ;Banque BQ;BQ/577;20220328;62700000;CompteLib_0007;;;22C171;20220328;EcritureLib_0534;20221114;4,12;0,00;D;BQ/577;;
BQ;Banque BQ;BQ/577;20220328;51200000;CompteLib_0002;;;22C171;20220328;EcritureLib_0534;20221114;0,00;4,12;C;BQ/577;;
BQ;Banque BQ;BQ/578;20220328;62700000;CompteLib_0007;;;22C172;20220328;EcritureLib_0535;20221114;0,45;0,00;D;BQ/578;;
BQ;Banque BQ;BQ/578;20220328;51200000;CompteLib_0002;;;22C172;20220328;EcritureLib_0535;20221114;0,00;0,45;C;BQ/578;;
BQ;Banque BQ;BQ/579;20220328;62700000;CompteLib_0007;;;22C173;20220328;EcritureLib_0536;20221114;3,04;0,00;D;BQ/579;;
BQ;Banque BQ;BQ/579;20220328;51200000;CompteLib_0002;;;22C173;20220328;EcritureLib_0536;20221114;0,00;3,04;C;BQ/579;;
BQ;Banque BQ;BQ/580;20220328;44566100;CompteLib_0005;;;22C174;20220328;EcritureLib_0537;20221114;30,00;0,00;D;BQ/580;;
BQ;Banque BQ;BQ/580;20220328;62261000;CompteLib_0032;;;22C174;20220328;EcritureLib_0537;20221114;150,00;0,00;D;BQ/580;;
BQ;Banque BQ;BQ/580;20220328;51200000;CompteLib_0002;;;22C174;20220328;EcritureLib_0537;20221114;0,00;180,00;C;BQ/580;;
BQ;Banque BQ;BQ/581;20220328;44566100;CompteLib_0005;;;22C175;20220328;EcritureLib_0538;20221114;5,88;0,00;D;BQ/581;;
BQ;Banque BQ;BQ/581;20220328;62261000;CompteLib_0032;;;22C175;20220328;EcritureLib_0538;20221114;29,40;0,00;D;BQ/581;;
BQ;Banque BQ;BQ/581;20220328;51200000;CompteLib_0002;;;22C175;20220328;EcritureLib_0538;20221114;0,00;35,28;C;BQ/581;;
BQ;Banque BQ;BQ/582;20220328;70999999;CompteLib_0001;;;22C177;20220328;EcritureLib_0539;20221114;0,00;68,80;C;BQ/582;;
BQ;Banque BQ;BQ/582;20220328;51200000;CompteLib_0002;;;22C177;20220328;EcritureLib_0539;20221114;68,80;0,00;D;BQ/582;;
BQ;Banque BQ;BQ/583;20220328;70999999;CompteLib_0001;;;22C178;20220328;EcritureLib_0540;20221114;0,00;467,25;C;BQ/583;;
BQ;Banque BQ;BQ/583;20220328;51200000;CompteLib_0002;;;22C178;20220328;EcritureLib_0540;20221114;467,25;0,00;D;BQ/583;;
BQ;Banque BQ;BQ/584;20220328;63580000;CompteLib_0036;;;22C179;20220328;EcritureLib_0541;20221114;280,00;0,00;D;BQ/584;;
BQ;Banque BQ;BQ/584;20220328;51200000;CompteLib_0002;;;22C179;20220328;EcritureLib_0541;20221114;0,00;280,00;C;BQ/584;;
BQ;Banque BQ;BQ/585;20220329;44566100;CompteLib_0005;;;22C181;20220329;EcritureLib_0542;20221114;48,60;0,00;D;BQ/585;;
BQ;Banque BQ;BQ/585;20220329;60100000;CompteLib_0008;;;22C181;20220329;EcritureLib_0542;20221114;243,01;0,00;D;BQ/585;;
BQ;Banque BQ;BQ/585;20220329;51200000;CompteLib_0002;;;22C181;20220329;EcritureLib_0542;20221114;0,00;291,61;C;BQ/585;;
BQ;Banque BQ;BQ/586;20220329;46700000;CompteLib_0014;;;22C182;20220329;EcritureLib_0542;20221114;77,90;0,00;D;BQ/586;;
BQ;Banque BQ;BQ/586;20220329;51200000;CompteLib_0002;;;22C182;20220329;EcritureLib_0542;20221114;0,00;77,90;C;BQ/586;;
BQ;Banque BQ;BQ/587;20220329;44566100;CompteLib_0005;;;22C180;20220329;EcritureLib_0542;20221114;32,13;0,00;D;BQ/587;;
BQ;Banque BQ;BQ/587;20220329;60100000;CompteLib_0008;;;22C180;20220329;EcritureLib_0542;20221114;584,13;0,00;D;BQ/587;;
BQ;Banque BQ;BQ/587;20220329;51200000;CompteLib_0002;;;22C180;20220329;EcritureLib_0542;20221114;0,00;616,26;C;BQ/587;;
BQ;Banque BQ;BQ/588;20220330;70999999;CompteLib_0001;;;22C188;20220330;EcritureLib_0543;20221114;0,00;34,28;C;BQ/588;;
BQ;Banque BQ;BQ/588;20220330;51200000;CompteLib_0002;;;22C188;20220330;EcritureLib_0543;20221114;34,28;0,00;D;BQ/588;;
BQ;Banque BQ;BQ/589;20220330;62700000;CompteLib_0007;;;22C183;20220330;EcritureLib_0544;20221114;1,17;0,00;D;BQ/589;;
BQ;Banque BQ;BQ/589;20220330;51200000;CompteLib_0002;;;22C183;20220330;EcritureLib_0544;20221114;0,00;1,17;C;BQ/589;;
BQ;Banque BQ;BQ/590;20220330;62700000;CompteLib_0007;;;22C184;20220330;EcritureLib_0545;20221114;1,37;0,00;D;BQ/590;;
BQ;Banque BQ;BQ/590;20220330;51200000;CompteLib_0002;;;22C184;20220330;EcritureLib_0545;20221114;0,00;1,37;C;BQ/590;;
BQ;Banque BQ;BQ/591;20220330;70999999;CompteLib_0001;;;22C185;20220330;EcritureLib_0546;20221114;0,00;179,50;C;BQ/591;;
BQ;Banque BQ;BQ/591;20220330;51200000;CompteLib_0002;;;22C185;20220330;EcritureLib_0546;20221114;179,50;0,00;D;BQ/591;;
BQ;Banque BQ;BQ/592;20220330;70999999;CompteLib_0001;;;22C186;20220330;EcritureLib_0547;20221114;0,00;201,70;C;BQ/592;;
BQ;Banque BQ;BQ/592;20220330;51200000;CompteLib_0002;;;22C186;20220330;EcritureLib_0547;20221114;201,70;0,00;D;BQ/592;;
BQ;Banque BQ;BQ/593;20220330;70999999;CompteLib_0001;;;22C187;20220330;EcritureLib_0548;20221114;0,00;48,36;C;BQ/593;;
BQ;Banque BQ;BQ/593;20220330;51200000;CompteLib_0002;;;22C187;20220330;EcritureLib_0548;20221114;48,36;0,00;D;BQ/593;;
BQ;Banque BQ;BQ/594;20220331;64100000;CompteLib_0030;;;22C198;20220331;EcritureLib_0180;20221114;353,17;0,00;D;BQ/594;;
BQ;Banque BQ;BQ/594;20220331;51200000;CompteLib_0002;;;22C198;20220331;EcritureLib_0180;20221114;0,00;353,17;C;BQ/594;;
BQ;Banque BQ;BQ/595;20220331;44571800;CompteLib_0024;;;22C199;20220331;EcritureLib_0549;20221114;0,00;13,64;C;BQ/595;;
BQ;Banque BQ;BQ/595;20220331;70180000;CompteLib_0025;;;22C199;20220331;EcritureLib_0549;20221114;0,00;136,36;C;BQ/595;;
BQ;Banque BQ;BQ/595;20220331;51200000;CompteLib_0002;;;22C199;20220331;EcritureLib_0549;20221114;150,00;0,00;D;BQ/595;;
BQ;Banque BQ;BQ/596;20220331;70999999;CompteLib_0001;;;22C200;20220331;EcritureLib_0550;20221114;0,00;18,20;C;BQ/596;;
BQ;Banque BQ;BQ/596;20220331;51200000;CompteLib_0002;;;22C200;20220331;EcritureLib_0550;20221114;18,20;0,00;D;BQ/596;;
BQ;Banque BQ;BQ/597;20220331;70999999;CompteLib_0001;;;22C201;20220331;EcritureLib_0551;20221114;0,00;19,80;C;BQ/597;;
BQ;Banque BQ;BQ/597;20220331;51200000;CompteLib_0002;;;22C201;20220331;EcritureLib_0551;20221114;19,80;0,00;D;BQ/597;;
BQ;Banque BQ;BQ/598;20220331;64100000;CompteLib_0030;;;22C197;20220331;EcritureLib_0181;20221114;1227,70;0,00;D;BQ/598;;
BQ;Banque BQ;BQ/598;20220331;51200000;CompteLib_0002;;;22C197;20220331;EcritureLib_0181;20221114;0,00;1227,70;C;BQ/598;;
BQ;Banque BQ;BQ/599;20220331;62700000;CompteLib_0007;;;22C189;20220331;EcritureLib_0552;20221114;0,33;0,00;D;BQ/599;;
BQ;Banque BQ;BQ/599;20220331;51200000;CompteLib_0002;;;22C189;20220331;EcritureLib_0552;20221114;0,00;0,33;C;BQ/599;;
BQ;Banque BQ;BQ/600;20220331;62700000;CompteLib_0007;;;22C190;20220331;EcritureLib_0553;20221114;1,82;0,00;D;BQ/600;;
BQ;Banque BQ;BQ/600;20220331;51200000;CompteLib_0002;;;22C190;20220331;EcritureLib_0553;20221114;0,00;1,82;C;BQ/600;;
BQ;Banque BQ;BQ/601;20220331;70999999;CompteLib_0001;;;22C191;20220331;EcritureLib_0554;20221114;0,00;38,60;C;BQ/601;;
BQ;Banque BQ;BQ/601;20220331;51200000;CompteLib_0002;;;22C191;20220331;EcritureLib_0554;20221114;38,60;0,00;D;BQ/601;;
BQ;Banque BQ;BQ/602;20220331;70999999;CompteLib_0001;;;22C192;20220331;EcritureLib_0555;20221114;0,00;264,70;C;BQ/602;;
BQ;Banque BQ;BQ/602;20220331;51200000;CompteLib_0002;;;22C192;20220331;EcritureLib_0555;20221114;264,70;0,00;D;BQ/602;;
BQ;Banque BQ;BQ/603;20220331;44566100;CompteLib_0005;;;22C193;20220331;EcritureLib_0556;20221114;22,51;0,00;D;BQ/603;;
BQ;Banque BQ;BQ/603;20220331;60100000;CompteLib_0008;;;22C193;20220331;EcritureLib_0556;20221114;409,25;0,00;D;BQ/603;;
BQ;Banque BQ;BQ/603;20220331;51200000;CompteLib_0002;;;22C193;20220331;EcritureLib_0556;20221114;0,00;431,76;C;BQ/603;;
BQ;Banque BQ;BQ/604;20220331;70999999;CompteLib_0001;;;22C194;20220331;EcritureLib_0557;20221114;0,00;70,83;C;BQ/604;;
BQ;Banque BQ;BQ/604;20220331;51200000;CompteLib_0002;;;22C194;20220331;EcritureLib_0557;20221114;70,83;0,00;D;BQ/604;;
BQ;Banque BQ;BQ/605;20220331;70999999;CompteLib_0001;;;22C195;20220331;EcritureLib_0558;20221114;0,00;14,54;C;BQ/605;;
BQ;Banque BQ;BQ/605;20220331;51200000;CompteLib_0002;;;22C195;20220331;EcritureLib_0558;20221114;14,54;0,00;D;BQ/605;;
BQ;Banque BQ;BQ/606;20220331;60630000;CompteLib_0009;;;22C196;20220331;EcritureLib_0166;20221114;23,75;0,00;D;BQ/606;;
BQ;Banque BQ;BQ/606;20220331;51200000;CompteLib_0002;;;22C196;20220331;EcritureLib_0166;20221114;0,00;23,75;C;BQ/606;;
BQ;Banque BQ;BQ/607;20220401;44566100;CompteLib_0005;;;22D1;20220401;EcritureLib_0559;20221114;7,64;0,00;D;BQ/607;;
BQ;Banque BQ;BQ/607;20220401;62260000;CompteLib_0032;;;22D1;20220401;EcritureLib_0559;20221114;38,22;0,00;D;BQ/607;;
BQ;Banque BQ;BQ/607;20220401;51200000;CompteLib_0002;;;22D1;20220401;EcritureLib_0559;20221114;0,00;45,86;C;BQ/607;;
BQ;Banque BQ;BQ/608;20220401;62700000;CompteLib_0007;;;22D2;20220401;EcritureLib_0560;20221114;0,74;0,00;D;BQ/608;;
BQ;Banque BQ;BQ/608;20220401;51200000;CompteLib_0002;;;22D2;20220401;EcritureLib_0560;20221114;0,00;0,74;C;BQ/608;;
BQ;Banque BQ;BQ/609;20220401;62700000;CompteLib_0007;;;22D3;20220401;EcritureLib_0561;20221114;1,19;0,00;D;BQ/609;;
BQ;Banque BQ;BQ/609;20220401;51200000;CompteLib_0002;;;22D3;20220401;EcritureLib_0561;20221114;0,00;1,19;C;BQ/609;;
BQ;Banque BQ;BQ/610;20220401;70999999;CompteLib_0001;;;22D4;20220401;EcritureLib_0562;20221114;0,00;114,30;C;BQ/610;;
BQ;Banque BQ;BQ/610;20220401;51200000;CompteLib_0002;;;22D4;20220401;EcritureLib_0562;20221114;114,30;0,00;D;BQ/610;;
BQ;Banque BQ;BQ/611;20220401;44566100;CompteLib_0005;;;22D11;20220401;EcritureLib_0004;20221114;419,51;0,00;D;BQ/611;;
BQ;Banque BQ;BQ/611;20220401;61321000;CompteLib_0006;;;22D11;20220401;EcritureLib_0004;20221114;2097,56;0,00;D;BQ/611;;
BQ;Banque BQ;BQ/611;20220401;51200000;CompteLib_0002;;;22D11;20220401;EcritureLib_0004;20221114;0,00;2517,07;C;BQ/611;;
BQ;Banque BQ;BQ/612;20220401;44571800;CompteLib_0024;;;22D12;20220401;EcritureLib_0563;20221114;0,00;25,14;C;BQ/612;;
BQ;Banque BQ;BQ/612;20220401;70180000;CompteLib_0025;;;22D12;20220401;EcritureLib_0563;20221114;0,00;251,36;C;BQ/612;;
BQ;Banque BQ;BQ/612;20220401;51200000;CompteLib_0002;;;22D12;20220401;EcritureLib_0563;20221114;276,50;0,00;D;BQ/612;;
BQ;Banque BQ;BQ/613;20220401;47100000;CompteLib_0004;;;22D10;20220401;EcritureLib_0003;20221114;1300,00;0,00;D;BQ/613;;
BQ;Banque BQ;BQ/613;20220401;51200000;CompteLib_0002;;;22D10;20220401;EcritureLib_0003;20221114;0,00;1300,00;C;BQ/613;;
BQ;Banque BQ;BQ/614;20220401;70999999;CompteLib_0001;;;22D5;20220401;EcritureLib_0564;20221114;0,00;184,25;C;BQ/614;;
BQ;Banque BQ;BQ/614;20220401;51200000;CompteLib_0002;;;22D5;20220401;EcritureLib_0564;20221114;184,25;0,00;D;BQ/614;;
BQ;Banque BQ;BQ/615;20220401;62700000;CompteLib_0007;;;22D6;20220401;EcritureLib_0005;20221114;78,94;0,00;D;BQ/615;;
BQ;Banque BQ;BQ/615;20220401;51200000;CompteLib_0002;;;22D6;20220401;EcritureLib_0005;20221114;0,00;78,94;C;BQ/615;;
BQ;Banque BQ;BQ/616;20220401;70999999;CompteLib_0001;;;22D7;20220401;EcritureLib_0565;20221114;0,00;740,00;C;BQ/616;;
BQ;Banque BQ;BQ/616;20220401;51200000;CompteLib_0002;;;22D7;20220401;EcritureLib_0565;20221114;740,00;0,00;D;BQ/616;;
BQ;Banque BQ;BQ/617;20220401;64400000;CompteLib_0003;;;22D8;20220401;EcritureLib_0002;20221114;1300,00;0,00;D;BQ/617;;
BQ;Banque BQ;BQ/617;20220401;51200000;CompteLib_0002;;;22D8;20220401;EcritureLib_0002;20221114;0,00;1300,00;C;BQ/617;;
BQ;Banque BQ;BQ/618;20220401;70999999;CompteLib_0001;;;22D9;20220401;EcritureLib_0566;20221114;0,00;50,06;C;BQ/618;;
BQ;Banque BQ;BQ/618;20220401;51200000;CompteLib_0002;;;22D9;20220401;EcritureLib_0566;20221114;50,06;0,00;D;BQ/618;;
BQ;Banque BQ;BQ/619;20220402;62700000;CompteLib_0007;;;22D15;20220402;EcritureLib_0567;20221114;3,66;0,00;D;BQ/619;;
BQ;Banque BQ;BQ/619;20220402;51200000;CompteLib_0002;;;22D15;20220402;EcritureLib_0567;20221114;0,00;3,66;C;BQ/619;;
BQ;Banque BQ;BQ/620;20220402;70999999;CompteLib_0001;;;22D14;20220402;EcritureLib_0568;20221114;0,00;420,40;C;BQ/620;;
BQ;Banque BQ;BQ/620;20220402;51200000;CompteLib_0002;;;22D14;20220402;EcritureLib_0568;20221114;420,40;0,00;D;BQ/620;;
BQ;Banque BQ;BQ/621;20220402;70999999;CompteLib_0001;;;22D13;20220402;EcritureLib_0569;20221114;0,00;483,40;C;BQ/621;;
BQ;Banque BQ;BQ/621;20220402;51200000;CompteLib_0002;;;22D13;20220402;EcritureLib_0569;20221114;483,40;0,00;D;BQ/621;;
BQ;Banque BQ;BQ/622;20220402;62700000;CompteLib_0007;;;22D16;20220402;EcritureLib_0570;20221114;2,74;0,00;D;BQ/622;;
BQ;Banque BQ;BQ/622;20220402;51200000;CompteLib_0002;;;22D16;20220402;EcritureLib_0570;20221114;0,00;2,74;C;BQ/622;;
BQ;Banque BQ;BQ/623;20220404;44566100;CompteLib_0005;;;22D36;20220404;EcritureLib_0571;20221114;6,47;0,00;D;BQ/623;;
BQ;Banque BQ;BQ/623;20220404;60630000;CompteLib_0009;;;22D36;20220404;EcritureLib_0571;20221114;32,35;0,00;D;BQ/623;;
BQ;Banque BQ;BQ/623;20220404;51200000;CompteLib_0002;;;22D36;20220404;EcritureLib_0571;20221114;0,00;38,82;C;BQ/623;;
BQ;Banque BQ;BQ/624;20220404;62700000;CompteLib_0007;;;22D34;20220404;EcritureLib_0572;20221114;4,67;0,00;D;BQ/624;;
BQ;Banque BQ;BQ/624;20220404;51200000;CompteLib_0002;;;22D34;20220404;EcritureLib_0572;20221114;0,00;4,67;C;BQ/624;;
BQ;Banque BQ;BQ/625;20220404;44566100;CompteLib_0005;;;22D33;20220404;EcritureLib_0573;20221114;76,00;0,00;D;BQ/625;;
BQ;Banque BQ;BQ/625;20220404;60700000;CompteLib_0033;;;22D33;20220404;EcritureLib_0573;20221114;380,00;0,00;D;BQ/625;;
BQ;Banque BQ;BQ/625;20220404;51200000;CompteLib_0002;;;22D33;20220404;EcritureLib_0573;20221114;0,00;456,00;C;BQ/625;;
BQ;Banque BQ;BQ/626;20220404;44566100;CompteLib_0005;;;22D20;20220404;EcritureLib_0574;20221114;0,51;0,00;D;BQ/626;;
BQ;Banque BQ;BQ/626;20220404;60100000;CompteLib_0008;;;22D20;20220404;EcritureLib_0574;20221114;9,19;0,00;D;BQ/626;;
BQ;Banque BQ;BQ/626;20220404;51200000;CompteLib_0002;;;22D20;20220404;EcritureLib_0574;20221114;0,00;9,70;C;BQ/626;;
BQ;Banque BQ;BQ/627;20220404;44566100;CompteLib_0005;;;22D21;20220404;EcritureLib_0575;20221114;0,31;0,00;D;BQ/627;;
BQ;Banque BQ;BQ/627;20220404;60100000;CompteLib_0008;;;22D21;20220404;EcritureLib_0575;20221114;5,69;0,00;D;BQ/627;;
BQ;Banque BQ;BQ/627;20220404;51200000;CompteLib_0002;;;22D21;20220404;EcritureLib_0575;20221114;0,00;6,00;C;BQ/627;;
BQ;Banque BQ;BQ/628;20220404;44566100;CompteLib_0005;;;22D22;20220404;EcritureLib_0576;20221114;0,21;0,00;D;BQ/628;;
BQ;Banque BQ;BQ/628;20220404;60100000;CompteLib_0008;;;22D22;20220404;EcritureLib_0576;20221114;3,79;0,00;D;BQ/628;;
BQ;Banque BQ;BQ/628;20220404;51200000;CompteLib_0002;;;22D22;20220404;EcritureLib_0576;20221114;0,00;4,00;C;BQ/628;;
BQ;Banque BQ;BQ/629;20220404;44566100;CompteLib_0005;;;22D23;20220404;EcritureLib_0577;20221114;0,52;0,00;D;BQ/629;;
BQ;Banque BQ;BQ/629;20220404;60100000;CompteLib_0008;;;22D23;20220404;EcritureLib_0577;20221114;9,48;0,00;D;BQ/629;;
BQ;Banque BQ;BQ/629;20220404;51200000;CompteLib_0002;;;22D23;20220404;EcritureLib_0577;20221114;0,00;10,00;C;BQ/629;;
BQ;Banque BQ;BQ/630;20220404;44566100;CompteLib_0005;;;22D24;20220404;EcritureLib_0578;20221114;0,36;0,00;D;BQ/630;;
BQ;Banque BQ;BQ/630;20220404;60100000;CompteLib_0008;;;22D24;20220404;EcritureLib_0578;20221114;6,64;0,00;D;BQ/630;;
BQ;Banque BQ;BQ/630;20220404;51200000;CompteLib_0002;;;22D24;20220404;EcritureLib_0578;20221114;0,00;7,00;C;BQ/630;;
BQ;Banque BQ;BQ/631;20220404;44566100;CompteLib_0005;;;22D25;20220404;EcritureLib_0579;20221114;0,26;0,00;D;BQ/631;;
BQ;Banque BQ;BQ/631;20220404;60100000;CompteLib_0008;;;22D25;20220404;EcritureLib_0579;20221114;4,74;0,00;D;BQ/631;;
BQ;Banque BQ;BQ/631;20220404;51200000;CompteLib_0002;;;22D25;20220404;EcritureLib_0579;20221114;0,00;5,00;C;BQ/631;;
BQ;Banque BQ;BQ/632;20220404;44566100;CompteLib_0005;;;22D26;20220404;EcritureLib_0580;20221114;0,16;0,00;D;BQ/632;;
BQ;Banque BQ;BQ/632;20220404;60100000;CompteLib_0008;;;22D26;20220404;EcritureLib_0580;20221114;2,84;0,00;D;BQ/632;;
BQ;Banque BQ;BQ/632;20220404;51200000;CompteLib_0002;;;22D26;20220404;EcritureLib_0580;20221114;0,00;3,00;C;BQ/632;;
BQ;Banque BQ;BQ/633;20220404;44566100;CompteLib_0005;;;22D27;20220404;EcritureLib_0581;20221114;1,17;0,00;D;BQ/633;;
BQ;Banque BQ;BQ/633;20220404;60100000;CompteLib_0008;;;22D27;20220404;EcritureLib_0581;20221114;21,33;0,00;D;BQ/633;;
BQ;Banque BQ;BQ/633;20220404;51200000;CompteLib_0002;;;22D27;20220404;EcritureLib_0581;20221114;0,00;22,50;C;BQ/633;;
BQ;Banque BQ;BQ/634;20220404;44566100;CompteLib_0005;;;22D28;20220404;EcritureLib_0582;20221114;2,49;0,00;D;BQ/634;;
BQ;Banque BQ;BQ/634;20220404;60100000;CompteLib_0008;;;22D28;20220404;EcritureLib_0582;20221114;45,20;0,00;D;BQ/634;;
BQ;Banque BQ;BQ/634;20220404;51200000;CompteLib_0002;;;22D28;20220404;EcritureLib_0582;20221114;0,00;47,69;C;BQ/634;;
BQ;Banque BQ;BQ/635;20220404;44566100;CompteLib_0005;;;22D29;20220404;EcritureLib_0583;20221114;2,80;0,00;D;BQ/635;;
BQ;Banque BQ;BQ/635;20220404;60100000;CompteLib_0008;;;22D29;20220404;EcritureLib_0583;20221114;51,00;0,00;D;BQ/635;;
BQ;Banque BQ;BQ/635;20220404;51200000;CompteLib_0002;;;22D29;20220404;EcritureLib_0583;20221114;0,00;53,80;C;BQ/635;;
BQ;Banque BQ;BQ/636;20220404;44566100;CompteLib_0005;;;22D30;20220404;EcritureLib_0584;20221114;1,67;0,00;D;BQ/636;;
BQ;Banque BQ;BQ/636;20220404;62810000;CompteLib_0012;;;22D30;20220404;EcritureLib_0584;20221114;8,32;0,00;D;BQ/636;;
BQ;Banque BQ;BQ/636;20220404;51200000;CompteLib_0002;;;22D30;20220404;EcritureLib_0584;20221114;0,00;9,99;C;BQ/636;;
BQ;Banque BQ;BQ/637;20220404;44566100;CompteLib_0005;;;22D31;20220404;EcritureLib_0585;20221114;19,36;0,00;D;BQ/637;;
BQ;Banque BQ;BQ/637;20220404;62530000;CompteLib_0013;;;22D31;20220404;EcritureLib_0585;20221114;193,64;0,00;D;BQ/637;;
BQ;Banque BQ;BQ/637;20220404;51200000;CompteLib_0002;;;22D31;20220404;EcritureLib_0585;20221114;0,00;213,00;C;BQ/637;;
BQ;Banque BQ;BQ/638;20220404;44566100;CompteLib_0005;;;22D32;20220404;EcritureLib_0586;20221114;3,96;0,00;D;BQ/638;;
BQ;Banque BQ;BQ/638;20220404;60630000;CompteLib_0009;;;22D32;20220404;EcritureLib_0586;20221114;19,82;0,00;D;BQ/638;;
BQ;Banque BQ;BQ/638;20220404;51200000;CompteLib_0002;;;22D32;20220404;EcritureLib_0586;20221114;0,00;23,78;C;BQ/638;;
BQ;Banque BQ;BQ/639;20220404;44566100;CompteLib_0005;;;22D44;20220404;EcritureLib_0587;20221114;0,38;0,00;D;BQ/639;;
BQ;Banque BQ;BQ/639;20220404;60100000;CompteLib_0008;;;22D44;20220404;EcritureLib_0587;20221114;6,97;0,00;D;BQ/639;;
BQ;Banque BQ;BQ/639;20220404;51200000;CompteLib_0002;;;22D44;20220404;EcritureLib_0587;20221114;0,00;7,35;C;BQ/639;;
BQ;Banque BQ;BQ/640;20220404;44566100;CompteLib_0005;;;22D43;20220404;EcritureLib_0587;20221114;2,63;0,00;D;BQ/640;;
BQ;Banque BQ;BQ/640;20220404;60100000;CompteLib_0008;;;22D43;20220404;EcritureLib_0587;20221114;13,12;0,00;D;BQ/640;;
BQ;Banque BQ;BQ/640;20220404;51200000;CompteLib_0002;;;22D43;20220404;EcritureLib_0587;20221114;0,00;15,75;C;BQ/640;;
BQ;Banque BQ;BQ/641;20220404;44566100;CompteLib_0005;;;22D42;20220404;EcritureLib_0588;20221114;0,71;0,00;D;BQ/641;;
BQ;Banque BQ;BQ/641;20220404;60100000;CompteLib_0008;;;22D42;20220404;EcritureLib_0588;20221114;12,89;0,00;D;BQ/641;;
BQ;Banque BQ;BQ/641;20220404;51200000;CompteLib_0002;;;22D42;20220404;EcritureLib_0588;20221114;0,00;13,60;C;BQ/641;;
BQ;Banque BQ;BQ/642;20220404;44566100;CompteLib_0005;;;22D41;20220404;EcritureLib_0589;20221114;1,22;0,00;D;BQ/642;;
BQ;Banque BQ;BQ/642;20220404;60630000;CompteLib_0009;;;22D41;20220404;EcritureLib_0589;20221114;6,10;0,00;D;BQ/642;;
BQ;Banque BQ;BQ/642;20220404;51200000;CompteLib_0002;;;22D41;20220404;EcritureLib_0589;20221114;0,00;7,32;C;BQ/642;;
BQ;Banque BQ;BQ/643;20220404;44566100;CompteLib_0005;;;22D40;20220404;EcritureLib_0590;20221114;0,43;0,00;D;BQ/643;;
BQ;Banque BQ;BQ/643;20220404;60100000;CompteLib_0008;;;22D40;20220404;EcritureLib_0590;20221114;2,15;0,00;D;BQ/643;;
BQ;Banque BQ;BQ/643;20220404;51200000;CompteLib_0002;;;22D40;20220404;EcritureLib_0590;20221114;0,00;2,58;C;BQ/643;;
BQ;Banque BQ;BQ/644;20220404;44566100;CompteLib_0005;;;22D39;20220404;EcritureLib_0590;20221114;0,96;0,00;D;BQ/644;;
BQ;Banque BQ;BQ/644;20220404;60100000;CompteLib_0008;;;22D39;20220404;EcritureLib_0590;20221114;17,48;0,00;D;BQ/644;;
BQ;Banque BQ;BQ/644;20220404;51200000;CompteLib_0002;;;22D39;20220404;EcritureLib_0590;20221114;0,00;18,44;C;BQ/644;;
BQ;Banque BQ;BQ/645;20220404;44566100;CompteLib_0005;;;22D38;20220404;EcritureLib_0591;20221114;1,52;0,00;D;BQ/645;;
BQ;Banque BQ;BQ/645;20220404;60100000;CompteLib_0008;;;22D38;20220404;EcritureLib_0591;20221114;27,63;0,00;D;BQ/645;;
BQ;Banque BQ;BQ/645;20220404;51200000;CompteLib_0002;;;22D38;20220404;EcritureLib_0591;20221114;0,00;29,15;C;BQ/645;;
BQ;Banque BQ;BQ/646;20220404;44566100;CompteLib_0005;;;22D37;20220404;EcritureLib_0592;20221114;0,65;0,00;D;BQ/646;;
BQ;Banque BQ;BQ/646;20220404;60100000;CompteLib_0008;;;22D37;20220404;EcritureLib_0592;20221114;11,73;0,00;D;BQ/646;;
BQ;Banque BQ;BQ/646;20220404;51200000;CompteLib_0002;;;22D37;20220404;EcritureLib_0592;20221114;0,00;12,38;C;BQ/646;;
BQ;Banque BQ;BQ/647;20220404;62700000;CompteLib_0007;;;22D35;20220404;EcritureLib_0593;20221114;2,10;0,00;D;BQ/647;;
BQ;Banque BQ;BQ/647;20220404;51200000;CompteLib_0002;;;22D35;20220404;EcritureLib_0593;20221114;0,00;2,10;C;BQ/647;;
BQ;Banque BQ;BQ/648;20220404;44566100;CompteLib_0005;;;22D17;20220404;EcritureLib_0594;20221114;0,49;0,00;D;BQ/648;;
BQ;Banque BQ;BQ/648;20220404;60100000;CompteLib_0008;;;22D17;20220404;EcritureLib_0594;20221114;8,91;0,00;D;BQ/648;;
BQ;Banque BQ;BQ/648;20220404;51200000;CompteLib_0002;;;22D17;20220404;EcritureLib_0594;20221114;0,00;9,40;C;BQ/648;;
BQ;Banque BQ;BQ/649;20220404;44566100;CompteLib_0005;;;22D18;20220404;EcritureLib_0595;20221114;0,26;0,00;D;BQ/649;;
BQ;Banque BQ;BQ/649;20220404;60100000;CompteLib_0008;;;22D18;20220404;EcritureLib_0595;20221114;4,74;0,00;D;BQ/649;;
BQ;Banque BQ;BQ/649;20220404;51200000;CompteLib_0002;;;22D18;20220404;EcritureLib_0595;20221114;0,00;5,00;C;BQ/649;;
BQ;Banque BQ;BQ/650;20220404;44566100;CompteLib_0005;;;22D19;20220404;EcritureLib_0596;20221114;0,31;0,00;D;BQ/650;;
BQ;Banque BQ;BQ/650;20220404;60100000;CompteLib_0008;;;22D19;20220404;EcritureLib_0596;20221114;5,69;0,00;D;BQ/650;;
BQ;Banque BQ;BQ/650;20220404;51200000;CompteLib_0002;;;22D19;20220404;EcritureLib_0596;20221114;0,00;6,00;C;BQ/650;;
BQ;Banque BQ;BQ/651;20220404;44566100;CompteLib_0005;;;22D65;20220404;EcritureLib_0597;20221114;0,31;0,00;D;BQ/651;;
BQ;Banque BQ;BQ/651;20220404;60100000;CompteLib_0008;;;22D65;20220404;EcritureLib_0597;20221114;5,69;0,00;D;BQ/651;;
BQ;Banque BQ;BQ/651;20220404;51200000;CompteLib_0002;;;22D65;20220404;EcritureLib_0597;20221114;0,00;6,00;C;BQ/651;;
BQ;Banque BQ;BQ/652;20220404;44566100;CompteLib_0005;;;22D64;20220404;EcritureLib_0598;20221114;0,36;0,00;D;BQ/652;;
BQ;Banque BQ;BQ/652;20220404;60100000;CompteLib_0008;;;22D64;20220404;EcritureLib_0598;20221114;6,64;0,00;D;BQ/652;;
BQ;Banque BQ;BQ/652;20220404;51200000;CompteLib_0002;;;22D64;20220404;EcritureLib_0598;20221114;0,00;7,00;C;BQ/652;;
BQ;Banque BQ;BQ/653;20220404;44566100;CompteLib_0005;;;22D63;20220404;EcritureLib_0599;20221114;0,31;0,00;D;BQ/653;;
BQ;Banque BQ;BQ/653;20220404;60100000;CompteLib_0008;;;22D63;20220404;EcritureLib_0599;20221114;5,69;0,00;D;BQ/653;;
BQ;Banque BQ;BQ/653;20220404;51200000;CompteLib_0002;;;22D63;20220404;EcritureLib_0599;20221114;0,00;6,00;C;BQ/653;;
BQ;Banque BQ;BQ/654;20220404;44566100;CompteLib_0005;;;22D62;20220404;EcritureLib_0600;20221114;0,42;0,00;D;BQ/654;;
BQ;Banque BQ;BQ/654;20220404;60100000;CompteLib_0008;;;22D62;20220404;EcritureLib_0600;20221114;7,68;0,00;D;BQ/654;;
BQ;Banque BQ;BQ/654;20220404;51200000;CompteLib_0002;;;22D62;20220404;EcritureLib_0600;20221114;0,00;8,10;C;BQ/654;;
BQ;Banque BQ;BQ/655;20220404;44566100;CompteLib_0005;;;22D61;20220404;EcritureLib_0601;20221114;0,31;0,00;D;BQ/655;;
BQ;Banque BQ;BQ/655;20220404;60100000;CompteLib_0008;;;22D61;20220404;EcritureLib_0601;20221114;5,69;0,00;D;BQ/655;;
BQ;Banque BQ;BQ/655;20220404;51200000;CompteLib_0002;;;22D61;20220404;EcritureLib_0601;20221114;0,00;6,00;C;BQ/655;;
BQ;Banque BQ;BQ/656;20220404;44566100;CompteLib_0005;;;22D60;20220404;EcritureLib_0602;20221114;0,31;0,00;D;BQ/656;;
BQ;Banque BQ;BQ/656;20220404;60100000;CompteLib_0008;;;22D60;20220404;EcritureLib_0602;20221114;5,69;0,00;D;BQ/656;;
BQ;Banque BQ;BQ/656;20220404;51200000;CompteLib_0002;;;22D60;20220404;EcritureLib_0602;20221114;0,00;6,00;C;BQ/656;;
BQ;Banque BQ;BQ/657;20220404;44566100;CompteLib_0005;;;22D59;20220404;EcritureLib_0603;20221114;0,33;0,00;D;BQ/657;;
BQ;Banque BQ;BQ/657;20220404;60100000;CompteLib_0008;;;22D59;20220404;EcritureLib_0603;20221114;6,07;0,00;D;BQ/657;;
BQ;Banque BQ;BQ/657;20220404;51200000;CompteLib_0002;;;22D59;20220404;EcritureLib_0603;20221114;0,00;6,40;C;BQ/657;;
BQ;Banque BQ;BQ/658;20220404;44566100;CompteLib_0005;;;22D58;20220404;EcritureLib_0604;20221114;0,41;0,00;D;BQ/658;;
BQ;Banque BQ;BQ/658;20220404;60100000;CompteLib_0008;;;22D58;20220404;EcritureLib_0604;20221114;7,39;0,00;D;BQ/658;;
BQ;Banque BQ;BQ/658;20220404;51200000;CompteLib_0002;;;22D58;20220404;EcritureLib_0604;20221114;0,00;7,80;C;BQ/658;;
BQ;Banque BQ;BQ/659;20220404;70999999;CompteLib_0001;;;22D57;20220404;EcritureLib_0605;20221114;0,00;258,80;C;BQ/659;;
BQ;Banque BQ;BQ/659;20220404;51200000;CompteLib_0002;;;22D57;20220404;EcritureLib_0605;20221114;258,80;0,00;D;BQ/659;;
BQ;Banque BQ;BQ/660;20220404;70999999;CompteLib_0001;;;22D56;20220404;EcritureLib_0606;20221114;0,00;719,40;C;BQ/660;;
BQ;Banque BQ;BQ/660;20220404;51200000;CompteLib_0002;;;22D56;20220404;EcritureLib_0606;20221114;719,40;0,00;D;BQ/660;;
BQ;Banque BQ;BQ/661;20220404;44566100;CompteLib_0005;;;22D55;20220404;EcritureLib_0607;20221114;189,41;0,00;D;BQ/661;;
BQ;Banque BQ;BQ/661;20220404;60630000;CompteLib_0009;;;22D55;20220404;EcritureLib_0607;20221114;947,07;0,00;D;BQ/661;;
BQ;Banque BQ;BQ/661;20220404;51200000;CompteLib_0002;;;22D55;20220404;EcritureLib_0607;20221114;0,00;1136,48;C;BQ/661;;
BQ;Banque BQ;BQ/662;20220404;44566100;CompteLib_0005;;;22D54;20220404;EcritureLib_0608;20221114;2,17;0,00;D;BQ/662;;
BQ;Banque BQ;BQ/662;20220404;60630000;CompteLib_0009;;;22D54;20220404;EcritureLib_0608;20221114;10,83;0,00;D;BQ/662;;
BQ;Banque BQ;BQ/662;20220404;51200000;CompteLib_0002;;;22D54;20220404;EcritureLib_0608;20221114;0,00;13,00;C;BQ/662;;
BQ;Banque BQ;BQ/663;20220404;44566100;CompteLib_0005;;;22D53;20220404;EcritureLib_0609;20221114;1,38;0,00;D;BQ/663;;
BQ;Banque BQ;BQ/663;20220404;60400000;CompteLib_0010;;;22D53;20220404;EcritureLib_0609;20221114;13,82;0,00;D;BQ/663;;
BQ;Banque BQ;BQ/663;20220404;51200000;CompteLib_0002;;;22D53;20220404;EcritureLib_0609;20221114;0,00;15,20;C;BQ/663;;
BQ;Banque BQ;BQ/664;20220404;44566100;CompteLib_0005;;;22D52;20220404;EcritureLib_0610;20221114;0,23;0,00;D;BQ/664;;
BQ;Banque BQ;BQ/664;20220404;60100000;CompteLib_0008;;;22D52;20220404;EcritureLib_0610;20221114;4,22;0,00;D;BQ/664;;
BQ;Banque BQ;BQ/664;20220404;51200000;CompteLib_0002;;;22D52;20220404;EcritureLib_0610;20221114;0,00;4,45;C;BQ/664;;
BQ;Banque BQ;BQ/665;20220404;44566100;CompteLib_0005;;;22D51;20220404;EcritureLib_0610;20221114;0,35;0,00;D;BQ/665;;
BQ;Banque BQ;BQ/665;20220404;60100000;CompteLib_0008;;;22D51;20220404;EcritureLib_0610;20221114;6,45;0,00;D;BQ/665;;
BQ;Banque BQ;BQ/665;20220404;51200000;CompteLib_0002;;;22D51;20220404;EcritureLib_0610;20221114;0,00;6,80;C;BQ/665;;
BQ;Banque BQ;BQ/666;20220404;44566100;CompteLib_0005;;;22D50;20220404;EcritureLib_0611;20221114;0,67;0,00;D;BQ/666;;
BQ;Banque BQ;BQ/666;20220404;60100000;CompteLib_0008;;;22D50;20220404;EcritureLib_0611;20221114;12,15;0,00;D;BQ/666;;
BQ;Banque BQ;BQ/666;20220404;51200000;CompteLib_0002;;;22D50;20220404;EcritureLib_0611;20221114;0,00;12,82;C;BQ/666;;
BQ;Banque BQ;BQ/667;20220404;44566100;CompteLib_0005;;;22D49;20220404;EcritureLib_0611;20221114;2,89;0,00;D;BQ/667;;
BQ;Banque BQ;BQ/667;20220404;60100000;CompteLib_0008;;;22D49;20220404;EcritureLib_0611;20221114;14,45;0,00;D;BQ/667;;
BQ;Banque BQ;BQ/667;20220404;51200000;CompteLib_0002;;;22D49;20220404;EcritureLib_0611;20221114;0,00;17,34;C;BQ/667;;
BQ;Banque BQ;BQ/668;20220404;44566100;CompteLib_0005;;;22D48;20220404;EcritureLib_0612;20221114;0,24;0,00;D;BQ/668;;
BQ;Banque BQ;BQ/668;20220404;60100000;CompteLib_0008;;;22D48;20220404;EcritureLib_0612;20221114;1,22;0,00;D;BQ/668;;
BQ;Banque BQ;BQ/668;20220404;51200000;CompteLib_0002;;;22D48;20220404;EcritureLib_0612;20221114;0,00;1,46;C;BQ/668;;
BQ;Banque BQ;BQ/669;20220404;44566100;CompteLib_0005;;;22D47;20220404;EcritureLib_0612;20221114;0,53;0,00;D;BQ/669;;
BQ;Banque BQ;BQ/669;20220404;60100000;CompteLib_0008;;;22D47;20220404;EcritureLib_0612;20221114;9,68;0,00;D;BQ/669;;
BQ;Banque BQ;BQ/669;20220404;51200000;CompteLib_0002;;;22D47;20220404;EcritureLib_0612;20221114;0,00;10,21;C;BQ/669;;
BQ;Banque BQ;BQ/670;20220404;44566100;CompteLib_0005;;;22D46;20220404;EcritureLib_0613;20221114;0,31;0,00;D;BQ/670;;
BQ;Banque BQ;BQ/670;20220404;60100000;CompteLib_0008;;;22D46;20220404;EcritureLib_0613;20221114;5,72;0,00;D;BQ/670;;
BQ;Banque BQ;BQ/670;20220404;51200000;CompteLib_0002;;;22D46;20220404;EcritureLib_0613;20221114;0,00;6,03;C;BQ/670;;
BQ;Banque BQ;BQ/671;20220404;44566100;CompteLib_0005;;;22D45;20220404;EcritureLib_0613;20221114;3,79;0,00;D;BQ/671;;
BQ;Banque BQ;BQ/671;20220404;60100000;CompteLib_0008;;;22D45;20220404;EcritureLib_0613;20221114;18,93;0,00;D;BQ/671;;
BQ;Banque BQ;BQ/671;20220404;51200000;CompteLib_0002;;;22D45;20220404;EcritureLib_0613;20221114;0,00;22,72;C;BQ/671;;
BQ;Banque BQ;BQ/672;20220405;64500000;CompteLib_0019;;;22D66;20220405;EcritureLib_0614;20221114;383,00;0,00;D;BQ/672;;
BQ;Banque BQ;BQ/672;20220405;51200000;CompteLib_0002;;;22D66;20220405;EcritureLib_0614;20221114;0,00;383,00;C;BQ/672;;
BQ;Banque BQ;BQ/673;20220405;44566100;CompteLib_0005;;;22D67;20220405;EcritureLib_0615;20221114;5,80;0,00;D;BQ/673;;
BQ;Banque BQ;BQ/673;20220405;61100000;CompteLib_0011;;;22D67;20220405;EcritureLib_0615;20221114;29,00;0,00;D;BQ/673;;
BQ;Banque BQ;BQ/673;20220405;51200000;CompteLib_0002;;;22D67;20220405;EcritureLib_0615;20221114;0,00;34,80;C;BQ/673;;
BQ;Banque BQ;BQ/674;20220405;16400000;CompteLib_0018;;;22D68;20220405;EcritureLib_0616;20221114;754,24;0,00;D;BQ/674;;
BQ;Banque BQ;BQ/674;20220405;51200000;CompteLib_0002;;;22D68;20220405;EcritureLib_0616;20221114;0,00;754,24;C;BQ/674;;
BQ;Banque BQ;BQ/675;20220405;44566100;CompteLib_0005;;;22D69;20220405;EcritureLib_0138;20221114;4,85;0,00;D;BQ/675;;
BQ;Banque BQ;BQ/675;20220405;60100000;CompteLib_0008;;;22D69;20220405;EcritureLib_0138;20221114;88,15;0,00;D;BQ/675;;
BQ;Banque BQ;BQ/675;20220405;51200000;CompteLib_0002;;;22D69;20220405;EcritureLib_0138;20221114;0,00;93,00;C;BQ/675;;
BQ;Banque BQ;BQ/676;20220406;62700000;CompteLib_0007;;;22D70;20220406;EcritureLib_0617;20221114;0,23;0,00;D;BQ/676;;
BQ;Banque BQ;BQ/676;20220406;51200000;CompteLib_0002;;;22D70;20220406;EcritureLib_0617;20221114;0,00;0,23;C;BQ/676;;
BQ;Banque BQ;BQ/677;20220406;62700000;CompteLib_0007;;;22D71;20220406;EcritureLib_0618;20221114;1,33;0,00;D;BQ/677;;
BQ;Banque BQ;BQ/677;20220406;51200000;CompteLib_0002;;;22D71;20220406;EcritureLib_0618;20221114;0,00;1,33;C;BQ/677;;
BQ;Banque BQ;BQ/678;20220406;70999999;CompteLib_0001;;;22D72;20220406;EcritureLib_0619;20221114;0,00;35,90;C;BQ/678;;
BQ;Banque BQ;BQ/678;20220406;51200000;CompteLib_0002;;;22D72;20220406;EcritureLib_0619;20221114;35,90;0,00;D;BQ/678;;
BQ;Banque BQ;BQ/679;20220406;70999999;CompteLib_0001;;;22D73;20220406;EcritureLib_0620;20221114;0,00;186,75;C;BQ/679;;
BQ;Banque BQ;BQ/679;20220406;51200000;CompteLib_0002;;;22D73;20220406;EcritureLib_0620;20221114;186,75;0,00;D;BQ/679;;
BQ;Banque BQ;BQ/680;20220406;70999999;CompteLib_0001;;;22D74;20220406;EcritureLib_0621;20221114;0,00;67,15;C;BQ/680;;
BQ;Banque BQ;BQ/680;20220406;51200000;CompteLib_0002;;;22D74;20220406;EcritureLib_0621;20221114;67,15;0,00;D;BQ/680;;
BQ;Banque BQ;BQ/681;20220407;44566100;CompteLib_0005;;;22D76;20220407;EcritureLib_0070;20221114;5,11;0,00;D;BQ/681;;
BQ;Banque BQ;BQ/681;20220407;62700000;CompteLib_0007;;;22D76;20220407;EcritureLib_0070;20221114;25,56;0,00;D;BQ/681;;
BQ;Banque BQ;BQ/681;20220407;51200000;CompteLib_0002;;;22D76;20220407;EcritureLib_0070;20221114;0,00;30,67;C;BQ/681;;
BQ;Banque BQ;BQ/682;20220407;62700000;CompteLib_0007;;;22D77;20220407;EcritureLib_0622;20221114;1,23;0,00;D;BQ/682;;
BQ;Banque BQ;BQ/682;20220407;51200000;CompteLib_0002;;;22D77;20220407;EcritureLib_0622;20221114;0,00;1,23;C;BQ/682;;
BQ;Banque BQ;BQ/683;20220407;62700000;CompteLib_0007;;;22D78;20220407;EcritureLib_0623;20221114;2,70;0,00;D;BQ/683;;
BQ;Banque BQ;BQ/683;20220407;51200000;CompteLib_0002;;;22D78;20220407;EcritureLib_0623;20221114;0,00;2,70;C;BQ/683;;
BQ;Banque BQ;BQ/684;20220407;44566100;CompteLib_0005;;;22D79;20220407;EcritureLib_0624;20221114;22,16;0,00;D;BQ/684;;
BQ;Banque BQ;BQ/684;20220407;60610000;CompteLib_0022;;;22D79;20220407;EcritureLib_0624;20221114;110,77;0,00;D;BQ/684;;
BQ;Banque BQ;BQ/684;20220407;51200000;CompteLib_0002;;;22D79;20220407;EcritureLib_0624;20221114;0,00;132,93;C;BQ/684;;
BQ;Banque BQ;BQ/685;20220407;70999999;CompteLib_0001;;;22D80;20220407;EcritureLib_0625;20221114;0,00;189,30;C;BQ/685;;
BQ;Banque BQ;BQ/685;20220407;51200000;CompteLib_0002;;;22D80;20220407;EcritureLib_0625;20221114;189,30;0,00;D;BQ/685;;
BQ;Banque BQ;BQ/686;20220407;70999999;CompteLib_0001;;;22D81;20220407;EcritureLib_0626;20221114;0,00;418,73;C;BQ/686;;
BQ;Banque BQ;BQ/686;20220407;51200000;CompteLib_0002;;;22D81;20220407;EcritureLib_0626;20221114;418,73;0,00;D;BQ/686;;
BQ;Banque BQ;BQ/687;20220407;44566100;CompteLib_0005;;;22D75;20220407;EcritureLib_0627;20221114;5,05;0,00;D;BQ/687;;
BQ;Banque BQ;BQ/687;20220407;60610000;CompteLib_0022;;;22D75;20220407;EcritureLib_0627;20221114;25,23;0,00;D;BQ/687;;
BQ;Banque BQ;BQ/687;20220407;51200000;CompteLib_0002;;;22D75;20220407;EcritureLib_0627;20221114;0,00;30,28;C;BQ/687;;
BQ;Banque BQ;BQ/688;20220408;70999999;CompteLib_0001;;;22D86;20220408;EcritureLib_0628;20221114;0,00;155,27;C;BQ/688;;
BQ;Banque BQ;BQ/688;20220408;51200000;CompteLib_0002;;;22D86;20220408;EcritureLib_0628;20221114;155,27;0,00;D;BQ/688;;
BQ;Banque BQ;BQ/689;20220408;70999999;CompteLib_0001;;;22D85;20220408;EcritureLib_0629;20221114;0,00;196,55;C;BQ/689;;
BQ;Banque BQ;BQ/689;20220408;51200000;CompteLib_0002;;;22D85;20220408;EcritureLib_0629;20221114;196,55;0,00;D;BQ/689;;
BQ;Banque BQ;BQ/690;20220408;70999999;CompteLib_0001;;;22D84;20220408;EcritureLib_0630;20221114;0,00;283,60;C;BQ/690;;
BQ;Banque BQ;BQ/690;20220408;51200000;CompteLib_0002;;;22D84;20220408;EcritureLib_0630;20221114;283,60;0,00;D;BQ/690;;
BQ;Banque BQ;BQ/691;20220408;62700000;CompteLib_0007;;;22D82;20220408;EcritureLib_0631;20221114;1,99;0,00;D;BQ/691;;
BQ;Banque BQ;BQ/691;20220408;51200000;CompteLib_0002;;;22D82;20220408;EcritureLib_0631;20221114;0,00;1,99;C;BQ/691;;
BQ;Banque BQ;BQ/692;20220408;62700000;CompteLib_0007;;;22D83;20220408;EcritureLib_0632;20221114;1,42;0,00;D;BQ/692;;
BQ;Banque BQ;BQ/692;20220408;51200000;CompteLib_0002;;;22D83;20220408;EcritureLib_0632;20221114;0,00;1,42;C;BQ/692;;
BQ;Banque BQ;BQ/693;20220409;62700000;CompteLib_0007;;;22D88;20220409;EcritureLib_0633;20221114;1,16;0,00;D;BQ/693;;
BQ;Banque BQ;BQ/693;20220409;51200000;CompteLib_0002;;;22D88;20220409;EcritureLib_0633;20221114;0,00;1,16;C;BQ/693;;
BQ;Banque BQ;BQ/694;20220409;62700000;CompteLib_0007;;;22D87;20220409;EcritureLib_0634;20221114;4,66;0,00;D;BQ/694;;
BQ;Banque BQ;BQ/694;20220409;51200000;CompteLib_0002;;;22D87;20220409;EcritureLib_0634;20221114;0,00;4,66;C;BQ/694;;
BQ;Banque BQ;BQ/695;20220409;70999999;CompteLib_0001;;;22D90;20220409;EcritureLib_0635;20221114;0,00;179,20;C;BQ/695;;
BQ;Banque BQ;BQ/695;20220409;51200000;CompteLib_0002;;;22D90;20220409;EcritureLib_0635;20221114;179,20;0,00;D;BQ/695;;
BQ;Banque BQ;BQ/696;20220409;70999999;CompteLib_0001;;;22D89;20220409;EcritureLib_0636;20221114;0,00;662,16;C;BQ/696;;
BQ;Banque BQ;BQ/696;20220409;51200000;CompteLib_0002;;;22D89;20220409;EcritureLib_0636;20221114;662,16;0,00;D;BQ/696;;
BQ;Banque BQ;BQ/697;20220411;62700000;CompteLib_0007;;;22D91;20220411;EcritureLib_0637;20221114;1,07;0,00;D;BQ/697;;
BQ;Banque BQ;BQ/697;20220411;51200000;CompteLib_0002;;;22D91;20220411;EcritureLib_0637;20221114;0,00;1,07;C;BQ/697;;
BQ;Banque BQ;BQ/698;20220411;70999999;CompteLib_0001;;;22D96;20220411;EcritureLib_0638;20221114;0,00;352,16;C;BQ/698;;
BQ;Banque BQ;BQ/698;20220411;51200000;CompteLib_0002;;;22D96;20220411;EcritureLib_0638;20221114;352,16;0,00;D;BQ/698;;
BQ;Banque BQ;BQ/699;20220411;70999999;CompteLib_0001;;;22D95;20220411;EcritureLib_0639;20221114;0,00;417,20;C;BQ/699;;
BQ;Banque BQ;BQ/699;20220411;51200000;CompteLib_0002;;;22D95;20220411;EcritureLib_0639;20221114;417,20;0,00;D;BQ/699;;
BQ;Banque BQ;BQ/700;20220411;70999999;CompteLib_0001;;;22D94;20220411;EcritureLib_0640;20221114;0,00;164,90;C;BQ/700;;
BQ;Banque BQ;BQ/700;20220411;51200000;CompteLib_0002;;;22D94;20220411;EcritureLib_0640;20221114;164,90;0,00;D;BQ/700;;
BQ;Banque BQ;BQ/701;20220411;62700000;CompteLib_0007;;;22D93;20220411;EcritureLib_0641;20221114;2,29;0,00;D;BQ/701;;
BQ;Banque BQ;BQ/701;20220411;51200000;CompteLib_0002;;;22D93;20220411;EcritureLib_0641;20221114;0,00;2,29;C;BQ/701;;
BQ;Banque BQ;BQ/702;20220411;62700000;CompteLib_0007;;;22D92;20220411;EcritureLib_0642;20221114;2,79;0,00;D;BQ/702;;
BQ;Banque BQ;BQ/702;20220411;51200000;CompteLib_0002;;;22D92;20220411;EcritureLib_0642;20221114;0,00;2,79;C;BQ/702;;
BQ;Banque BQ;BQ/703;20220412;46700000;CompteLib_0014;;;22D99;20220412;EcritureLib_0643;20221114;45,60;0,00;D;BQ/703;;
BQ;Banque BQ;BQ/703;20220412;51200000;CompteLib_0002;;;22D99;20220412;EcritureLib_0643;20221114;0,00;45,60;C;BQ/703;;
BQ;Banque BQ;BQ/704;20220412;44566100;CompteLib_0005;;;22D100;20220412;EcritureLib_0644;20221114;1,04;0,00;D;BQ/704;;
BQ;Banque BQ;BQ/704;20220412;60100000;CompteLib_0008;;;22D100;20220412;EcritureLib_0644;20221114;18,96;0,00;D;BQ/704;;
BQ;Banque BQ;BQ/704;20220412;51200000;CompteLib_0002;;;22D100;20220412;EcritureLib_0644;20221114;0,00;20,00;C;BQ/704;;
BQ;Banque BQ;BQ/705;20220412;44566100;CompteLib_0005;;;22D98;20220412;EcritureLib_0643;20221114;28,67;0,00;D;BQ/705;;
BQ;Banque BQ;BQ/705;20220412;60700000;CompteLib_0033;;;22D98;20220412;EcritureLib_0643;20221114;143,33;0,00;D;BQ/705;;
BQ;Banque BQ;BQ/705;20220412;51200000;CompteLib_0002;;;22D98;20220412;EcritureLib_0643;20221114;0,00;172,00;C;BQ/705;;
BQ;Banque BQ;BQ/706;20220412;44566100;CompteLib_0005;;;22D97;20220412;EcritureLib_0643;20221114;26,38;0,00;D;BQ/706;;
BQ;Banque BQ;BQ/706;20220412;60100000;CompteLib_0008;;;22D97;20220412;EcritureLib_0643;20221114;479,70;0,00;D;BQ/706;;
BQ;Banque BQ;BQ/706;20220412;51200000;CompteLib_0002;;;22D97;20220412;EcritureLib_0643;20221114;0,00;506,08;C;BQ/706;;
BQ;Banque BQ;BQ/707;20220413;44566100;CompteLib_0005;;;22D103;20220413;EcritureLib_0645;20221114;53,60;0,00;D;BQ/707;;
BQ;Banque BQ;BQ/707;20220413;61350000;CompteLib_0023;;;22D103;20220413;EcritureLib_0645;20221114;268,00;0,00;D;BQ/707;;
BQ;Banque BQ;BQ/707;20220413;51200000;CompteLib_0002;;;22D103;20220413;EcritureLib_0645;20221114;0,00;321,60;C;BQ/707;;
BQ;Banque BQ;BQ/708;20220413;62700000;CompteLib_0007;;;22D101;20220413;EcritureLib_0646;20221114;0,96;0,00;D;BQ/708;;
BQ;Banque BQ;BQ/708;20220413;51200000;CompteLib_0002;;;22D101;20220413;EcritureLib_0646;20221114;0,00;0,96;C;BQ/708;;
BQ;Banque BQ;BQ/709;20220413;62700000;CompteLib_0007;;;22D102;20220413;EcritureLib_0647;20221114;2,12;0,00;D;BQ/709;;
BQ;Banque BQ;BQ/709;20220413;51200000;CompteLib_0002;;;22D102;20220413;EcritureLib_0647;20221114;0,00;2,12;C;BQ/709;;
BQ;Banque BQ;BQ/710;20220413;61600000;CompteLib_0021;;;22D104;20220413;EcritureLib_0648;20221114;13,63;0,00;D;BQ/710;;
BQ;Banque BQ;BQ/710;20220413;51200000;CompteLib_0002;;;22D104;20220413;EcritureLib_0648;20221114;0,00;13,63;C;BQ/710;;
BQ;Banque BQ;BQ/711;20220413;61600000;CompteLib_0021;;;22D105;20220413;EcritureLib_0649;20221114;20,35;0,00;D;BQ/711;;
BQ;Banque BQ;BQ/711;20220413;51200000;CompteLib_0002;;;22D105;20220413;EcritureLib_0649;20221114;0,00;20,35;C;BQ/711;;
BQ;Banque BQ;BQ/712;20220413;61600000;CompteLib_0021;;;22D106;20220413;EcritureLib_0650;20221114;36,91;0,00;D;BQ/712;;
BQ;Banque BQ;BQ/712;20220413;51200000;CompteLib_0002;;;22D106;20220413;EcritureLib_0650;20221114;0,00;36,91;C;BQ/712;;
BQ;Banque BQ;BQ/713;20220413;61600000;CompteLib_0021;;;22D107;20220413;EcritureLib_0651;20221114;36,91;0,00;D;BQ/713;;
BQ;Banque BQ;BQ/713;20220413;51200000;CompteLib_0002;;;22D107;20220413;EcritureLib_0651;20221114;0,00;36,91;C;BQ/713;;
BQ;Banque BQ;BQ/714;20220413;61600000;CompteLib_0021;;;22D108;20220413;EcritureLib_0652;20221114;13,63;0,00;D;BQ/714;;
BQ;Banque BQ;BQ/714;20220413;51200000;CompteLib_0002;;;22D108;20220413;EcritureLib_0652;20221114;0,00;13,63;C;BQ/714;;
BQ;Banque BQ;BQ/715;20220413;61600000;CompteLib_0021;;;22D109;20220413;EcritureLib_0653;20221114;20,35;0,00;D;BQ/715;;
BQ;Banque BQ;BQ/715;20220413;51200000;CompteLib_0002;;;22D109;20220413;EcritureLib_0653;20221114;0,00;20,35;C;BQ/715;;
BQ;Banque BQ;BQ/716;20220413;70999999;CompteLib_0001;;;22D110;20220413;EcritureLib_0654;20221114;0,00;147,90;C;BQ/716;;
BQ;Banque BQ;BQ/716;20220413;51200000;CompteLib_0002;;;22D110;20220413;EcritureLib_0654;20221114;147,90;0,00;D;BQ/716;;
BQ;Banque BQ;BQ/717;20220413;70999999;CompteLib_0001;;;22D111;20220413;EcritureLib_0655;20221114;0,00;326,80;C;BQ/717;;
BQ;Banque BQ;BQ/717;20220413;51200000;CompteLib_0002;;;22D111;20220413;EcritureLib_0655;20221114;326,80;0,00;D;BQ/717;;
BQ;Banque BQ;BQ/718;20220413;44566100;CompteLib_0005;;;22D112;20220413;EcritureLib_0656;20221114;14,57;0,00;D;BQ/718;;
BQ;Banque BQ;BQ/718;20220413;60100000;CompteLib_0008;;;22D112;20220413;EcritureLib_0656;20221114;264,85;0,00;D;BQ/718;;
BQ;Banque BQ;BQ/718;20220413;51200000;CompteLib_0002;;;22D112;20220413;EcritureLib_0656;20221114;0,00;279,42;C;BQ/718;;
BQ;Banque BQ;BQ/719;20220414;70999999;CompteLib_0001;;;22D117;20220414;EcritureLib_0657;20221114;0,00;234,00;C;BQ/719;;
BQ;Banque BQ;BQ/719;20220414;51200000;CompteLib_0002;;;22D117;20220414;EcritureLib_0657;20221114;234,00;0,00;D;BQ/719;;
BQ;Banque BQ;BQ/720;20220414;62700000;CompteLib_0007;;;22D113;20220414;EcritureLib_0658;20221114;1,30;0,00;D;BQ/720;;
BQ;Banque BQ;BQ/720;20220414;51200000;CompteLib_0002;;;22D113;20220414;EcritureLib_0658;20221114;0,00;1,30;C;BQ/720;;
BQ;Banque BQ;BQ/721;20220414;70999999;CompteLib_0001;;;22D118;20220414;EcritureLib_0659;20221114;0,00;69,90;C;BQ/721;;
BQ;Banque BQ;BQ/721;20220414;51200000;CompteLib_0002;;;22D118;20220414;EcritureLib_0659;20221114;69,90;0,00;D;BQ/721;;
BQ;Banque BQ;BQ/722;20220414;62700000;CompteLib_0007;;;22D114;20220414;EcritureLib_0660;20221114;2,35;0,00;D;BQ/722;;
BQ;Banque BQ;BQ/722;20220414;51200000;CompteLib_0002;;;22D114;20220414;EcritureLib_0660;20221114;0,00;2,35;C;BQ/722;;
BQ;Banque BQ;BQ/723;20220414;61600000;CompteLib_0021;;;22D115;20220414;EcritureLib_0661;20221114;1395,44;0,00;D;BQ/723;;
BQ;Banque BQ;BQ/723;20220414;51200000;CompteLib_0002;;;22D115;20220414;EcritureLib_0661;20221114;0,00;1395,44;C;BQ/723;;
BQ;Banque BQ;BQ/724;20220414;70999999;CompteLib_0001;;;22D116;20220414;EcritureLib_0662;20221114;0,00;198,90;C;BQ/724;;
BQ;Banque BQ;BQ/724;20220414;51200000;CompteLib_0002;;;22D116;20220414;EcritureLib_0662;20221114;198,90;0,00;D;BQ/724;;
BQ;Banque BQ;BQ/725;20220414;70999999;CompteLib_0001;;;22D120;20220414;EcritureLib_0663;20221114;0,00;22,08;C;BQ/725;;
BQ;Banque BQ;BQ/725;20220414;51200000;CompteLib_0002;;;22D120;20220414;EcritureLib_0663;20221114;22,08;0,00;D;BQ/725;;
BQ;Banque BQ;BQ/726;20220414;70999999;CompteLib_0001;;;22D119;20220414;EcritureLib_0664;20221114;0,00;130,66;C;BQ/726;;
BQ;Banque BQ;BQ/726;20220414;51200000;CompteLib_0002;;;22D119;20220414;EcritureLib_0664;20221114;130,66;0,00;D;BQ/726;;
BQ;Banque BQ;BQ/727;20220415;70999999;CompteLib_0001;;;22D125;20220415;EcritureLib_0665;20221114;0,00;185,30;C;BQ/727;;
BQ;Banque BQ;BQ/727;20220415;51200000;CompteLib_0002;;;22D125;20220415;EcritureLib_0665;20221114;185,30;0,00;D;BQ/727;;
BQ;Banque BQ;BQ/728;20220415;70999999;CompteLib_0001;;;22D128;20220415;EcritureLib_0666;20221114;0,00;254,50;C;BQ/728;;
BQ;Banque BQ;BQ/728;20220415;51200000;CompteLib_0002;;;22D128;20220415;EcritureLib_0666;20221114;254,50;0,00;D;BQ/728;;
BQ;Banque BQ;BQ/729;20220415;70999999;CompteLib_0001;;;22D127;20220415;EcritureLib_0667;20221114;0,00;54,00;C;BQ/729;;
BQ;Banque BQ;BQ/729;20220415;51200000;CompteLib_0002;;;22D127;20220415;EcritureLib_0667;20221114;54,00;0,00;D;BQ/729;;
BQ;Banque BQ;BQ/730;20220415;62700000;CompteLib_0007;;;22D121;20220415;EcritureLib_0668;20221114;1,90;0,00;D;BQ/730;;
BQ;Banque BQ;BQ/730;20220415;51200000;CompteLib_0002;;;22D121;20220415;EcritureLib_0668;20221114;0,00;1,90;C;BQ/730;;
BQ;Banque BQ;BQ/731;20220415;62700000;CompteLib_0007;;;22D122;20220415;EcritureLib_0669;20221114;0,93;0,00;D;BQ/731;;
BQ;Banque BQ;BQ/731;20220415;51200000;CompteLib_0002;;;22D122;20220415;EcritureLib_0669;20221114;0,00;0,93;C;BQ/731;;
BQ;Banque BQ;BQ/732;20220415;62700000;CompteLib_0007;;;22D123;20220415;EcritureLib_0670;20221114;0,70;0,00;D;BQ/732;;
BQ;Banque BQ;BQ/732;20220415;51200000;CompteLib_0002;;;22D123;20220415;EcritureLib_0670;20221114;0,00;0,70;C;BQ/732;;
BQ;Banque BQ;BQ/733;20220415;70999999;CompteLib_0001;;;22D126;20220415;EcritureLib_0671;20221114;0,00;133,10;C;BQ/733;;
BQ;Banque BQ;BQ/733;20220415;51200000;CompteLib_0002;;;22D126;20220415;EcritureLib_0671;20221114;133,10;0,00;D;BQ/733;;
BQ;Banque BQ;BQ/734;20220415;62700000;CompteLib_0007;;;22D124;20220415;EcritureLib_0672;20221114;1,73;0,00;D;BQ/734;;
BQ;Banque BQ;BQ/734;20220415;51200000;CompteLib_0002;;;22D124;20220415;EcritureLib_0672;20221114;0,00;1,73;C;BQ/734;;
BQ;Banque BQ;BQ/735;20220416;70999999;CompteLib_0001;;;22D131;20220416;EcritureLib_0673;20221114;0,00;237,40;C;BQ/735;;
BQ;Banque BQ;BQ/735;20220416;51200000;CompteLib_0002;;;22D131;20220416;EcritureLib_0673;20221114;237,40;0,00;D;BQ/735;;
BQ;Banque BQ;BQ/736;20220416;62700000;CompteLib_0007;;;22D129;20220416;EcritureLib_0674;20221114;1,55;0,00;D;BQ/736;;
BQ;Banque BQ;BQ/736;20220416;51200000;CompteLib_0002;;;22D129;20220416;EcritureLib_0674;20221114;0,00;1,55;C;BQ/736;;
BQ;Banque BQ;BQ/737;20220416;62700000;CompteLib_0007;;;22D130;20220416;EcritureLib_0675;20221114;1,52;0,00;D;BQ/737;;
BQ;Banque BQ;BQ/737;20220416;51200000;CompteLib_0002;;;22D130;20220416;EcritureLib_0675;20221114;0,00;1,52;C;BQ/737;;
BQ;Banque BQ;BQ/738;20220416;70999999;CompteLib_0001;;;22D132;20220416;EcritureLib_0676;20221114;0,00;202,30;C;BQ/738;;
BQ;Banque BQ;BQ/738;20220416;51200000;CompteLib_0002;;;22D132;20220416;EcritureLib_0676;20221114;202,30;0,00;D;BQ/738;;
BQ;Banque BQ;BQ/739;20220419;70999999;CompteLib_0001;;;22D136;20220419;EcritureLib_0677;20221114;0,00;359,60;C;BQ/739;;
BQ;Banque BQ;BQ/739;20220419;51200000;CompteLib_0002;;;22D136;20220419;EcritureLib_0677;20221114;359,60;0,00;D;BQ/739;;
BQ;Banque BQ;BQ/740;20220419;44566100;CompteLib_0005;;;22D137;20220419;EcritureLib_0678;20221114;16,18;0,00;D;BQ/740;;
BQ;Banque BQ;BQ/740;20220419;62810000;CompteLib_0012;;;22D137;20220419;EcritureLib_0678;20221114;80,88;0,00;D;BQ/740;;
BQ;Banque BQ;BQ/740;20220419;51200000;CompteLib_0002;;;22D137;20220419;EcritureLib_0678;20221114;0,00;97,06;C;BQ/740;;
BQ;Banque BQ;BQ/741;20220419;62700000;CompteLib_0007;;;22D133;20220419;EcritureLib_0679;20221114;3,33;0,00;D;BQ/741;;
BQ;Banque BQ;BQ/741;20220419;51200000;CompteLib_0002;;;22D133;20220419;EcritureLib_0679;20221114;0,00;3,33;C;BQ/741;;
BQ;Banque BQ;BQ/742;20220419;62700000;CompteLib_0007;;;22D134;20220419;EcritureLib_0680;20221114;2,36;0,00;D;BQ/742;;
BQ;Banque BQ;BQ/742;20220419;51200000;CompteLib_0002;;;22D134;20220419;EcritureLib_0680;20221114;0,00;2,36;C;BQ/742;;
BQ;Banque BQ;BQ/743;20220419;70999999;CompteLib_0001;;;22D135;20220419;EcritureLib_0681;20221114;0,00;512,39;C;BQ/743;;
BQ;Banque BQ;BQ/743;20220419;51200000;CompteLib_0002;;;22D135;20220419;EcritureLib_0681;20221114;512,39;0,00;D;BQ/743;;
BQ;Banque BQ;BQ/744;20220420;70999999;CompteLib_0001;;;22D143;20220420;EcritureLib_0682;20221114;0,00;500,00;C;BQ/744;;
BQ;Banque BQ;BQ/744;20220420;51200000;CompteLib_0002;;;22D143;20220420;EcritureLib_0682;20221114;500,00;0,00;D;BQ/744;;
BQ;Banque BQ;BQ/745;20220420;44566100;CompteLib_0005;;;22D144;20220420;EcritureLib_0683;20221114;2,28;0,00;D;BQ/745;;
BQ;Banque BQ;BQ/745;20220420;60100000;CompteLib_0008;;;22D144;20220420;EcritureLib_0683;20221114;41,47;0,00;D;BQ/745;;
BQ;Banque BQ;BQ/745;20220420;51200000;CompteLib_0002;;;22D144;20220420;EcritureLib_0683;20221114;0,00;43,75;C;BQ/745;;
BQ;Banque BQ;BQ/746;20220420;44566100;CompteLib_0005;;;22D145;20220420;EcritureLib_0684;20221114;3,94;0,00;D;BQ/746;;
BQ;Banque BQ;BQ/746;20220420;62530000;CompteLib_0013;;;22D145;20220420;EcritureLib_0684;20221114;39,45;0,00;D;BQ/746;;
BQ;Banque BQ;BQ/746;20220420;51200000;CompteLib_0002;;;22D145;20220420;EcritureLib_0684;20221114;0,00;43,39;C;BQ/746;;
BQ;Banque BQ;BQ/747;20220420;64500000;CompteLib_0019;;;22D140;20220420;EcritureLib_0685;20221114;515,00;0,00;D;BQ/747;;
BQ;Banque BQ;BQ/747;20220420;51200000;CompteLib_0002;;;22D140;20220420;EcritureLib_0685;20221114;0,00;515,00;C;BQ/747;;
BQ;Banque BQ;BQ/748;20220420;70999999;CompteLib_0001;;;22D141;20220420;EcritureLib_0686;20221114;0,00;127,69;C;BQ/748;;
BQ;Banque BQ;BQ/748;20220420;51200000;CompteLib_0002;;;22D141;20220420;EcritureLib_0686;20221114;127,69;0,00;D;BQ/748;;
BQ;Banque BQ;BQ/749;20220420;70999999;CompteLib_0001;;;22D142;20220420;EcritureLib_0687;20221114;0,00;238,65;C;BQ/749;;
BQ;Banque BQ;BQ/749;20220420;51200000;CompteLib_0002;;;22D142;20220420;EcritureLib_0687;20221114;238,65;0,00;D;BQ/749;;
BQ;Banque BQ;BQ/750;20220420;62700000;CompteLib_0007;;;22D139;20220420;EcritureLib_0688;20221114;1,61;0,00;D;BQ/750;;
BQ;Banque BQ;BQ/750;20220420;51200000;CompteLib_0002;;;22D139;20220420;EcritureLib_0688;20221114;0,00;1,61;C;BQ/750;;
BQ;Banque BQ;BQ/751;20220420;62700000;CompteLib_0007;;;22D138;20220420;EcritureLib_0689;20221114;1,16;0,00;D;BQ/751;;
BQ;Banque BQ;BQ/751;20220420;51200000;CompteLib_0002;;;22D138;20220420;EcritureLib_0689;20221114;0,00;1,16;C;BQ/751;;
BQ;Banque BQ;BQ/752;20220421;70999999;CompteLib_0001;;;22D151;20220421;EcritureLib_0690;20221114;0,00;22,53;C;BQ/752;;
BQ;Banque BQ;BQ/752;20220421;51200000;CompteLib_0002;;;22D151;20220421;EcritureLib_0690;20221114;22,53;0,00;D;BQ/752;;
BQ;Banque BQ;BQ/753;20220421;70999999;CompteLib_0001;;;22D150;20220421;EcritureLib_0691;20221114;0,00;165,85;C;BQ/753;;
BQ;Banque BQ;BQ/753;20220421;51200000;CompteLib_0002;;;22D150;20220421;EcritureLib_0691;20221114;165,85;0,00;D;BQ/753;;
BQ;Banque BQ;BQ/754;20220421;62700000;CompteLib_0007;;;22D146;20220421;EcritureLib_0692;20221114;1,13;0,00;D;BQ/754;;
BQ;Banque BQ;BQ/754;20220421;51200000;CompteLib_0002;;;22D146;20220421;EcritureLib_0692;20221114;0,00;1,13;C;BQ/754;;
BQ;Banque BQ;BQ/755;20220421;70999999;CompteLib_0001;;;22D149;20220421;EcritureLib_0693;20221114;0,00;173,60;C;BQ/755;;
BQ;Banque BQ;BQ/755;20220421;51200000;CompteLib_0002;;;22D149;20220421;EcritureLib_0693;20221114;173,60;0,00;D;BQ/755;;
BQ;Banque BQ;BQ/756;20220421;62700000;CompteLib_0007;;;22D147;20220421;EcritureLib_0694;20221114;1,24;0,00;D;BQ/756;;
BQ;Banque BQ;BQ/756;20220421;51200000;CompteLib_0002;;;22D147;20220421;EcritureLib_0694;20221114;0,00;1,24;C;BQ/756;;
BQ;Banque BQ;BQ/757;20220421;44566100;CompteLib_0005;;;22D148;20220421;EcritureLib_0695;20221114;5,98;0,00;D;BQ/757;;
BQ;Banque BQ;BQ/757;20220421;61350000;CompteLib_0023;;;22D148;20220421;EcritureLib_0695;20221114;29,90;0,00;D;BQ/757;;
BQ;Banque BQ;BQ/757;20220421;51200000;CompteLib_0002;;;22D148;20220421;EcritureLib_0695;20221114;0,00;35,88;C;BQ/757;;
BQ;Banque BQ;BQ/758;20220422;62700000;CompteLib_0007;;;22D154;20220422;EcritureLib_0696;20221114;1,98;0,00;D;BQ/758;;
BQ;Banque BQ;BQ/758;20220422;51200000;CompteLib_0002;;;22D154;20220422;EcritureLib_0696;20221114;0,00;1,98;C;BQ/758;;
BQ;Banque BQ;BQ/759;20220422;62700000;CompteLib_0007;;;22D153;20220422;EcritureLib_0697;20221114;0,62;0,00;D;BQ/759;;
BQ;Banque BQ;BQ/759;20220422;51200000;CompteLib_0002;;;22D153;20220422;EcritureLib_0697;20221114;0,00;0,62;C;BQ/759;;
BQ;Banque BQ;BQ/760;20220422;62700000;CompteLib_0007;;;22D152;20220422;EcritureLib_0698;20221114;1,83;0,00;D;BQ/760;;
BQ;Banque BQ;BQ/760;20220422;51200000;CompteLib_0002;;;22D152;20220422;EcritureLib_0698;20221114;0,00;1,83;C;BQ/760;;
BQ;Banque BQ;BQ/761;20220422;44571800;CompteLib_0024;;;22D161;20220422;EcritureLib_0699;20221114;0,00;23,18;C;BQ/761;;
BQ;Banque BQ;BQ/761;20220422;70180000;CompteLib_0025;;;22D161;20220422;EcritureLib_0699;20221114;0,00;231,82;C;BQ/761;;
BQ;Banque BQ;BQ/761;20220422;51200000;CompteLib_0002;;;22D161;20220422;EcritureLib_0699;20221114;255,00;0,00;D;BQ/761;;
BQ;Banque BQ;BQ/762;20220422;44571700;CompteLib_0037;;;22D160;20220422;EcritureLib_0699;20221114;0,00;18,40;C;BQ/762;;
BQ;Banque BQ;BQ/762;20220422;70700000;CompteLib_0038;;;22D160;20220422;EcritureLib_0699;20221114;0,00;92,00;C;BQ/762;;
BQ;Banque BQ;BQ/762;20220422;51200000;CompteLib_0002;;;22D160;20220422;EcritureLib_0699;20221114;110,40;0,00;D;BQ/762;;
BQ;Banque BQ;BQ/763;20220422;44566100;CompteLib_0005;;;22D159;20220422;EcritureLib_0700;20221114;24,03;0,00;D;BQ/763;;
BQ;Banque BQ;BQ/763;20220422;60100000;CompteLib_0008;;;22D159;20220422;EcritureLib_0700;20221114;436,91;0,00;D;BQ/763;;
BQ;Banque BQ;BQ/763;20220422;51200000;CompteLib_0002;;;22D159;20220422;EcritureLib_0700;20221114;0,00;460,94;C;BQ/763;;
BQ;Banque BQ;BQ/764;20220422;70999999;CompteLib_0001;;;22D158;20220422;EcritureLib_0701;20221114;0,00;305,70;C;BQ/764;;
BQ;Banque BQ;BQ/764;20220422;51200000;CompteLib_0002;;;22D158;20220422;EcritureLib_0701;20221114;305,70;0,00;D;BQ/764;;
BQ;Banque BQ;BQ/765;20220422;70999999;CompteLib_0001;;;22D157;20220422;EcritureLib_0702;20221114;0,00;61,80;C;BQ/765;;
BQ;Banque BQ;BQ/765;20220422;51200000;CompteLib_0002;;;22D157;20220422;EcritureLib_0702;20221114;61,80;0,00;D;BQ/765;;
BQ;Banque BQ;BQ/766;20220422;70999999;CompteLib_0001;;;22D156;20220422;EcritureLib_0703;20221114;0,00;221,15;C;BQ/766;;
BQ;Banque BQ;BQ/766;20220422;51200000;CompteLib_0002;;;22D156;20220422;EcritureLib_0703;20221114;221,15;0,00;D;BQ/766;;
BQ;Banque BQ;BQ/767;20220422;44566100;CompteLib_0005;;;22D155;20220422;EcritureLib_0704;20221114;5,20;0,00;D;BQ/767;;
BQ;Banque BQ;BQ/767;20220422;61350000;CompteLib_0023;;;22D155;20220422;EcritureLib_0704;20221114;26,00;0,00;D;BQ/767;;
BQ;Banque BQ;BQ/767;20220422;51200000;CompteLib_0002;;;22D155;20220422;EcritureLib_0704;20221114;0,00;31,20;C;BQ/767;;
BQ;Banque BQ;BQ/768;20220423;62700000;CompteLib_0007;;;22D164;20220423;EcritureLib_0705;20221114;1,93;0,00;D;BQ/768;;
BQ;Banque BQ;BQ/768;20220423;51200000;CompteLib_0002;;;22D164;20220423;EcritureLib_0705;20221114;0,00;1,93;C;BQ/768;;
BQ;Banque BQ;BQ/769;20220423;62700000;CompteLib_0007;;;22D163;20220423;EcritureLib_0706;20221114;0,31;0,00;D;BQ/769;;
BQ;Banque BQ;BQ/769;20220423;51200000;CompteLib_0002;;;22D163;20220423;EcritureLib_0706;20221114;0,00;0,31;C;BQ/769;;
BQ;Banque BQ;BQ/770;20220423;62700000;CompteLib_0007;;;22D162;20220423;EcritureLib_0707;20221114;1,77;0,00;D;BQ/770;;
BQ;Banque BQ;BQ/770;20220423;51200000;CompteLib_0002;;;22D162;20220423;EcritureLib_0707;20221114;0,00;1,77;C;BQ/770;;
BQ;Banque BQ;BQ/771;20220423;70999999;CompteLib_0001;;;22D167;20220423;EcritureLib_0708;20221114;0,00;297,80;C;BQ/771;;
BQ;Banque BQ;BQ/771;20220423;51200000;CompteLib_0002;;;22D167;20220423;EcritureLib_0708;20221114;297,80;0,00;D;BQ/771;;
BQ;Banque BQ;BQ/772;20220423;70999999;CompteLib_0001;;;22D166;20220423;EcritureLib_0709;20221114;0,00;48,40;C;BQ/772;;
BQ;Banque BQ;BQ/772;20220423;51200000;CompteLib_0002;;;22D166;20220423;EcritureLib_0709;20221114;48,40;0,00;D;BQ/772;;
BQ;Banque BQ;BQ/773;20220423;70999999;CompteLib_0001;;;22D165;20220423;EcritureLib_0710;20221114;0,00;272,10;C;BQ/773;;
BQ;Banque BQ;BQ/773;20220423;51200000;CompteLib_0002;;;22D165;20220423;EcritureLib_0710;20221114;272,10;0,00;D;BQ/773;;
BQ;Banque BQ;BQ/774;20220425;62700000;CompteLib_0007;;;22D170;20220425;EcritureLib_0711;20221114;1,98;0,00;D;BQ/774;;
BQ;Banque BQ;BQ/774;20220425;51200000;CompteLib_0002;;;22D170;20220425;EcritureLib_0711;20221114;0,00;1,98;C;BQ/774;;
BQ;Banque BQ;BQ/775;20220425;64500000;CompteLib_0019;;;22D168;20220425;EcritureLib_0712;20221114;60,08;0,00;D;BQ/775;;
BQ;Banque BQ;BQ/775;20220425;51200000;CompteLib_0002;;;22D168;20220425;EcritureLib_0712;20221114;0,00;60,08;C;BQ/775;;
BQ;Banque BQ;BQ/776;20220425;64500000;CompteLib_0019;;;22D169;20220425;EcritureLib_0713;20221114;107,04;0,00;D;BQ/776;;
BQ;Banque BQ;BQ/776;20220425;51200000;CompteLib_0002;;;22D169;20220425;EcritureLib_0713;20221114;0,00;107,04;C;BQ/776;;
BQ;Banque BQ;BQ/777;20220425;70999999;CompteLib_0001;;;22D176;20220425;EcritureLib_0714;20221114;0,00;16,70;C;BQ/777;;
BQ;Banque BQ;BQ/777;20220425;51200000;CompteLib_0002;;;22D176;20220425;EcritureLib_0714;20221114;16,70;0,00;D;BQ/777;;
BQ;Banque BQ;BQ/778;20220425;70999999;CompteLib_0001;;;22D175;20220425;EcritureLib_0715;20221114;0,00;754,86;C;BQ/778;;
BQ;Banque BQ;BQ/778;20220425;51200000;CompteLib_0002;;;22D175;20220425;EcritureLib_0715;20221114;754,86;0,00;D;BQ/778;;
BQ;Banque BQ;BQ/779;20220425;70999999;CompteLib_0001;;;22D174;20220425;EcritureLib_0716;20221114;0,00;305,80;C;BQ/779;;
BQ;Banque BQ;BQ/779;20220425;51200000;CompteLib_0002;;;22D174;20220425;EcritureLib_0716;20221114;305,80;0,00;D;BQ/779;;
BQ;Banque BQ;BQ/780;20220425;64500000;CompteLib_0019;;;22D173;20220425;EcritureLib_0717;20221114;106,73;0,00;D;BQ/780;;
BQ;Banque BQ;BQ/780;20220425;51200000;CompteLib_0002;;;22D173;20220425;EcritureLib_0717;20221114;0,00;106,73;C;BQ/780;;
BQ;Banque BQ;BQ/781;20220425;44566100;CompteLib_0005;;;22D172;20220425;EcritureLib_0718;20221114;17,40;0,00;D;BQ/781;;
BQ;Banque BQ;BQ/781;20220425;62600000;CompteLib_0028;;;22D172;20220425;EcritureLib_0718;20221114;87,00;0,00;D;BQ/781;;
BQ;Banque BQ;BQ/781;20220425;51200000;CompteLib_0002;;;22D172;20220425;EcritureLib_0718;20221114;0,00;104,40;C;BQ/781;;
BQ;Banque BQ;BQ/782;20220425;62700000;CompteLib_0007;;;22D171;20220425;EcritureLib_0719;20221114;5,04;0,00;D;BQ/782;;
BQ;Banque BQ;BQ/782;20220425;51200000;CompteLib_0002;;;22D171;20220425;EcritureLib_0719;20221114;0,00;5,04;C;BQ/782;;
BQ;Banque BQ;BQ/783;20220426;70999999;CompteLib_0001;;;22D177;20220426;EcritureLib_0720;20221114;0,00;59,11;C;BQ/783;;
BQ;Banque BQ;BQ/783;20220426;51200000;CompteLib_0002;;;22D177;20220426;EcritureLib_0720;20221114;59,11;0,00;D;BQ/783;;
BQ;Banque BQ;BQ/784;20220427;70999999;CompteLib_0001;;;22D185;20220427;EcritureLib_0721;20221114;0,00;191,30;C;BQ/784;;
BQ;Banque BQ;BQ/784;20220427;51200000;CompteLib_0002;;;22D185;20220427;EcritureLib_0721;20221114;191,30;0,00;D;BQ/784;;
BQ;Banque BQ;BQ/785;20220427;70999999;CompteLib_0001;;;22D184;20220427;EcritureLib_0722;20221114;0,00;168,30;C;BQ/785;;
BQ;Banque BQ;BQ/785;20220427;51200000;CompteLib_0002;;;22D184;20220427;EcritureLib_0722;20221114;168,30;0,00;D;BQ/785;;
BQ;Banque BQ;BQ/786;20220427;44566100;CompteLib_0005;;;22D183;20220427;EcritureLib_0723;20221114;5,88;0,00;D;BQ/786;;
BQ;Banque BQ;BQ/786;20220427;62261000;CompteLib_0032;;;22D183;20220427;EcritureLib_0723;20221114;29,40;0,00;D;BQ/786;;
BQ;Banque BQ;BQ/786;20220427;51200000;CompteLib_0002;;;22D183;20220427;EcritureLib_0723;20221114;0,00;35,28;C;BQ/786;;
BQ;Banque BQ;BQ/787;20220427;44566100;CompteLib_0005;;;22D182;20220427;EcritureLib_0724;20221114;30,00;0,00;D;BQ/787;;
BQ;Banque BQ;BQ/787;20220427;62261000;CompteLib_0032;;;22D182;20220427;EcritureLib_0724;20221114;150,00;0,00;D;BQ/787;;
BQ;Banque BQ;BQ/787;20220427;51200000;CompteLib_0002;;;22D182;20220427;EcritureLib_0724;20221114;0,00;180,00;C;BQ/787;;
BQ;Banque BQ;BQ/788;20220427;62700000;CompteLib_0007;;;22D181;20220427;EcritureLib_0725;20221114;1,39;0,00;D;BQ/788;;
BQ;Banque BQ;BQ/788;20220427;51200000;CompteLib_0002;;;22D181;20220427;EcritureLib_0725;20221114;0,00;1,39;C;BQ/788;;
BQ;Banque BQ;BQ/789;20220427;62700000;CompteLib_0007;;;22D180;20220427;EcritureLib_0726;20221114;1,09;0,00;D;BQ/789;;
BQ;Banque BQ;BQ/789;20220427;51200000;CompteLib_0002;;;22D180;20220427;EcritureLib_0726;20221114;0,00;1,09;C;BQ/789;;
BQ;Banque BQ;BQ/790;20220427;44566100;CompteLib_0005;;;22D179;20220427;EcritureLib_0727;20221114;7,42;0,00;D;BQ/790;;
BQ;Banque BQ;BQ/790;20220427;65100000;CompteLib_0029;;;22D179;20220427;EcritureLib_0727;20221114;37,09;0,00;D;BQ/790;;
BQ;Banque BQ;BQ/790;20220427;51200000;CompteLib_0002;;;22D179;20220427;EcritureLib_0727;20221114;0,00;44,51;C;BQ/790;;
BQ;Banque BQ;BQ/791;20220427;44566100;CompteLib_0005;;;22D178;20220427;EcritureLib_0728;20221114;17,00;0,00;D;BQ/791;;
BQ;Banque BQ;BQ/791;20220427;65100000;CompteLib_0029;;;22D178;20220427;EcritureLib_0728;20221114;84,98;0,00;D;BQ/791;;
BQ;Banque BQ;BQ/791;20220427;51200000;CompteLib_0002;;;22D178;20220427;EcritureLib_0728;20221114;0,00;101,98;C;BQ/791;;
BQ;Banque BQ;BQ/792;20220427;44566100;CompteLib_0005;;;22D186;20220427;EcritureLib_0729;20221114;73,59;0,00;D;BQ/792;;
BQ;Banque BQ;BQ/792;20220427;60700000;CompteLib_0033;;;22D186;20220427;EcritureLib_0729;20221114;367,95;0,00;D;BQ/792;;
BQ;Banque BQ;BQ/792;20220427;51200000;CompteLib_0002;;;22D186;20220427;EcritureLib_0729;20221114;0,00;441,54;C;BQ/792;;
BQ;Banque BQ;BQ/793;20220428;62700000;CompteLib_0007;;;22D189;20220428;EcritureLib_0730;20221114;2,05;0,00;D;BQ/793;;
BQ;Banque BQ;BQ/793;20220428;51200000;CompteLib_0002;;;22D189;20220428;EcritureLib_0730;20221114;0,00;2,05;C;BQ/793;;
BQ;Banque BQ;BQ/794;20220428;62700000;CompteLib_0007;;;22D188;20220428;EcritureLib_0731;20221114;2,11;0,00;D;BQ/794;;
BQ;Banque BQ;BQ/794;20220428;51200000;CompteLib_0002;;;22D188;20220428;EcritureLib_0731;20221114;0,00;2,11;C;BQ/794;;
BQ;Banque BQ;BQ/795;20220428;70999999;CompteLib_0001;;;22D191;20220428;EcritureLib_0732;20221114;0,00;119,33;C;BQ/795;;
BQ;Banque BQ;BQ/795;20220428;51200000;CompteLib_0002;;;22D191;20220428;EcritureLib_0732;20221114;119,33;0,00;D;BQ/795;;
BQ;Banque BQ;BQ/796;20220428;70999999;CompteLib_0001;;;22D187;20220428;EcritureLib_0733;20221114;0,00;316,15;C;BQ/796;;
BQ;Banque BQ;BQ/796;20220428;51200000;CompteLib_0002;;;22D187;20220428;EcritureLib_0733;20221114;316,15;0,00;D;BQ/796;;
BQ;Banque BQ;BQ/797;20220428;70999999;CompteLib_0001;;;22D190;20220428;EcritureLib_0734;20221114;0,00;290,63;C;BQ/797;;
BQ;Banque BQ;BQ/797;20220428;51200000;CompteLib_0002;;;22D190;20220428;EcritureLib_0734;20221114;290,63;0,00;D;BQ/797;;
BQ;Banque BQ;BQ/798;20220429;62700000;CompteLib_0007;;;22D192;20220429;EcritureLib_0735;20221114;1,88;0,00;D;BQ/798;;
BQ;Banque BQ;BQ/798;20220429;51200000;CompteLib_0002;;;22D192;20220429;EcritureLib_0735;20221114;0,00;1,88;C;BQ/798;;
BQ;Banque BQ;BQ/799;20220429;64100000;CompteLib_0030;;;22D197;20220429;EcritureLib_0736;20221114;371,71;0,00;D;BQ/799;;
BQ;Banque BQ;BQ/799;20220429;51200000;CompteLib_0002;;;22D197;20220429;EcritureLib_0736;20221114;0,00;371,71;C;BQ/799;;
BQ;Banque BQ;BQ/800;20220429;64100000;CompteLib_0030;;;22D196;20220429;EcritureLib_0737;20221114;1317,20;0,00;D;BQ/800;;
BQ;Banque BQ;BQ/800;20220429;51200000;CompteLib_0002;;;22D196;20220429;EcritureLib_0737;20221114;0,00;1317,20;C;BQ/800;;
BQ;Banque BQ;BQ/801;20220429;70999999;CompteLib_0001;;;22D195;20220429;EcritureLib_0738;20221114;0,00;224,05;C;BQ/801;;
BQ;Banque BQ;BQ/801;20220429;51200000;CompteLib_0002;;;22D195;20220429;EcritureLib_0738;20221114;224,05;0,00;D;BQ/801;;
BQ;Banque BQ;BQ/802;20220429;70999999;CompteLib_0001;;;22D194;20220429;EcritureLib_0739;20221114;0,00;290,45;C;BQ/802;;
BQ;Banque BQ;BQ/802;20220429;51200000;CompteLib_0002;;;22D194;20220429;EcritureLib_0739;20221114;290,45;0,00;D;BQ/802;;
BQ;Banque BQ;BQ/803;20220429;62700000;CompteLib_0007;;;22D193;20220429;EcritureLib_0740;20221114;1,45;0,00;D;BQ/803;;
BQ;Banque BQ;BQ/803;20220429;51200000;CompteLib_0002;;;22D193;20220429;EcritureLib_0740;20221114;0,00;1,45;C;BQ/803;;
BQ;Banque BQ;BQ/804;20220430;62700000;CompteLib_0007;;;22D200;20220430;EcritureLib_0741;20221114;1,70;0,00;D;BQ/804;;
BQ;Banque BQ;BQ/804;20220430;51200000;CompteLib_0002;;;22D200;20220430;EcritureLib_0741;20221114;0,00;1,70;C;BQ/804;;
BQ;Banque BQ;BQ/805;20220430;70999999;CompteLib_0001;;;22D201;20220430;EcritureLib_0742;20221114;0,00;328,67;C;BQ/805;;
BQ;Banque BQ;BQ/805;20220430;51200000;CompteLib_0002;;;22D201;20220430;EcritureLib_0742;20221114;328,67;0,00;D;BQ/805;;
BQ;Banque BQ;BQ/806;20220430;70999999;CompteLib_0001;;;22D202;20220430;EcritureLib_0743;20221114;0,00;63,40;C;BQ/806;;
BQ;Banque BQ;BQ/806;20220430;51200000;CompteLib_0002;;;22D202;20220430;EcritureLib_0743;20221114;63,40;0,00;D;BQ/806;;
BQ;Banque BQ;BQ/807;20220430;62700000;CompteLib_0007;;;22D198;20220430;EcritureLib_0744;20221114;2,49;0,00;D;BQ/807;;
BQ;Banque BQ;BQ/807;20220430;51200000;CompteLib_0002;;;22D198;20220430;EcritureLib_0744;20221114;0,00;2,49;C;BQ/807;;
BQ;Banque BQ;BQ/808;20220430;70999999;CompteLib_0001;;;22D203;20220430;EcritureLib_0745;20221114;0,00;259,20;C;BQ/808;;
BQ;Banque BQ;BQ/808;20220430;51200000;CompteLib_0002;;;22D203;20220430;EcritureLib_0745;20221114;259,20;0,00;D;BQ/808;;
BQ;Banque BQ;BQ/809;20220430;62700000;CompteLib_0007;;;22D199;20220430;EcritureLib_0746;20221114;0,41;0,00;D;BQ/809;;
BQ;Banque BQ;BQ/809;20220430;51200000;CompteLib_0002;;;22D199;20220430;EcritureLib_0746;20221114;0,00;0,41;C;BQ/809;;
BQ;Banque BQ;BQ/810;20220502;62700000;CompteLib_0007;;;22E4;20220502;EcritureLib_0747;20221114;3,57;0,00;D;BQ/810;;
BQ;Banque BQ;BQ/810;20220502;51200000;CompteLib_0002;;;22E4;20220502;EcritureLib_0747;20221114;0,00;3,57;C;BQ/810;;
BQ;Banque BQ;BQ/811;20220502;44566100;CompteLib_0005;;;22E1;20220502;EcritureLib_0748;20221114;10,09;0,00;D;BQ/811;;
BQ;Banque BQ;BQ/811;20220502;61500000;CompteLib_0031;;;22E1;20220502;EcritureLib_0748;20221114;50,47;0,00;D;BQ/811;;
BQ;Banque BQ;BQ/811;20220502;51200000;CompteLib_0002;;;22E1;20220502;EcritureLib_0748;20221114;0,00;60,56;C;BQ/811;;
BQ;Banque BQ;BQ/812;20220502;62700000;CompteLib_0007;;;22E2;20220502;EcritureLib_0749;20221114;1,84;0,00;D;BQ/812;;
BQ;Banque BQ;BQ/812;20220502;51200000;CompteLib_0002;;;22E2;20220502;EcritureLib_0749;20221114;0,00;1,84;C;BQ/812;;
BQ;Banque BQ;BQ/813;20220502;44566100;CompteLib_0005;;;22E8;20220502;EcritureLib_0750;20221114;30,40;0,00;D;BQ/813;;
BQ;Banque BQ;BQ/813;20220502;61500000;CompteLib_0031;;;22E8;20220502;EcritureLib_0750;20221114;152,00;0,00;D;BQ/813;;
BQ;Banque BQ;BQ/813;20220502;51200000;CompteLib_0002;;;22E8;20220502;EcritureLib_0750;20221114;0,00;182,40;C;BQ/813;;
BQ;Banque BQ;BQ/814;20220502;70999999;CompteLib_0001;;;22E7;20220502;EcritureLib_0751;20221114;0,00;552,42;C;BQ/814;;
BQ;Banque BQ;BQ/814;20220502;51200000;CompteLib_0002;;;22E7;20220502;EcritureLib_0751;20221114;552,42;0,00;D;BQ/814;;
BQ;Banque BQ;BQ/815;20220502;70999999;CompteLib_0001;;;22E6;20220502;EcritureLib_0752;20221114;0,00;207,65;C;BQ/815;;
BQ;Banque BQ;BQ/815;20220502;51200000;CompteLib_0002;;;22E6;20220502;EcritureLib_0752;20221114;207,65;0,00;D;BQ/815;;
BQ;Banque BQ;BQ/816;20220502;70999999;CompteLib_0001;;;22E5;20220502;EcritureLib_0753;20221114;0,00;283,80;C;BQ/816;;
BQ;Banque BQ;BQ/816;20220502;51200000;CompteLib_0002;;;22E5;20220502;EcritureLib_0753;20221114;283,80;0,00;D;BQ/816;;
BQ;Banque BQ;BQ/817;20220502;62700000;CompteLib_0007;;;22E3;20220502;EcritureLib_0754;20221114;1,35;0,00;D;BQ/817;;
BQ;Banque BQ;BQ/817;20220502;51200000;CompteLib_0002;;;22E3;20220502;EcritureLib_0754;20221114;0,00;1,35;C;BQ/817;;
BQ;Banque BQ;BQ/818;20220502;44566100;CompteLib_0005;;;22E13;20220502;EcritureLib_0004;20221114;419,51;0,00;D;BQ/818;;
BQ;Banque BQ;BQ/818;20220502;61321000;CompteLib_0006;;;22E13;20220502;EcritureLib_0004;20221114;2097,56;0,00;D;BQ/818;;
BQ;Banque BQ;BQ/818;20220502;51200000;CompteLib_0002;;;22E13;20220502;EcritureLib_0004;20221114;0,00;2517,07;C;BQ/818;;
BQ;Banque BQ;BQ/819;20220502;70999999;CompteLib_0001;;;22E12;20220502;EcritureLib_0755;20221114;0,00;36,20;C;BQ/819;;
BQ;Banque BQ;BQ/819;20220502;51200000;CompteLib_0002;;;22E12;20220502;EcritureLib_0755;20221114;36,20;0,00;D;BQ/819;;
BQ;Banque BQ;BQ/820;20220502;64400000;CompteLib_0003;;;22E11;20220502;EcritureLib_0756;20221114;1300,00;0,00;D;BQ/820;;
BQ;Banque BQ;BQ/820;20220502;51200000;CompteLib_0002;;;22E11;20220502;EcritureLib_0756;20221114;0,00;1300,00;C;BQ/820;;
BQ;Banque BQ;BQ/821;20220502;44571800;CompteLib_0024;;;22E10;20220502;EcritureLib_0757;20221114;0,00;20,45;C;BQ/821;;
BQ;Banque BQ;BQ/821;20220502;70180000;CompteLib_0025;;;22E10;20220502;EcritureLib_0757;20221114;0,00;204,55;C;BQ/821;;
BQ;Banque BQ;BQ/821;20220502;51200000;CompteLib_0002;;;22E10;20220502;EcritureLib_0757;20221114;225,00;0,00;D;BQ/821;;
BQ;Banque BQ;BQ/822;20220502;64400000;CompteLib_0003;;;22E9;20220502;EcritureLib_0758;20221114;1300,00;0,00;D;BQ/822;;
BQ;Banque BQ;BQ/822;20220502;51200000;CompteLib_0002;;;22E9;20220502;EcritureLib_0758;20221114;0,00;1300,00;C;BQ/822;;
BQ;Banque BQ;BQ/823;20220503;44566100;CompteLib_0005;;;22E14;20220503;EcritureLib_0759;20221114;40,44;0,00;D;BQ/823;;
BQ;Banque BQ;BQ/823;20220503;60100000;CompteLib_0008;;;22E14;20220503;EcritureLib_0759;20221114;735,23;0,00;D;BQ/823;;
BQ;Banque BQ;BQ/823;20220503;51200000;CompteLib_0002;;;22E14;20220503;EcritureLib_0759;20221114;0,00;775,67;C;BQ/823;;
BQ;Banque BQ;BQ/824;20220503;70999999;CompteLib_0001;;;22E18;20220503;EcritureLib_0760;20221114;0,00;18,05;C;BQ/824;;
BQ;Banque BQ;BQ/824;20220503;51200000;CompteLib_0002;;;22E18;20220503;EcritureLib_0760;20221114;18,05;0,00;D;BQ/824;;
BQ;Banque BQ;BQ/825;20220503;44566100;CompteLib_0005;;;22E15;20220503;EcritureLib_0759;20221114;25,37;0,00;D;BQ/825;;
BQ;Banque BQ;BQ/825;20220503;60100000;CompteLib_0008;;;22E15;20220503;EcritureLib_0759;20221114;126,84;0,00;D;BQ/825;;
BQ;Banque BQ;BQ/825;20220503;51200000;CompteLib_0002;;;22E15;20220503;EcritureLib_0759;20221114;0,00;152,21;C;BQ/825;;
BQ;Banque BQ;BQ/826;20220503;46700000;CompteLib_0014;;;22E16;20220503;EcritureLib_0759;20221114;123,50;0,00;D;BQ/826;;
BQ;Banque BQ;BQ/826;20220503;51200000;CompteLib_0002;;;22E16;20220503;EcritureLib_0759;20221114;0,00;123,50;C;BQ/826;;
BQ;Banque BQ;BQ/827;20220503;44566100;CompteLib_0005;;;22E17;20220503;EcritureLib_0761;20221114;14,11;0,00;D;BQ/827;;
BQ;Banque BQ;BQ/827;20220503;60100000;CompteLib_0008;;;22E17;20220503;EcritureLib_0761;20221114;256,59;0,00;D;BQ/827;;
BQ;Banque BQ;BQ/827;20220503;51200000;CompteLib_0002;;;22E17;20220503;EcritureLib_0761;20221114;0,00;270,70;C;BQ/827;;
BQ;Banque BQ;BQ/828;20220504;70999999;CompteLib_0001;;;22E41;20220504;EcritureLib_0762;20221114;0,00;272,10;C;BQ/828;;
BQ;Banque BQ;BQ/828;20220504;51200000;CompteLib_0002;;;22E41;20220504;EcritureLib_0762;20221114;272,10;0,00;D;BQ/828;;
BQ;Banque BQ;BQ/829;20220504;44566100;CompteLib_0005;;;22E50;20220504;EcritureLib_0763;20221114;10,00;0,00;D;BQ/829;;
BQ;Banque BQ;BQ/829;20220504;61500000;CompteLib_0031;;;22E50;20220504;EcritureLib_0763;20221114;50,00;0,00;D;BQ/829;;
BQ;Banque BQ;BQ/829;20220504;51200000;CompteLib_0002;;;22E50;20220504;EcritureLib_0763;20221114;0,00;60,00;C;BQ/829;;
BQ;Banque BQ;BQ/830;20220504;62510000;CompteLib_0035;;;22E49;20220504;EcritureLib_0764;20221114;3,60;0,00;D;BQ/830;;
BQ;Banque BQ;BQ/830;20220504;51200000;CompteLib_0002;;;22E49;20220504;EcritureLib_0764;20221114;0,00;3,60;C;BQ/830;;
BQ;Banque BQ;BQ/831;20220504;44566100;CompteLib_0005;;;22E48;20220504;EcritureLib_0765;20221114;1,22;0,00;D;BQ/831;;
BQ;Banque BQ;BQ/831;20220504;60630000;CompteLib_0009;;;22E48;20220504;EcritureLib_0765;20221114;6,08;0,00;D;BQ/831;;
BQ;Banque BQ;BQ/831;20220504;51200000;CompteLib_0002;;;22E48;20220504;EcritureLib_0765;20221114;0,00;7,30;C;BQ/831;;
BQ;Banque BQ;BQ/832;20220504;44566100;CompteLib_0005;;;22E47;20220504;EcritureLib_0766;20221114;10,89;0,00;D;BQ/832;;
BQ;Banque BQ;BQ/832;20220504;60630000;CompteLib_0009;;;22E47;20220504;EcritureLib_0766;20221114;54,46;0,00;D;BQ/832;;
BQ;Banque BQ;BQ/832;20220504;51200000;CompteLib_0002;;;22E47;20220504;EcritureLib_0766;20221114;0,00;65,35;C;BQ/832;;
BQ;Banque BQ;BQ/833;20220504;44566100;CompteLib_0005;;;22E46;20220504;EcritureLib_0767;20221114;0,39;0,00;D;BQ/833;;
BQ;Banque BQ;BQ/833;20220504;60630000;CompteLib_0009;;;22E46;20220504;EcritureLib_0767;20221114;1,96;0,00;D;BQ/833;;
BQ;Banque BQ;BQ/833;20220504;51200000;CompteLib_0002;;;22E46;20220504;EcritureLib_0767;20221114;0,00;2,35;C;BQ/833;;
BQ;Banque BQ;BQ/834;20220504;44566100;CompteLib_0005;;;22E45;20220504;EcritureLib_0768;20221114;1,67;0,00;D;BQ/834;;
BQ;Banque BQ;BQ/834;20220504;62810000;CompteLib_0012;;;22E45;20220504;EcritureLib_0768;20221114;8,32;0,00;D;BQ/834;;
BQ;Banque BQ;BQ/834;20220504;51200000;CompteLib_0002;;;22E45;20220504;EcritureLib_0768;20221114;0,00;9,99;C;BQ/834;;
BQ;Banque BQ;BQ/835;20220504;44566100;CompteLib_0005;;;22E44;20220504;EcritureLib_0769;20221114;2,56;0,00;D;BQ/835;;
BQ;Banque BQ;BQ/835;20220504;60100000;CompteLib_0008;;;22E44;20220504;EcritureLib_0769;20221114;46,53;0,00;D;BQ/835;;
BQ;Banque BQ;BQ/835;20220504;51200000;CompteLib_0002;;;22E44;20220504;EcritureLib_0769;20221114;0,00;49,09;C;BQ/835;;
BQ;Banque BQ;BQ/836;20220504;44566100;CompteLib_0005;;;22E43;20220504;EcritureLib_0770;20221114;0,99;0,00;D;BQ/836;;
BQ;Banque BQ;BQ/836;20220504;60100000;CompteLib_0008;;;22E43;20220504;EcritureLib_0770;20221114;17,98;0,00;D;BQ/836;;
BQ;Banque BQ;BQ/836;20220504;51200000;CompteLib_0002;;;22E43;20220504;EcritureLib_0770;20221114;0,00;18,97;C;BQ/836;;
BQ;Banque BQ;BQ/837;20220504;44566100;CompteLib_0005;;;22E42;20220504;EcritureLib_0771;20221114;0,31;0,00;D;BQ/837;;
BQ;Banque BQ;BQ/837;20220504;60100000;CompteLib_0008;;;22E42;20220504;EcritureLib_0771;20221114;5,69;0,00;D;BQ/837;;
BQ;Banque BQ;BQ/837;20220504;51200000;CompteLib_0002;;;22E42;20220504;EcritureLib_0771;20221114;0,00;6,00;C;BQ/837;;
BQ;Banque BQ;BQ/838;20220504;70999999;CompteLib_0001;;;22E40;20220504;EcritureLib_0772;20221114;0,00;119,00;C;BQ/838;;
BQ;Banque BQ;BQ/838;20220504;51200000;CompteLib_0002;;;22E40;20220504;EcritureLib_0772;20221114;119,00;0,00;D;BQ/838;;
BQ;Banque BQ;BQ/839;20220504;44566100;CompteLib_0005;;;22E39;20220504;EcritureLib_0773;20221114;2,94;0,00;D;BQ/839;;
BQ;Banque BQ;BQ/839;20220504;60100000;CompteLib_0008;;;22E39;20220504;EcritureLib_0773;20221114;14,72;0,00;D;BQ/839;;
BQ;Banque BQ;BQ/839;20220504;51200000;CompteLib_0002;;;22E39;20220504;EcritureLib_0773;20221114;0,00;17,66;C;BQ/839;;
BQ;Banque BQ;BQ/840;20220504;44566100;CompteLib_0005;;;22E38;20220504;EcritureLib_0773;20221114;1,14;0,00;D;BQ/840;;
BQ;Banque BQ;BQ/840;20220504;60100000;CompteLib_0008;;;22E38;20220504;EcritureLib_0773;20221114;20,76;0,00;D;BQ/840;;
BQ;Banque BQ;BQ/840;20220504;51200000;CompteLib_0002;;;22E38;20220504;EcritureLib_0773;20221114;0,00;21,90;C;BQ/840;;
BQ;Banque BQ;BQ/841;20220504;44566100;CompteLib_0005;;;22E37;20220504;EcritureLib_0774;20221114;8,64;0,00;D;BQ/841;;
BQ;Banque BQ;BQ/841;20220504;60630000;CompteLib_0009;;;22E37;20220504;EcritureLib_0774;20221114;43,21;0,00;D;BQ/841;;
BQ;Banque BQ;BQ/841;20220504;51200000;CompteLib_0002;;;22E37;20220504;EcritureLib_0774;20221114;0,00;51,85;C;BQ/841;;
BQ;Banque BQ;BQ/842;20220504;44566100;CompteLib_0005;;;22E36;20220504;EcritureLib_0775;20221114;0,23;0,00;D;BQ/842;;
BQ;Banque BQ;BQ/842;20220504;60100000;CompteLib_0008;;;22E36;20220504;EcritureLib_0775;20221114;4,22;0,00;D;BQ/842;;
BQ;Banque BQ;BQ/842;20220504;51200000;CompteLib_0002;;;22E36;20220504;EcritureLib_0775;20221114;0,00;4,45;C;BQ/842;;
BQ;Banque BQ;BQ/843;20220504;44566100;CompteLib_0005;;;22E35;20220504;EcritureLib_0776;20221114;0,19;0,00;D;BQ/843;;
BQ;Banque BQ;BQ/843;20220504;60100000;CompteLib_0008;;;22E35;20220504;EcritureLib_0776;20221114;3,51;0,00;D;BQ/843;;
BQ;Banque BQ;BQ/843;20220504;51200000;CompteLib_0002;;;22E35;20220504;EcritureLib_0776;20221114;0,00;3,70;C;BQ/843;;
BQ;Banque BQ;BQ/844;20220504;44566100;CompteLib_0005;;;22E34;20220504;EcritureLib_0776;20221114;1,05;0,00;D;BQ/844;;
BQ;Banque BQ;BQ/844;20220504;60100000;CompteLib_0008;;;22E34;20220504;EcritureLib_0776;20221114;5,25;0,00;D;BQ/844;;
BQ;Banque BQ;BQ/844;20220504;51200000;CompteLib_0002;;;22E34;20220504;EcritureLib_0776;20221114;0,00;6,30;C;BQ/844;;
BQ;Banque BQ;BQ/845;20220504;44566100;CompteLib_0005;;;22E33;20220504;EcritureLib_0777;20221114;0,14;0,00;D;BQ/845;;
BQ;Banque BQ;BQ/845;20220504;60100000;CompteLib_0008;;;22E33;20220504;EcritureLib_0777;20221114;2,52;0,00;D;BQ/845;;
BQ;Banque BQ;BQ/845;20220504;51200000;CompteLib_0002;;;22E33;20220504;EcritureLib_0777;20221114;0,00;2,66;C;BQ/845;;
BQ;Banque BQ;BQ/846;20220504;44566100;CompteLib_0005;;;22E32;20220504;EcritureLib_0778;20221114;0,12;0,00;D;BQ/846;;
BQ;Banque BQ;BQ/846;20220504;60100000;CompteLib_0008;;;22E32;20220504;EcritureLib_0778;20221114;2,13;0,00;D;BQ/846;;
BQ;Banque BQ;BQ/846;20220504;51200000;CompteLib_0002;;;22E32;20220504;EcritureLib_0778;20221114;0,00;2,25;C;BQ/846;;
BQ;Banque BQ;BQ/847;20220504;44566100;CompteLib_0005;;;22E31;20220504;EcritureLib_0778;20221114;2,30;0,00;D;BQ/847;;
BQ;Banque BQ;BQ/847;20220504;60100000;CompteLib_0008;;;22E31;20220504;EcritureLib_0778;20221114;11,50;0,00;D;BQ/847;;
BQ;Banque BQ;BQ/847;20220504;51200000;CompteLib_0002;;;22E31;20220504;EcritureLib_0778;20221114;0,00;13,80;C;BQ/847;;
BQ;Banque BQ;BQ/848;20220504;44566100;CompteLib_0005;;;22E30;20220504;EcritureLib_0779;20221114;1,33;0,00;D;BQ/848;;
BQ;Banque BQ;BQ/848;20220504;60100000;CompteLib_0008;;;22E30;20220504;EcritureLib_0779;20221114;6,64;0,00;D;BQ/848;;
BQ;Banque BQ;BQ/848;20220504;51200000;CompteLib_0002;;;22E30;20220504;EcritureLib_0779;20221114;0,00;7,97;C;BQ/848;;
BQ;Banque BQ;BQ/849;20220504;44566100;CompteLib_0005;;;22E29;20220504;EcritureLib_0779;20221114;0,78;0,00;D;BQ/849;;
BQ;Banque BQ;BQ/849;20220504;60100000;CompteLib_0008;;;22E29;20220504;EcritureLib_0779;20221114;14,22;0,00;D;BQ/849;;
BQ;Banque BQ;BQ/849;20220504;51200000;CompteLib_0002;;;22E29;20220504;EcritureLib_0779;20221114;0,00;15,00;C;BQ/849;;
BQ;Banque BQ;BQ/850;20220504;44566100;CompteLib_0005;;;22E28;20220504;EcritureLib_0780;20221114;0,44;0,00;D;BQ/850;;
BQ;Banque BQ;BQ/850;20220504;60100000;CompteLib_0008;;;22E28;20220504;EcritureLib_0780;20221114;7,96;0,00;D;BQ/850;;
BQ;Banque BQ;BQ/850;20220504;51200000;CompteLib_0002;;;22E28;20220504;EcritureLib_0780;20221114;0,00;8,40;C;BQ/850;;
BQ;Banque BQ;BQ/851;20220504;44566100;CompteLib_0005;;;22E27;20220504;EcritureLib_0780;20221114;3,09;0,00;D;BQ/851;;
BQ;Banque BQ;BQ/851;20220504;60100000;CompteLib_0008;;;22E27;20220504;EcritureLib_0780;20221114;15,46;0,00;D;BQ/851;;
BQ;Banque BQ;BQ/851;20220504;51200000;CompteLib_0002;;;22E27;20220504;EcritureLib_0780;20221114;0,00;18,55;C;BQ/851;;
BQ;Banque BQ;BQ/852;20220504;44566100;CompteLib_0005;;;22E26;20220504;EcritureLib_0781;20221114;2,16;0,00;D;BQ/852;;
BQ;Banque BQ;BQ/852;20220504;60630000;CompteLib_0009;;;22E26;20220504;EcritureLib_0781;20221114;10,80;0,00;D;BQ/852;;
BQ;Banque BQ;BQ/852;20220504;51200000;CompteLib_0002;;;22E26;20220504;EcritureLib_0781;20221114;0,00;12,96;C;BQ/852;;
BQ;Banque BQ;BQ/853;20220504;44566100;CompteLib_0005;;;22E25;20220504;EcritureLib_0782;20221114;1,88;0,00;D;BQ/853;;
BQ;Banque BQ;BQ/853;20220504;60100000;CompteLib_0008;;;22E25;20220504;EcritureLib_0782;20221114;34,19;0,00;D;BQ/853;;
BQ;Banque BQ;BQ/853;20220504;51200000;CompteLib_0002;;;22E25;20220504;EcritureLib_0782;20221114;0,00;36,07;C;BQ/853;;
BQ;Banque BQ;BQ/854;20220504;44566100;CompteLib_0005;;;22E24;20220504;EcritureLib_0783;20221114;2,59;0,00;D;BQ/854;;
BQ;Banque BQ;BQ/854;20220504;60100000;CompteLib_0008;;;22E24;20220504;EcritureLib_0783;20221114;47,08;0,00;D;BQ/854;;
BQ;Banque BQ;BQ/854;20220504;51200000;CompteLib_0002;;;22E24;20220504;EcritureLib_0783;20221114;0,00;49,67;C;BQ/854;;
BQ;Banque BQ;BQ/855;20220504;44566100;CompteLib_0005;;;22E23;20220504;EcritureLib_0784;20221114;0,95;0,00;D;BQ/855;;
BQ;Banque BQ;BQ/855;20220504;62530000;CompteLib_0013;;;22E23;20220504;EcritureLib_0784;20221114;9,54;0,00;D;BQ/855;;
BQ;Banque BQ;BQ/855;20220504;51200000;CompteLib_0002;;;22E23;20220504;EcritureLib_0784;20221114;0,00;10,49;C;BQ/855;;
BQ;Banque BQ;BQ/856;20220504;44566100;CompteLib_0005;;;22E22;20220504;EcritureLib_0785;20221114;0,90;0,00;D;BQ/856;;
BQ;Banque BQ;BQ/856;20220504;60100000;CompteLib_0008;;;22E22;20220504;EcritureLib_0785;20221114;4,50;0,00;D;BQ/856;;
BQ;Banque BQ;BQ/856;20220504;51200000;CompteLib_0002;;;22E22;20220504;EcritureLib_0785;20221114;0,00;5,40;C;BQ/856;;
BQ;Banque BQ;BQ/857;20220504;44566100;CompteLib_0005;;;22E21;20220504;EcritureLib_0785;20221114;0,37;0,00;D;BQ/857;;
BQ;Banque BQ;BQ/857;20220504;60100000;CompteLib_0008;;;22E21;20220504;EcritureLib_0785;20221114;6,82;0,00;D;BQ/857;;
BQ;Banque BQ;BQ/857;20220504;51200000;CompteLib_0002;;;22E21;20220504;EcritureLib_0785;20221114;0,00;7,19;C;BQ/857;;
BQ;Banque BQ;BQ/858;20220504;62700000;CompteLib_0007;;;22E20;20220504;EcritureLib_0786;20221114;1,75;0,00;D;BQ/858;;
BQ;Banque BQ;BQ/858;20220504;51200000;CompteLib_0002;;;22E20;20220504;EcritureLib_0786;20221114;0,00;1,75;C;BQ/858;;
BQ;Banque BQ;BQ/859;20220504;62700000;CompteLib_0007;;;22E19;20220504;EcritureLib_0787;20221114;0,77;0,00;D;BQ/859;;
BQ;Banque BQ;BQ/859;20220504;51200000;CompteLib_0002;;;22E19;20220504;EcritureLib_0787;20221114;0,00;0,77;C;BQ/859;;
BQ;Banque BQ;BQ/860;20220505;16400000;CompteLib_0018;;;22E58;20220505;EcritureLib_0788;20221114;754,24;0,00;D;BQ/860;;
BQ;Banque BQ;BQ/860;20220505;51200000;CompteLib_0002;;;22E58;20220505;EcritureLib_0788;20221114;0,00;754,24;C;BQ/860;;
BQ;Banque BQ;BQ/861;20220505;70999999;CompteLib_0001;;;22E56;20220505;EcritureLib_0789;20221114;0,00;186,50;C;BQ/861;;
BQ;Banque BQ;BQ/861;20220505;51200000;CompteLib_0002;;;22E56;20220505;EcritureLib_0789;20221114;186,50;0,00;D;BQ/861;;
BQ;Banque BQ;BQ/862;20220505;62700000;CompteLib_0007;;;22E54;20220505;EcritureLib_0790;20221114;1,60;0,00;D;BQ/862;;
BQ;Banque BQ;BQ/862;20220505;51200000;CompteLib_0002;;;22E54;20220505;EcritureLib_0790;20221114;0,00;1,60;C;BQ/862;;
BQ;Banque BQ;BQ/863;20220505;62700000;CompteLib_0007;;;22E53;20220505;EcritureLib_0791;20221114;1,21;0,00;D;BQ/863;;
BQ;Banque BQ;BQ/863;20220505;51200000;CompteLib_0002;;;22E53;20220505;EcritureLib_0791;20221114;0,00;1,21;C;BQ/863;;
BQ;Banque BQ;BQ/864;20220505;44566100;CompteLib_0005;;;22E55;20220505;EcritureLib_0792;20221114;5,80;0,00;D;BQ/864;;
BQ;Banque BQ;BQ/864;20220505;61100000;CompteLib_0011;;;22E55;20220505;EcritureLib_0792;20221114;29,00;0,00;D;BQ/864;;
BQ;Banque BQ;BQ/864;20220505;51200000;CompteLib_0002;;;22E55;20220505;EcritureLib_0792;20221114;0,00;34,80;C;BQ/864;;
BQ;Banque BQ;BQ/865;20220505;64500000;CompteLib_0019;;;22E51;20220505;EcritureLib_0793;20221114;383,00;0,00;D;BQ/865;;
BQ;Banque BQ;BQ/865;20220505;51200000;CompteLib_0002;;;22E51;20220505;EcritureLib_0793;20221114;0,00;383,00;C;BQ/865;;
BQ;Banque BQ;BQ/866;20220505;64500000;CompteLib_0019;;;22E52;20220505;EcritureLib_0794;20221114;1084,00;0,00;D;BQ/866;;
BQ;Banque BQ;BQ/866;20220505;51200000;CompteLib_0002;;;22E52;20220505;EcritureLib_0794;20221114;0,00;1084,00;C;BQ/866;;
BQ;Banque BQ;BQ/867;20220505;70999999;CompteLib_0001;;;22E57;20220505;EcritureLib_0795;20221114;0,00;245,10;C;BQ/867;;
BQ;Banque BQ;BQ/867;20220505;51200000;CompteLib_0002;;;22E57;20220505;EcritureLib_0795;20221114;245,10;0,00;D;BQ/867;;
BQ;Banque BQ;BQ/868;20220506;70999999;CompteLib_0001;;;22E63;20220506;EcritureLib_0796;20221114;0,00;121,70;C;BQ/868;;
BQ;Banque BQ;BQ/868;20220506;51200000;CompteLib_0002;;;22E63;20220506;EcritureLib_0796;20221114;121,70;0,00;D;BQ/868;;
BQ;Banque BQ;BQ/869;20220506;70999999;CompteLib_0001;;;22E64;20220506;EcritureLib_0797;20221114;0,00;393,11;C;BQ/869;;
BQ;Banque BQ;BQ/869;20220506;51200000;CompteLib_0002;;;22E64;20220506;EcritureLib_0797;20221114;393,11;0,00;D;BQ/869;;
BQ;Banque BQ;BQ/870;20220506;70999999;CompteLib_0001;;;22E65;20220506;EcritureLib_0798;20221114;0,00;34,68;C;BQ/870;;
BQ;Banque BQ;BQ/870;20220506;51200000;CompteLib_0002;;;22E65;20220506;EcritureLib_0798;20221114;34,68;0,00;D;BQ/870;;
BQ;Banque BQ;BQ/871;20220506;62700000;CompteLib_0007;;;22E59;20220506;EcritureLib_0799;20221114;0,55;0,00;D;BQ/871;;
BQ;Banque BQ;BQ/871;20220506;51200000;CompteLib_0002;;;22E59;20220506;EcritureLib_0799;20221114;0,00;0,55;C;BQ/871;;
BQ;Banque BQ;BQ/872;20220506;62700000;CompteLib_0007;;;22E61;20220506;EcritureLib_0800;20221114;2,57;0,00;D;BQ/872;;
BQ;Banque BQ;BQ/872;20220506;51200000;CompteLib_0002;;;22E61;20220506;EcritureLib_0800;20221114;0,00;2,57;C;BQ/872;;
BQ;Banque BQ;BQ/873;20220506;62700000;CompteLib_0007;;;22E60;20220506;EcritureLib_0801;20221114;0,79;0,00;D;BQ/873;;
BQ;Banque BQ;BQ/873;20220506;51200000;CompteLib_0002;;;22E60;20220506;EcritureLib_0801;20221114;0,00;0,79;C;BQ/873;;
BQ;Banque BQ;BQ/874;20220506;70999999;CompteLib_0001;;;22E62;20220506;EcritureLib_0802;20221114;0,00;84,34;C;BQ/874;;
BQ;Banque BQ;BQ/874;20220506;51200000;CompteLib_0002;;;22E62;20220506;EcritureLib_0802;20221114;84,34;0,00;D;BQ/874;;
BQ;Banque BQ;BQ/875;20220507;62700000;CompteLib_0007;;;22E66;20220507;EcritureLib_0803;20221114;1,71;0,00;D;BQ/875;;
BQ;Banque BQ;BQ/875;20220507;51200000;CompteLib_0002;;;22E66;20220507;EcritureLib_0803;20221114;0,00;1,71;C;BQ/875;;
BQ;Banque BQ;BQ/876;20220507;70999999;CompteLib_0001;;;22E69;20220507;EcritureLib_0804;20221114;0,00;238,68;C;BQ/876;;
BQ;Banque BQ;BQ/876;20220507;51200000;CompteLib_0002;;;22E69;20220507;EcritureLib_0804;20221114;238,68;0,00;D;BQ/876;;
BQ;Banque BQ;BQ/877;20220507;62700000;CompteLib_0007;;;22E67;20220507;EcritureLib_0805;20221114;1,55;0,00;D;BQ/877;;
BQ;Banque BQ;BQ/877;20220507;51200000;CompteLib_0002;;;22E67;20220507;EcritureLib_0805;20221114;0,00;1,55;C;BQ/877;;
BQ;Banque BQ;BQ/878;20220507;70999999;CompteLib_0001;;;22E68;20220507;EcritureLib_0806;20221114;0,00;262,20;C;BQ/878;;
BQ;Banque BQ;BQ/878;20220507;51200000;CompteLib_0002;;;22E68;20220507;EcritureLib_0806;20221114;262,20;0,00;D;BQ/878;;
BQ;Banque BQ;BQ/879;20220509;70999999;CompteLib_0001;;;22E74;20220509;EcritureLib_0807;20221114;0,00;325,80;C;BQ/879;;
BQ;Banque BQ;BQ/879;20220509;51200000;CompteLib_0002;;;22E74;20220509;EcritureLib_0807;20221114;325,80;0,00;D;BQ/879;;
BQ;Banque BQ;BQ/880;20220509;44566100;CompteLib_0005;;;22E70;20220509;EcritureLib_0070;20221114;5,11;0,00;D;BQ/880;;
BQ;Banque BQ;BQ/880;20220509;62700000;CompteLib_0007;;;22E70;20220509;EcritureLib_0070;20221114;25,56;0,00;D;BQ/880;;
BQ;Banque BQ;BQ/880;20220509;51200000;CompteLib_0002;;;22E70;20220509;EcritureLib_0070;20221114;0,00;30,67;C;BQ/880;;
BQ;Banque BQ;BQ/881;20220509;62700000;CompteLib_0007;;;22E71;20220509;EcritureLib_0808;20221114;5,14;0,00;D;BQ/881;;
BQ;Banque BQ;BQ/881;20220509;51200000;CompteLib_0002;;;22E71;20220509;EcritureLib_0808;20221114;0,00;5,14;C;BQ/881;;
BQ;Banque BQ;BQ/882;20220509;62700000;CompteLib_0007;;;22E72;20220509;EcritureLib_0809;20221114;2,12;0,00;D;BQ/882;;
BQ;Banque BQ;BQ/882;20220509;51200000;CompteLib_0002;;;22E72;20220509;EcritureLib_0809;20221114;0,00;2,12;C;BQ/882;;
BQ;Banque BQ;BQ/883;20220509;70999999;CompteLib_0001;;;22E73;20220509;EcritureLib_0810;20221114;0,00;791,40;C;BQ/883;;
BQ;Banque BQ;BQ/883;20220509;51200000;CompteLib_0002;;;22E73;20220509;EcritureLib_0810;20221114;791,40;0,00;D;BQ/883;;
BQ;Banque BQ;BQ/884;20220509;70999999;CompteLib_0001;;;22E75;20220509;EcritureLib_0811;20221114;0,00;24,89;C;BQ/884;;
BQ;Banque BQ;BQ/884;20220509;51200000;CompteLib_0002;;;22E75;20220509;EcritureLib_0811;20221114;24,89;0,00;D;BQ/884;;
BQ;Banque BQ;BQ/885;20220510;44566100;CompteLib_0005;;;22E76;20220510;EcritureLib_0812;20221114;5,05;0,00;D;BQ/885;;
BQ;Banque BQ;BQ/885;20220510;60610000;CompteLib_0022;;;22E76;20220510;EcritureLib_0812;20221114;25,23;0,00;D;BQ/885;;
BQ;Banque BQ;BQ/885;20220510;51200000;CompteLib_0002;;;22E76;20220510;EcritureLib_0812;20221114;0,00;30,28;C;BQ/885;;
BQ;Banque BQ;BQ/886;20220510;44566100;CompteLib_0005;;;22E77;20220510;EcritureLib_0813;20221114;53,60;0,00;D;BQ/886;;
BQ;Banque BQ;BQ/886;20220510;61350000;CompteLib_0023;;;22E77;20220510;EcritureLib_0813;20221114;268,00;0,00;D;BQ/886;;
BQ;Banque BQ;BQ/886;20220510;51200000;CompteLib_0002;;;22E77;20220510;EcritureLib_0813;20221114;0,00;321,60;C;BQ/886;;
BQ;Banque BQ;BQ/887;20220511;70999999;CompteLib_0001;;;22E81;20220511;EcritureLib_0814;20221114;0,00;252,30;C;BQ/887;;
BQ;Banque BQ;BQ/887;20220511;51200000;CompteLib_0002;;;22E81;20220511;EcritureLib_0814;20221114;252,30;0,00;D;BQ/887;;
BQ;Banque BQ;BQ/888;20220511;44566100;CompteLib_0005;;;22E84;20220511;EcritureLib_0815;20221114;95,56;0,00;D;BQ/888;;
BQ;Banque BQ;BQ/888;20220511;60700000;CompteLib_0033;;;22E84;20220511;EcritureLib_0815;20221114;477,80;0,00;D;BQ/888;;
BQ;Banque BQ;BQ/888;20220511;51200000;CompteLib_0002;;;22E84;20220511;EcritureLib_0815;20221114;0,00;573,36;C;BQ/888;;
BQ;Banque BQ;BQ/889;20220511;44566100;CompteLib_0005;;;22E83;20220511;EcritureLib_0816;20221114;15,52;0,00;D;BQ/889;;
BQ;Banque BQ;BQ/889;20220511;60100000;CompteLib_0008;;;22E83;20220511;EcritureLib_0816;20221114;282,09;0,00;D;BQ/889;;
BQ;Banque BQ;BQ/889;20220511;51200000;CompteLib_0002;;;22E83;20220511;EcritureLib_0816;20221114;0,00;297,61;C;BQ/889;;
BQ;Banque BQ;BQ/890;20220511;44566100;CompteLib_0005;;;22E82;20220511;EcritureLib_0817;20221114;9,70;0,00;D;BQ/890;;
BQ;Banque BQ;BQ/890;20220511;60100000;CompteLib_0008;;;22E82;20220511;EcritureLib_0817;20221114;176,30;0,00;D;BQ/890;;
BQ;Banque BQ;BQ/890;20220511;51200000;CompteLib_0002;;;22E82;20220511;EcritureLib_0817;20221114;0,00;186,00;C;BQ/890;;
BQ;Banque BQ;BQ/891;20220511;62700000;CompteLib_0007;;;22E78;20220511;EcritureLib_0818;20221114;1,57;0,00;D;BQ/891;;
BQ;Banque BQ;BQ/891;20220511;51200000;CompteLib_0002;;;22E78;20220511;EcritureLib_0818;20221114;0,00;1,57;C;BQ/891;;
BQ;Banque BQ;BQ/892;20220511;62700000;CompteLib_0007;;;22E79;20220511;EcritureLib_0819;20221114;2,08;0,00;D;BQ/892;;
BQ;Banque BQ;BQ/892;20220511;51200000;CompteLib_0002;;;22E79;20220511;EcritureLib_0819;20221114;0,00;2,08;C;BQ/892;;
BQ;Banque BQ;BQ/893;20220511;70999999;CompteLib_0001;;;22E80;20220511;EcritureLib_0820;20221114;0,00;216,20;C;BQ/893;;
BQ;Banque BQ;BQ/893;20220511;51200000;CompteLib_0002;;;22E80;20220511;EcritureLib_0820;20221114;216,20;0,00;D;BQ/893;;
BQ;Banque BQ;BQ/894;20220512;61600000;CompteLib_0021;;;22E90;20220512;EcritureLib_0821;20221114;36,91;0,00;D;BQ/894;;
BQ;Banque BQ;BQ/894;20220512;51200000;CompteLib_0002;;;22E90;20220512;EcritureLib_0821;20221114;0,00;36,91;C;BQ/894;;
BQ;Banque BQ;BQ/895;20220512;62700000;CompteLib_0007;;;22E85;20220512;EcritureLib_0822;20221114;0,78;0,00;D;BQ/895;;
BQ;Banque BQ;BQ/895;20220512;51200000;CompteLib_0002;;;22E85;20220512;EcritureLib_0822;20221114;0,00;0,78;C;BQ/895;;
BQ;Banque BQ;BQ/896;20220512;61600000;CompteLib_0021;;;22E86;20220512;EcritureLib_0823;20221114;13,63;0,00;D;BQ/896;;
BQ;Banque BQ;BQ/896;20220512;51200000;CompteLib_0002;;;22E86;20220512;EcritureLib_0823;20221114;0,00;13,63;C;BQ/896;;
BQ;Banque BQ;BQ/897;20220512;61600000;CompteLib_0021;;;22E87;20220512;EcritureLib_0824;20221114;20,35;0,00;D;BQ/897;;
BQ;Banque BQ;BQ/897;20220512;51200000;CompteLib_0002;;;22E87;20220512;EcritureLib_0824;20221114;0,00;20,35;C;BQ/897;;
BQ;Banque BQ;BQ/898;20220512;62700000;CompteLib_0007;;;22E88;20220512;EcritureLib_0825;20221114;0,15;0,00;D;BQ/898;;
BQ;Banque BQ;BQ/898;20220512;51200000;CompteLib_0002;;;22E88;20220512;EcritureLib_0825;20221114;0,00;0,15;C;BQ/898;;
BQ;Banque BQ;BQ/899;20220512;61600000;CompteLib_0021;;;22E89;20220512;EcritureLib_0826;20221114;36,91;0,00;D;BQ/899;;
BQ;Banque BQ;BQ/899;20220512;51200000;CompteLib_0002;;;22E89;20220512;EcritureLib_0826;20221114;0,00;36,91;C;BQ/899;;
BQ;Banque BQ;BQ/900;20220512;70999999;CompteLib_0001;;;22E94;20220512;EcritureLib_0827;20221114;0,00;120,30;C;BQ/900;;
BQ;Banque BQ;BQ/900;20220512;51200000;CompteLib_0002;;;22E94;20220512;EcritureLib_0827;20221114;120,30;0,00;D;BQ/900;;
BQ;Banque BQ;BQ/901;20220512;70999999;CompteLib_0001;;;22E93;20220512;EcritureLib_0828;20221114;0,00;23,25;C;BQ/901;;
BQ;Banque BQ;BQ/901;20220512;51200000;CompteLib_0002;;;22E93;20220512;EcritureLib_0828;20221114;23,25;0,00;D;BQ/901;;
BQ;Banque BQ;BQ/902;20220512;61600000;CompteLib_0021;;;22E92;20220512;EcritureLib_0829;20221114;20,35;0,00;D;BQ/902;;
BQ;Banque BQ;BQ/902;20220512;51200000;CompteLib_0002;;;22E92;20220512;EcritureLib_0829;20221114;0,00;20,35;C;BQ/902;;
BQ;Banque BQ;BQ/903;20220512;61600000;CompteLib_0021;;;22E91;20220512;EcritureLib_0830;20221114;13,63;0,00;D;BQ/903;;
BQ;Banque BQ;BQ/903;20220512;51200000;CompteLib_0002;;;22E91;20220512;EcritureLib_0830;20221114;0,00;13,63;C;BQ/903;;
BQ;Banque BQ;BQ/904;20220513;62700000;CompteLib_0007;;;22E96;20220513;EcritureLib_0831;20221114;1,89;0,00;D;BQ/904;;
BQ;Banque BQ;BQ/904;20220513;51200000;CompteLib_0002;;;22E96;20220513;EcritureLib_0831;20221114;0,00;1,89;C;BQ/904;;
BQ;Banque BQ;BQ/905;20220513;70999999;CompteLib_0001;;;22E100;20220513;EcritureLib_0832;20221114;0,00;49,69;C;BQ/905;;
BQ;Banque BQ;BQ/905;20220513;51200000;CompteLib_0002;;;22E100;20220513;EcritureLib_0832;20221114;49,69;0,00;D;BQ/905;;
BQ;Banque BQ;BQ/906;20220513;70999999;CompteLib_0001;;;22E99;20220513;EcritureLib_0833;20221114;0,00;284,38;C;BQ/906;;
BQ;Banque BQ;BQ/906;20220513;51200000;CompteLib_0002;;;22E99;20220513;EcritureLib_0833;20221114;284,38;0,00;D;BQ/906;;
BQ;Banque BQ;BQ/907;20220513;70999999;CompteLib_0001;;;22E98;20220513;EcritureLib_0834;20221114;0,00;290,00;C;BQ/907;;
BQ;Banque BQ;BQ/907;20220513;51200000;CompteLib_0002;;;22E98;20220513;EcritureLib_0834;20221114;290,00;0,00;D;BQ/907;;
BQ;Banque BQ;BQ/908;20220513;70999999;CompteLib_0001;;;22E97;20220513;EcritureLib_0835;20221114;0,00;209,95;C;BQ/908;;
BQ;Banque BQ;BQ/908;20220513;51200000;CompteLib_0002;;;22E97;20220513;EcritureLib_0835;20221114;209,95;0,00;D;BQ/908;;
BQ;Banque BQ;BQ/909;20220513;62700000;CompteLib_0007;;;22E95;20220513;EcritureLib_0836;20221114;1,37;0,00;D;BQ/909;;
BQ;Banque BQ;BQ/909;20220513;51200000;CompteLib_0002;;;22E95;20220513;EcritureLib_0836;20221114;0,00;1,37;C;BQ/909;;
BQ;Banque BQ;BQ/910;20220514;70999999;CompteLib_0001;;;22E102;20220514;EcritureLib_0837;20221114;0,00;299,05;C;BQ/910;;
BQ;Banque BQ;BQ/910;20220514;51200000;CompteLib_0002;;;22E102;20220514;EcritureLib_0837;20221114;299,05;0,00;D;BQ/910;;
BQ;Banque BQ;BQ/911;20220514;62700000;CompteLib_0007;;;22E101;20220514;EcritureLib_0838;20221114;1,95;0,00;D;BQ/911;;
BQ;Banque BQ;BQ/911;20220514;51200000;CompteLib_0002;;;22E101;20220514;EcritureLib_0838;20221114;0,00;1,95;C;BQ/911;;
BQ;Banque BQ;BQ/912;20220517;44571700;CompteLib_0037;;;22E106;20220517;EcritureLib_0839;20221114;0,00;30,00;C;BQ/912;;
BQ;Banque BQ;BQ/912;20220517;70700000;CompteLib_0038;;;22E106;20220517;EcritureLib_0839;20221114;0,00;150,00;C;BQ/912;;
BQ;Banque BQ;BQ/912;20220517;51200000;CompteLib_0002;;;22E106;20220517;EcritureLib_0839;20221114;180,00;0,00;D;BQ/912;;
BQ;Banque BQ;BQ/913;20220517;61600000;CompteLib_0021;;;22E104;20220517;EcritureLib_0840;20221114;56,72;0,00;D;BQ/913;;
BQ;Banque BQ;BQ/913;20220517;51200000;CompteLib_0002;;;22E104;20220517;EcritureLib_0840;20221114;0,00;56,72;C;BQ/913;;
BQ;Banque BQ;BQ/914;20220517;64500000;CompteLib_0019;;;22E105;20220517;EcritureLib_0841;20221114;621,00;0,00;D;BQ/914;;
BQ;Banque BQ;BQ/914;20220517;51200000;CompteLib_0002;;;22E105;20220517;EcritureLib_0841;20221114;0,00;621,00;C;BQ/914;;
BQ;Banque BQ;BQ/915;20220517;61600000;CompteLib_0021;;;22E103;20220517;EcritureLib_0842;20221114;84,00;0,00;D;BQ/915;;
BQ;Banque BQ;BQ/915;20220517;51200000;CompteLib_0002;;;22E103;20220517;EcritureLib_0842;20221114;0,00;84,00;C;BQ/915;;
BQ;Banque BQ;BQ/916;20220517;44571800;CompteLib_0024;;;22E107;20220517;EcritureLib_0839;20221114;0,00;266,82;C;BQ/916;;
BQ;Banque BQ;BQ/916;20220517;70180000;CompteLib_0025;;;22E107;20220517;EcritureLib_0839;20221114;0,00;2668,18;C;BQ/916;;
BQ;Banque BQ;BQ/916;20220517;51200000;CompteLib_0002;;;22E107;20220517;EcritureLib_0839;20221114;2935,00;0,00;D;BQ/916;;
BQ;Banque BQ;BQ/917;20220518;70999999;CompteLib_0001;;;22E114;20220518;EcritureLib_0843;20221114;0,00;480,00;C;BQ/917;;
BQ;Banque BQ;BQ/917;20220518;51200000;CompteLib_0002;;;22E114;20220518;EcritureLib_0843;20221114;480,00;0,00;D;BQ/917;;
BQ;Banque BQ;BQ/918;20220518;70999999;CompteLib_0001;;;22E113;20220518;EcritureLib_0844;20221114;0,00;93,70;C;BQ/918;;
BQ;Banque BQ;BQ/918;20220518;51200000;CompteLib_0002;;;22E113;20220518;EcritureLib_0844;20221114;93,70;0,00;D;BQ/918;;
BQ;Banque BQ;BQ/919;20220518;62700000;CompteLib_0007;;;22E111;20220518;EcritureLib_0845;20221114;0,62;0,00;D;BQ/919;;
BQ;Banque BQ;BQ/919;20220518;51200000;CompteLib_0002;;;22E111;20220518;EcritureLib_0845;20221114;0,00;0,62;C;BQ/919;;
BQ;Banque BQ;BQ/920;20220518;70999999;CompteLib_0001;;;22E112;20220518;EcritureLib_0846;20221114;0,00;78,60;C;BQ/920;;
BQ;Banque BQ;BQ/920;20220518;51200000;CompteLib_0002;;;22E112;20220518;EcritureLib_0846;20221114;78,60;0,00;D;BQ/920;;
BQ;Banque BQ;BQ/921;20220518;70999999;CompteLib_0001;;;22E118;20220518;EcritureLib_0847;20221114;0,00;310,19;C;BQ/921;;
BQ;Banque BQ;BQ/921;20220518;51200000;CompteLib_0002;;;22E118;20220518;EcritureLib_0847;20221114;310,19;0,00;D;BQ/921;;
BQ;Banque BQ;BQ/922;20220518;44566100;CompteLib_0005;;;22E108;20220518;EcritureLib_0848;20221114;17,00;0,00;D;BQ/922;;
BQ;Banque BQ;BQ/922;20220518;65100000;CompteLib_0029;;;22E108;20220518;EcritureLib_0848;20221114;84,98;0,00;D;BQ/922;;
BQ;Banque BQ;BQ/922;20220518;51200000;CompteLib_0002;;;22E108;20220518;EcritureLib_0848;20221114;0,00;101,98;C;BQ/922;;
BQ;Banque BQ;BQ/923;20220518;44566100;CompteLib_0005;;;22E109;20220518;EcritureLib_0849;20221114;7,42;0,00;D;BQ/923;;
BQ;Banque BQ;BQ/923;20220518;65100000;CompteLib_0029;;;22E109;20220518;EcritureLib_0849;20221114;37,09;0,00;D;BQ/923;;
BQ;Banque BQ;BQ/923;20220518;51200000;CompteLib_0002;;;22E109;20220518;EcritureLib_0849;20221114;0,00;44,51;C;BQ/923;;
BQ;Banque BQ;BQ/924;20220518;62700000;CompteLib_0007;;;22E110;20220518;EcritureLib_0850;20221114;0,52;0,00;D;BQ/924;;
BQ;Banque BQ;BQ/924;20220518;51200000;CompteLib_0002;;;22E110;20220518;EcritureLib_0850;20221114;0,00;0,52;C;BQ/924;;
BQ;Banque BQ;BQ/925;20220518;70999999;CompteLib_0001;;;22E117;20220518;EcritureLib_0851;20221114;0,00;600,88;C;BQ/925;;
BQ;Banque BQ;BQ/925;20220518;51200000;CompteLib_0002;;;22E117;20220518;EcritureLib_0851;20221114;600,88;0,00;D;BQ/925;;
BQ;Banque BQ;BQ/926;20220518;53000000;CompteLib_0039;;;22E116;20220518;EcritureLib_0852;20221114;50,00;0,00;D;BQ/926;;
BQ;Banque BQ;BQ/926;20220518;51200000;CompteLib_0002;;;22E116;20220518;EcritureLib_0852;20221114;0,00;50,00;C;BQ/926;;
BQ;Banque BQ;BQ/927;20220518;44566100;CompteLib_0005;;;22E115;20220518;EcritureLib_0852;20221114;41,67;0,00;D;BQ/927;;
BQ;Banque BQ;BQ/927;20220518;60630000;CompteLib_0009;;;22E115;20220518;EcritureLib_0852;20221114;208,33;0,00;D;BQ/927;;
BQ;Banque BQ;BQ/927;20220518;51200000;CompteLib_0002;;;22E115;20220518;EcritureLib_0852;20221114;0,00;250,00;C;BQ/927;;
BQ;Banque BQ;BQ/928;20220518;70999999;CompteLib_0001;;;22E121;20220518;EcritureLib_0853;20221114;0,00;121,00;C;BQ/928;;
BQ;Banque BQ;BQ/928;20220518;51200000;CompteLib_0002;;;22E121;20220518;EcritureLib_0853;20221114;121,00;0,00;D;BQ/928;;
BQ;Banque BQ;BQ/929;20220518;70999999;CompteLib_0001;;;22E120;20220518;EcritureLib_0854;20221114;0,00;429,44;C;BQ/929;;
BQ;Banque BQ;BQ/929;20220518;51200000;CompteLib_0002;;;22E120;20220518;EcritureLib_0854;20221114;429,44;0,00;D;BQ/929;;
BQ;Banque BQ;BQ/930;20220518;70999999;CompteLib_0001;;;22E119;20220518;EcritureLib_0855;20221114;0,00;367,33;C;BQ/930;;
BQ;Banque BQ;BQ/930;20220518;51200000;CompteLib_0002;;;22E119;20220518;EcritureLib_0855;20221114;367,33;0,00;D;BQ/930;;
BQ;Banque BQ;BQ/931;20220519;62700000;CompteLib_0007;;;22E123;20220519;EcritureLib_0856;20221114;1,28;0,00;D;BQ/931;;
BQ;Banque BQ;BQ/931;20220519;51200000;CompteLib_0002;;;22E123;20220519;EcritureLib_0856;20221114;0,00;1,28;C;BQ/931;;
BQ;Banque BQ;BQ/932;20220519;62700000;CompteLib_0007;;;22E122;20220519;EcritureLib_0857;20221114;0,79;0,00;D;BQ/932;;
BQ;Banque BQ;BQ/932;20220519;51200000;CompteLib_0002;;;22E122;20220519;EcritureLib_0857;20221114;0,00;0,79;C;BQ/932;;
BQ;Banque BQ;BQ/933;20220519;70999999;CompteLib_0001;;;22E127;20220519;EcritureLib_0858;20221114;0,00;69,52;C;BQ/933;;
BQ;Banque BQ;BQ/933;20220519;51200000;CompteLib_0002;;;22E127;20220519;EcritureLib_0858;20221114;69,52;0,00;D;BQ/933;;
BQ;Banque BQ;BQ/934;20220519;70999999;CompteLib_0001;;;22E126;20220519;EcritureLib_0859;20221114;0,00;193,85;C;BQ/934;;
BQ;Banque BQ;BQ/934;20220519;51200000;CompteLib_0002;;;22E126;20220519;EcritureLib_0859;20221114;193,85;0,00;D;BQ/934;;
BQ;Banque BQ;BQ/935;20220519;70999999;CompteLib_0001;;;22E125;20220519;EcritureLib_0860;20221114;0,00;101,75;C;BQ/935;;
BQ;Banque BQ;BQ/935;20220519;51200000;CompteLib_0002;;;22E125;20220519;EcritureLib_0860;20221114;101,75;0,00;D;BQ/935;;
BQ;Banque BQ;BQ/936;20220519;44566100;CompteLib_0005;;;22E124;20220519;EcritureLib_0861;20221114;5,98;0,00;D;BQ/936;;
BQ;Banque BQ;BQ/936;20220519;61350000;CompteLib_0023;;;22E124;20220519;EcritureLib_0861;20221114;29,90;0,00;D;BQ/936;;
BQ;Banque BQ;BQ/936;20220519;51200000;CompteLib_0002;;;22E124;20220519;EcritureLib_0861;20221114;0,00;35,88;C;BQ/936;;
BQ;Banque BQ;BQ/937;20220520;62700000;CompteLib_0007;;;22E129;20220520;EcritureLib_0862;20221114;0,46;0,00;D;BQ/937;;
BQ;Banque BQ;BQ/937;20220520;51200000;CompteLib_0002;;;22E129;20220520;EcritureLib_0862;20221114;0,00;0,46;C;BQ/937;;
BQ;Banque BQ;BQ/938;20220520;62700000;CompteLib_0007;;;22E128;20220520;EcritureLib_0863;20221114;0,72;0,00;D;BQ/938;;
BQ;Banque BQ;BQ/938;20220520;51200000;CompteLib_0002;;;22E128;20220520;EcritureLib_0863;20221114;0,00;0,72;C;BQ/938;;
BQ;Banque BQ;BQ/939;20220520;62700000;CompteLib_0007;;;22E130;20220520;EcritureLib_0864;20221114;4,19;0,00;D;BQ/939;;
BQ;Banque BQ;BQ/939;20220520;51200000;CompteLib_0002;;;22E130;20220520;EcritureLib_0864;20221114;0,00;4,19;C;BQ/939;;
BQ;Banque BQ;BQ/940;20220520;70999999;CompteLib_0001;;;22E131;20220520;EcritureLib_0865;20221114;0,00;110,30;C;BQ/940;;
BQ;Banque BQ;BQ/940;20220520;51200000;CompteLib_0002;;;22E131;20220520;EcritureLib_0865;20221114;110,30;0,00;D;BQ/940;;
BQ;Banque BQ;BQ/941;20220520;70999999;CompteLib_0001;;;22E132;20220520;EcritureLib_0866;20221114;0,00;70,90;C;BQ/941;;
BQ;Banque BQ;BQ/941;20220520;51200000;CompteLib_0002;;;22E132;20220520;EcritureLib_0866;20221114;70,90;0,00;D;BQ/941;;
BQ;Banque BQ;BQ/942;20220520;70999999;CompteLib_0001;;;22E133;20220520;EcritureLib_0867;20221114;0,00;602,60;C;BQ/942;;
BQ;Banque BQ;BQ/942;20220520;51200000;CompteLib_0002;;;22E133;20220520;EcritureLib_0867;20221114;602,60;0,00;D;BQ/942;;
BQ;Banque BQ;BQ/943;20220520;70999999;CompteLib_0001;;;22E134;20220520;EcritureLib_0868;20221114;0,00;69,91;C;BQ/943;;
BQ;Banque BQ;BQ/943;20220520;51200000;CompteLib_0002;;;22E134;20220520;EcritureLib_0868;20221114;69,91;0,00;D;BQ/943;;
BQ;Banque BQ;BQ/944;20220521;70999999;CompteLib_0001;;;22E136;20220521;EcritureLib_0869;20221114;0,00;363,12;C;BQ/944;;
BQ;Banque BQ;BQ/944;20220521;51200000;CompteLib_0002;;;22E136;20220521;EcritureLib_0869;20221114;363,12;0,00;D;BQ/944;;
BQ;Banque BQ;BQ/945;20220521;62700000;CompteLib_0007;;;22E141;20220521;EcritureLib_0870;20221114;2,36;0,00;D;BQ/945;;
BQ;Banque BQ;BQ/945;20220521;51200000;CompteLib_0002;;;22E141;20220521;EcritureLib_0870;20221114;0,00;2,36;C;BQ/945;;
BQ;Banque BQ;BQ/946;20220521;62700000;CompteLib_0007;;;22E139;20220521;EcritureLib_0871;20221114;0,79;0,00;D;BQ/946;;
BQ;Banque BQ;BQ/946;20220521;51200000;CompteLib_0002;;;22E139;20220521;EcritureLib_0871;20221114;0,00;0,79;C;BQ/946;;
BQ;Banque BQ;BQ/947;20220521;44566100;CompteLib_0005;;;22E140;20220521;EcritureLib_0872;20221114;24,78;0,00;D;BQ/947;;
BQ;Banque BQ;BQ/947;20220521;60100000;CompteLib_0008;;;22E140;20220521;EcritureLib_0872;20221114;450,45;0,00;D;BQ/947;;
BQ;Banque BQ;BQ/947;20220521;51200000;CompteLib_0002;;;22E140;20220521;EcritureLib_0872;20221114;0,00;475,23;C;BQ/947;;
BQ;Banque BQ;BQ/948;20220521;70999999;CompteLib_0001;;;22E138;20220521;EcritureLib_0873;20221114;0,00;401,40;C;BQ/948;;
BQ;Banque BQ;BQ/948;20220521;51200000;CompteLib_0002;;;22E138;20220521;EcritureLib_0873;20221114;401,40;0,00;D;BQ/948;;
BQ;Banque BQ;BQ/949;20220521;70999999;CompteLib_0001;;;22E137;20220521;EcritureLib_0874;20221114;0,00;121,20;C;BQ/949;;
BQ;Banque BQ;BQ/949;20220521;51200000;CompteLib_0002;;;22E137;20220521;EcritureLib_0874;20221114;121,20;0,00;D;BQ/949;;
BQ;Banque BQ;BQ/950;20220521;62700000;CompteLib_0007;;;22E135;20220521;EcritureLib_0875;20221114;2,59;0,00;D;BQ/950;;
BQ;Banque BQ;BQ/950;20220521;51200000;CompteLib_0002;;;22E135;20220521;EcritureLib_0875;20221114;0,00;2,59;C;BQ/950;;
BQ;Banque BQ;BQ/951;20220523;62700000;CompteLib_0007;;;22E142;20220523;EcritureLib_0876;20221114;3,61;0,00;D;BQ/951;;
BQ;Banque BQ;BQ/951;20220523;51200000;CompteLib_0002;;;22E142;20220523;EcritureLib_0876;20221114;0,00;3,61;C;BQ/951;;
BQ;Banque BQ;BQ/952;20220523;70999999;CompteLib_0001;;;22E145;20220523;EcritureLib_0877;20221114;0,00;554,40;C;BQ/952;;
BQ;Banque BQ;BQ/952;20220523;51200000;CompteLib_0002;;;22E145;20220523;EcritureLib_0877;20221114;554,40;0,00;D;BQ/952;;
BQ;Banque BQ;BQ/953;20220523;70999999;CompteLib_0001;;;22E146;20220523;EcritureLib_0878;20221114;0,00;268,40;C;BQ/953;;
BQ;Banque BQ;BQ/953;20220523;51200000;CompteLib_0002;;;22E146;20220523;EcritureLib_0878;20221114;268,40;0,00;D;BQ/953;;
BQ;Banque BQ;BQ/954;20220523;44566100;CompteLib_0005;;;22E144;20220523;EcritureLib_0879;20221114;5,20;0,00;D;BQ/954;;
BQ;Banque BQ;BQ/954;20220523;61350000;CompteLib_0023;;;22E144;20220523;EcritureLib_0879;20221114;26,00;0,00;D;BQ/954;;
BQ;Banque BQ;BQ/954;20220523;51200000;CompteLib_0002;;;22E144;20220523;EcritureLib_0879;20221114;0,00;31,20;C;BQ/954;;
BQ;Banque BQ;BQ/955;20220523;62700000;CompteLib_0007;;;22E143;20220523;EcritureLib_0880;20221114;1,83;0,00;D;BQ/955;;
BQ;Banque BQ;BQ/955;20220523;51200000;CompteLib_0002;;;22E143;20220523;EcritureLib_0880;20221114;0,00;1,83;C;BQ/955;;
BQ;Banque BQ;BQ/956;20220524;64500000;CompteLib_0019;;;22E147;20220524;EcritureLib_0881;20221114;60,08;0,00;D;BQ/956;;
BQ;Banque BQ;BQ/956;20220524;51200000;CompteLib_0002;;;22E147;20220524;EcritureLib_0881;20221114;0,00;60,08;C;BQ/956;;
BQ;Banque BQ;BQ/957;20220524;44566100;CompteLib_0005;;;22E150;20220524;EcritureLib_0882;20221114;20,56;0,00;D;BQ/957;;
BQ;Banque BQ;BQ/957;20220524;60100000;CompteLib_0008;;;22E150;20220524;EcritureLib_0882;20221114;373,89;0,00;D;BQ/957;;
BQ;Banque BQ;BQ/957;20220524;51200000;CompteLib_0002;;;22E150;20220524;EcritureLib_0882;20221114;0,00;394,45;C;BQ/957;;
BQ;Banque BQ;BQ/958;20220524;44571800;CompteLib_0024;;;22E152;20220524;EcritureLib_0883;20221114;0,00;26,82;C;BQ/958;;
BQ;Banque BQ;BQ/958;20220524;70180000;CompteLib_0025;;;22E152;20220524;EcritureLib_0883;20221114;0,00;268,18;C;BQ/958;;
BQ;Banque BQ;BQ/958;20220524;51200000;CompteLib_0002;;;22E152;20220524;EcritureLib_0883;20221114;295,00;0,00;D;BQ/958;;
BQ;Banque BQ;BQ/959;20220524;44571700;CompteLib_0037;;;22E151;20220524;EcritureLib_0883;20221114;0,00;25,83;C;BQ/959;;
BQ;Banque BQ;BQ/959;20220524;70700000;CompteLib_0038;;;22E151;20220524;EcritureLib_0883;20221114;0,00;129,17;C;BQ/959;;
BQ;Banque BQ;BQ/959;20220524;51200000;CompteLib_0002;;;22E151;20220524;EcritureLib_0883;20221114;155,00;0,00;D;BQ/959;;
BQ;Banque BQ;BQ/960;20220524;44566100;CompteLib_0005;;;22E149;20220524;EcritureLib_0882;20221114;24,67;0,00;D;BQ/960;;
BQ;Banque BQ;BQ/960;20220524;60100000;CompteLib_0008;;;22E149;20220524;EcritureLib_0882;20221114;448,51;0,00;D;BQ/960;;
BQ;Banque BQ;BQ/960;20220524;51200000;CompteLib_0002;;;22E149;20220524;EcritureLib_0882;20221114;0,00;473,18;C;BQ/960;;
BQ;Banque BQ;BQ/961;20220524;64500000;CompteLib_0019;;;22E148;20220524;EcritureLib_0884;20221114;107,04;0,00;D;BQ/961;;
BQ;Banque BQ;BQ/961;20220524;51200000;CompteLib_0002;;;22E148;20220524;EcritureLib_0884;20221114;0,00;107,04;C;BQ/961;;
BQ;Banque BQ;BQ/962;20220525;64500000;CompteLib_0019;;;22E155;20220525;EcritureLib_0885;20221114;130,38;0,00;D;BQ/962;;
BQ;Banque BQ;BQ/962;20220525;51200000;CompteLib_0002;;;22E155;20220525;EcritureLib_0885;20221114;0,00;130,38;C;BQ/962;;
BQ;Banque BQ;BQ/963;20220525;44566100;CompteLib_0005;;;22E153;20220525;EcritureLib_0886;20221114;17,40;0,00;D;BQ/963;;
BQ;Banque BQ;BQ/963;20220525;62600000;CompteLib_0028;;;22E153;20220525;EcritureLib_0886;20221114;87,00;0,00;D;BQ/963;;
BQ;Banque BQ;BQ/963;20220525;51200000;CompteLib_0002;;;22E153;20220525;EcritureLib_0886;20221114;0,00;104,40;C;BQ/963;;
BQ;Banque BQ;BQ/964;20220525;47100000;CompteLib_0004;;;22E154;20220525;EcritureLib_0887;20221114;305,00;0,00;D;BQ/964;;
BQ;Banque BQ;BQ/964;20220525;51200000;CompteLib_0002;;;22E154;20220525;EcritureLib_0887;20221114;0,00;305,00;C;BQ/964;;
BQ;Banque BQ;BQ/965;20220525;44566100;CompteLib_0005;;;22E156;20220525;EcritureLib_0888;20221114;19,36;0,00;D;BQ/965;;
BQ;Banque BQ;BQ/965;20220525;61500000;CompteLib_0031;;;22E156;20220525;EcritureLib_0888;20221114;96,80;0,00;D;BQ/965;;
BQ;Banque BQ;BQ/965;20220525;51200000;CompteLib_0002;;;22E156;20220525;EcritureLib_0888;20221114;0,00;116,16;C;BQ/965;;
BQ;Banque BQ;BQ/966;20220528;62700000;CompteLib_0007;;;22E158;20220528;EcritureLib_0889;20221114;1,11;0,00;D;BQ/966;;
BQ;Banque BQ;BQ/966;20220528;51200000;CompteLib_0002;;;22E158;20220528;EcritureLib_0889;20221114;0,00;1,11;C;BQ/966;;
BQ;Banque BQ;BQ/967;20220528;70999999;CompteLib_0001;;;22E160;20220528;EcritureLib_0890;20221114;0,00;169,10;C;BQ/967;;
BQ;Banque BQ;BQ/967;20220528;51200000;CompteLib_0002;;;22E160;20220528;EcritureLib_0890;20221114;169,10;0,00;D;BQ/967;;
BQ;Banque BQ;BQ/968;20220528;70999999;CompteLib_0001;;;22E159;20220528;EcritureLib_0891;20221114;0,00;194,30;C;BQ/968;;
BQ;Banque BQ;BQ/968;20220528;51200000;CompteLib_0002;;;22E159;20220528;EcritureLib_0891;20221114;194,30;0,00;D;BQ/968;;
BQ;Banque BQ;BQ/969;20220528;62700000;CompteLib_0007;;;22E157;20220528;EcritureLib_0892;20221114;1,26;0,00;D;BQ/969;;
BQ;Banque BQ;BQ/969;20220528;51200000;CompteLib_0002;;;22E157;20220528;EcritureLib_0892;20221114;0,00;1,26;C;BQ/969;;
BQ;Banque BQ;BQ/970;20220530;70999999;CompteLib_0001;;;22E165;20220530;EcritureLib_0893;20221114;0,00;288,20;C;BQ/970;;
BQ;Banque BQ;BQ/970;20220530;51200000;CompteLib_0002;;;22E165;20220530;EcritureLib_0893;20221114;288,20;0,00;D;BQ/970;;
BQ;Banque BQ;BQ/971;20220530;44566100;CompteLib_0005;;;22E171;20220530;EcritureLib_0894;20221114;10,88;0,00;D;BQ/971;;
BQ;Banque BQ;BQ/971;20220530;61500000;CompteLib_0031;;;22E171;20220530;EcritureLib_0894;20221114;54,41;0,00;D;BQ/971;;
BQ;Banque BQ;BQ/971;20220530;51200000;CompteLib_0002;;;22E171;20220530;EcritureLib_0894;20221114;0,00;65,29;C;BQ/971;;
BQ;Banque BQ;BQ/972;20220530;45520000;CompteLib_0027;;;22E167;20220530;EcritureLib_0895;20221114;40,00;0,00;D;BQ/972;;
BQ;Banque BQ;BQ/972;20220530;51200000;CompteLib_0002;;;22E167;20220530;EcritureLib_0895;20221114;0,00;40,00;C;BQ/972;;
BQ;Banque BQ;BQ/973;20220530;70999999;CompteLib_0001;;;22E166;20220530;EcritureLib_0896;20221114;0,00;480,25;C;BQ/973;;
BQ;Banque BQ;BQ/973;20220530;51200000;CompteLib_0002;;;22E166;20220530;EcritureLib_0896;20221114;480,25;0,00;D;BQ/973;;
BQ;Banque BQ;BQ/974;20220530;44566100;CompteLib_0005;;;22E164;20220530;EcritureLib_0897;20221114;5,88;0,00;D;BQ/974;;
BQ;Banque BQ;BQ/974;20220530;62261000;CompteLib_0032;;;22E164;20220530;EcritureLib_0897;20221114;29,40;0,00;D;BQ/974;;
BQ;Banque BQ;BQ/974;20220530;51200000;CompteLib_0002;;;22E164;20220530;EcritureLib_0897;20221114;0,00;35,28;C;BQ/974;;
BQ;Banque BQ;BQ/975;20220530;44566100;CompteLib_0005;;;22E163;20220530;EcritureLib_0898;20221114;30,00;0,00;D;BQ/975;;
BQ;Banque BQ;BQ/975;20220530;62261000;CompteLib_0032;;;22E163;20220530;EcritureLib_0898;20221114;150,00;0,00;D;BQ/975;;
BQ;Banque BQ;BQ/975;20220530;51200000;CompteLib_0002;;;22E163;20220530;EcritureLib_0898;20221114;0,00;180,00;C;BQ/975;;
BQ;Banque BQ;BQ/976;20220530;62700000;CompteLib_0007;;;22E162;20220530;EcritureLib_0899;20221114;3,13;0,00;D;BQ/976;;
BQ;Banque BQ;BQ/976;20220530;51200000;CompteLib_0002;;;22E162;20220530;EcritureLib_0899;20221114;0,00;3,13;C;BQ/976;;
BQ;Banque BQ;BQ/977;20220530;62700000;CompteLib_0007;;;22E161;20220530;EcritureLib_0900;20221114;1,88;0,00;D;BQ/977;;
BQ;Banque BQ;BQ/977;20220530;51200000;CompteLib_0002;;;22E161;20220530;EcritureLib_0900;20221114;0,00;1,88;C;BQ/977;;
BQ;Banque BQ;BQ/978;20220530;70999999;CompteLib_0001;;;22E170;20220530;EcritureLib_0901;20221114;0,00;85,28;C;BQ/978;;
BQ;Banque BQ;BQ/978;20220530;51200000;CompteLib_0002;;;22E170;20220530;EcritureLib_0901;20221114;85,28;0,00;D;BQ/978;;
BQ;Banque BQ;BQ/979;20220530;64100000;CompteLib_0030;;;22E169;20220530;EcritureLib_0902;20221114;371,52;0,00;D;BQ/979;;
BQ;Banque BQ;BQ/979;20220530;51200000;CompteLib_0002;;;22E169;20220530;EcritureLib_0902;20221114;0,00;371,52;C;BQ/979;;
BQ;Banque BQ;BQ/980;20220530;64100000;CompteLib_0030;;;22E168;20220530;EcritureLib_0903;20221114;1324,51;0,00;D;BQ/980;;
BQ;Banque BQ;BQ/980;20220530;51200000;CompteLib_0002;;;22E168;20220530;EcritureLib_0903;20221114;0,00;1324,51;C;BQ/980;;
BQ;Banque BQ;BQ/981;20220531;44566100;CompteLib_0005;;;22E172;20220531;EcritureLib_0904;20221114;22,76;0,00;D;BQ/981;;
BQ;Banque BQ;BQ/981;20220531;60100000;CompteLib_0008;;;22E172;20220531;EcritureLib_0904;20221114;413,87;0,00;D;BQ/981;;
BQ;Banque BQ;BQ/981;20220531;51200000;CompteLib_0002;;;22E172;20220531;EcritureLib_0904;20221114;0,00;436,63;C;BQ/981;;
BQ;Banque BQ;BQ/982;20220531;70999999;CompteLib_0001;;;22E180;20220531;EcritureLib_0905;20221114;0,00;0,95;C;BQ/982;;
BQ;Banque BQ;BQ/982;20220531;51200000;CompteLib_0002;;;22E180;20220531;EcritureLib_0905;20221114;0,95;0,00;D;BQ/982;;
BQ;Banque BQ;BQ/983;20220531;44571800;CompteLib_0024;;;22E179;20220531;EcritureLib_0906;20221114;0,00;9,09;C;BQ/983;;
BQ;Banque BQ;BQ/983;20220531;70180000;CompteLib_0025;;;22E179;20220531;EcritureLib_0906;20221114;0,00;90,91;C;BQ/983;;
BQ;Banque BQ;BQ/983;20220531;51200000;CompteLib_0002;;;22E179;20220531;EcritureLib_0906;20221114;100,00;0,00;D;BQ/983;;
BQ;Banque BQ;BQ/984;20220531;44566100;CompteLib_0005;;;22E173;20220531;EcritureLib_0904;20221114;11,44;0,00;D;BQ/984;;
BQ;Banque BQ;BQ/984;20220531;60100000;CompteLib_0008;;;22E173;20220531;EcritureLib_0904;20221114;207,94;0,00;D;BQ/984;;
BQ;Banque BQ;BQ/984;20220531;51200000;CompteLib_0002;;;22E173;20220531;EcritureLib_0904;20221114;0,00;219,38;C;BQ/984;;
BQ;Banque BQ;BQ/985;20220531;46700000;CompteLib_0014;;;22E178;20220531;EcritureLib_0907;20221114;116,90;0,00;D;BQ/985;;
BQ;Banque BQ;BQ/985;20220531;51200000;CompteLib_0002;;;22E178;20220531;EcritureLib_0907;20221114;0,00;116,90;C;BQ/985;;
BQ;Banque BQ;BQ/986;20220531;44566100;CompteLib_0005;;;22E174;20220531;EcritureLib_0904;20221114;6,71;0,00;D;BQ/986;;
BQ;Banque BQ;BQ/986;20220531;60100000;CompteLib_0008;;;22E174;20220531;EcritureLib_0904;20221114;122,01;0,00;D;BQ/986;;
BQ;Banque BQ;BQ/986;20220531;51200000;CompteLib_0002;;;22E174;20220531;EcritureLib_0904;20221114;0,00;128,72;C;BQ/986;;
BQ;Banque BQ;BQ/987;20220531;44566100;CompteLib_0005;;;22E175;20220531;EcritureLib_0904;20221114;4,80;0,00;D;BQ/987;;
BQ;Banque BQ;BQ/987;20220531;60100000;CompteLib_0008;;;22E175;20220531;EcritureLib_0904;20221114;87,29;0,00;D;BQ/987;;
BQ;Banque BQ;BQ/987;20220531;51200000;CompteLib_0002;;;22E175;20220531;EcritureLib_0904;20221114;0,00;92,09;C;BQ/987;;
BQ;Banque BQ;BQ/988;20220531;44566100;CompteLib_0005;;;22E176;20220531;EcritureLib_0907;20221114;53,17;0,00;D;BQ/988;;
BQ;Banque BQ;BQ/988;20220531;60100000;CompteLib_0008;;;22E176;20220531;EcritureLib_0907;20221114;966,82;0,00;D;BQ/988;;
BQ;Banque BQ;BQ/988;20220531;51200000;CompteLib_0002;;;22E176;20220531;EcritureLib_0907;20221114;0,00;1019,99;C;BQ/988;;
BQ;Banque BQ;BQ/989;20220531;44566100;CompteLib_0005;;;22E177;20220531;EcritureLib_0907;20221114;32,73;0,00;D;BQ/989;;
BQ;Banque BQ;BQ/989;20220531;60700000;CompteLib_0033;;;22E177;20220531;EcritureLib_0907;20221114;163,67;0,00;D;BQ/989;;
BQ;Banque BQ;BQ/989;20220531;51200000;CompteLib_0002;;;22E177;20220531;EcritureLib_0907;20221114;0,00;196,40;C;BQ/989;;
BQ;Banque BQ;BQ/990;20220601;62700000;CompteLib_0007;;;22F3;20220601;EcritureLib_0908;20221114;3,19;0,00;D;BQ/990;;
BQ;Banque BQ;BQ/990;20220601;51200000;CompteLib_0002;;;22F3;20220601;EcritureLib_0908;20221114;0,00;3,19;C;BQ/990;;
BQ;Banque BQ;BQ/991;20220601;62700000;CompteLib_0007;;;22F1;20220601;EcritureLib_0909;20221114;1,37;0,00;D;BQ/991;;
BQ;Banque BQ;BQ/991;20220601;51200000;CompteLib_0002;;;22F1;20220601;EcritureLib_0909;20221114;0,00;1,37;C;BQ/991;;
BQ;Banque BQ;BQ/992;20220601;62700000;CompteLib_0007;;;22F2;20220601;EcritureLib_0910;20221114;0,01;0,00;D;BQ/992;;
BQ;Banque BQ;BQ/992;20220601;51200000;CompteLib_0002;;;22F2;20220601;EcritureLib_0910;20221114;0,00;0,01;C;BQ/992;;
BQ;Banque BQ;BQ/993;20220601;64400000;CompteLib_0003;;;22F7;20220601;EcritureLib_0758;20221114;1300,00;0,00;D;BQ/993;;
BQ;Banque BQ;BQ/993;20220601;51200000;CompteLib_0002;;;22F7;20220601;EcritureLib_0758;20221114;0,00;1300,00;C;BQ/993;;
BQ;Banque BQ;BQ/994;20220601;44566100;CompteLib_0005;;;22F9;20220601;EcritureLib_0004;20221114;419,51;0,00;D;BQ/994;;
BQ;Banque BQ;BQ/994;20220601;61321000;CompteLib_0006;;;22F9;20220601;EcritureLib_0004;20221114;2097,56;0,00;D;BQ/994;;
BQ;Banque BQ;BQ/994;20220601;51200000;CompteLib_0002;;;22F9;20220601;EcritureLib_0004;20221114;0,00;2517,07;C;BQ/994;;
BQ;Banque BQ;BQ/995;20220601;64400000;CompteLib_0003;;;22F8;20220601;EcritureLib_0756;20221114;1300,00;0,00;D;BQ/995;;
BQ;Banque BQ;BQ/995;20220601;51200000;CompteLib_0002;;;22F8;20220601;EcritureLib_0756;20221114;0,00;1300,00;C;BQ/995;;
BQ;Banque BQ;BQ/996;20220601;70999999;CompteLib_0001;;;22F6;20220601;EcritureLib_0911;20221114;0,00;489,90;C;BQ/996;;
BQ;Banque BQ;BQ/996;20220601;51200000;CompteLib_0002;;;22F6;20220601;EcritureLib_0911;20221114;489,90;0,00;D;BQ/996;;
BQ;Banque BQ;BQ/997;20220601;70999999;CompteLib_0001;;;22F5;20220601;EcritureLib_0912;20221114;0,00;1,00;C;BQ/997;;
BQ;Banque BQ;BQ/997;20220601;51200000;CompteLib_0002;;;22F5;20220601;EcritureLib_0912;20221114;1,00;0,00;D;BQ/997;;
BQ;Banque BQ;BQ/998;20220601;70999999;CompteLib_0001;;;22F4;20220601;EcritureLib_0913;20221114;0,00;211,83;C;BQ/998;;
BQ;Banque BQ;BQ/998;20220601;51200000;CompteLib_0002;;;22F4;20220601;EcritureLib_0913;20221114;211,83;0,00;D;BQ/998;;
BQ;Banque BQ;BQ/999;20220602;62700000;CompteLib_0007;;;22F10;20220602;EcritureLib_0914;20221114;0,83;0,00;D;BQ/999;;
BQ;Banque BQ;BQ/999;20220602;51200000;CompteLib_0002;;;22F10;20220602;EcritureLib_0914;20221114;0,00;0,83;C;BQ/999;;
BQ;Banque BQ;BQ/1000;20220602;70999999;CompteLib_0001;;;22F12;20220602;EcritureLib_0915;20221114;0,00;127,70;C;BQ/1000;;
BQ;Banque BQ;BQ/1000;20220602;51200000;CompteLib_0002;;;22F12;20220602;EcritureLib_0915;20221114;127,70;0,00;D;BQ/1000;;
BQ;Banque BQ;BQ/1001;20220602;70999999;CompteLib_0001;;;22F13;20220602;EcritureLib_0916;20221114;0,00;196,80;C;BQ/1001;;
BQ;Banque BQ;BQ/1001;20220602;51200000;CompteLib_0002;;;22F13;20220602;EcritureLib_0916;20221114;196,80;0,00;D;BQ/1001;;
BQ;Banque BQ;BQ/1002;20220602;70999999;CompteLib_0001;;;22F14;20220602;EcritureLib_0917;20221114;0,00;26,41;C;BQ/1002;;
BQ;Banque BQ;BQ/1002;20220602;51200000;CompteLib_0002;;;22F14;20220602;EcritureLib_0917;20221114;26,41;0,00;D;BQ/1002;;
BQ;Banque BQ;BQ/1003;20220602;62700000;CompteLib_0007;;;22F11;20220602;EcritureLib_0918;20221114;1,27;0,00;D;BQ/1003;;
BQ;Banque BQ;BQ/1003;20220602;51200000;CompteLib_0002;;;22F11;20220602;EcritureLib_0918;20221114;0,00;1,27;C;BQ/1003;;
BQ;Banque BQ;BQ/1004;20220603;70999999;CompteLib_0001;;;22F17;20220603;EcritureLib_0919;20221114;0,00;83,80;C;BQ/1004;;
BQ;Banque BQ;BQ/1004;20220603;51200000;CompteLib_0002;;;22F17;20220603;EcritureLib_0919;20221114;83,80;0,00;D;BQ/1004;;
BQ;Banque BQ;BQ/1005;20220603;62700000;CompteLib_0007;;;22F16;20220603;EcritureLib_0920;20221114;2,61;0,00;D;BQ/1005;;
BQ;Banque BQ;BQ/1005;20220603;51200000;CompteLib_0002;;;22F16;20220603;EcritureLib_0920;20221114;0,00;2,61;C;BQ/1005;;
BQ;Banque BQ;BQ/1006;20220603;62700000;CompteLib_0007;;;22F15;20220603;EcritureLib_0921;20221114;0,54;0,00;D;BQ/1006;;
BQ;Banque BQ;BQ/1006;20220603;51200000;CompteLib_0002;;;22F15;20220603;EcritureLib_0921;20221114;0,00;0,54;C;BQ/1006;;
BQ;Banque BQ;BQ/1007;20220603;70999999;CompteLib_0001;;;22F18;20220603;EcritureLib_0922;20221114;0,00;403,80;C;BQ/1007;;
BQ;Banque BQ;BQ/1007;20220603;51200000;CompteLib_0002;;;22F18;20220603;EcritureLib_0922;20221114;403,80;0,00;D;BQ/1007;;
BQ;Banque BQ;BQ/1008;20220604;62700000;CompteLib_0007;;;22F55;20220604;EcritureLib_0923;20221114;3,34;0,00;D;BQ/1008;;
BQ;Banque BQ;BQ/1008;20220604;51200000;CompteLib_0002;;;22F55;20220604;EcritureLib_0923;20221114;0,00;3,34;C;BQ/1008;;
BQ;Banque BQ;BQ/1009;20220604;44566100;CompteLib_0005;;;22F19;20220604;EcritureLib_0924;20221114;30,72;0,00;D;BQ/1009;;
BQ;Banque BQ;BQ/1009;20220604;61351000;CompteLib_0023;;;22F19;20220604;EcritureLib_0924;20221114;153,61;0,00;D;BQ/1009;;
BQ;Banque BQ;BQ/1009;20220604;51200000;CompteLib_0002;;;22F19;20220604;EcritureLib_0924;20221114;0,00;184,33;C;BQ/1009;;
BQ;Banque BQ;BQ/1010;20220604;44566100;CompteLib_0005;;;22F20;20220604;EcritureLib_0925;20221114;5,78;0,00;D;BQ/1010;;
BQ;Banque BQ;BQ/1010;20220604;60630000;CompteLib_0009;;;22F20;20220604;EcritureLib_0925;20221114;28,87;0,00;D;BQ/1010;;
BQ;Banque BQ;BQ/1010;20220604;51200000;CompteLib_0002;;;22F20;20220604;EcritureLib_0925;20221114;0,00;34,65;C;BQ/1010;;
BQ;Banque BQ;BQ/1011;20220604;44566100;CompteLib_0005;;;22F21;20220604;EcritureLib_0925;20221114;0,02;0,00;D;BQ/1011;;
BQ;Banque BQ;BQ/1011;20220604;60630000;CompteLib_0009;;;22F21;20220604;EcritureLib_0925;20221114;0,30;0,00;D;BQ/1011;;
BQ;Banque BQ;BQ/1011;20220604;51200000;CompteLib_0002;;;22F21;20220604;EcritureLib_0925;20221114;0,00;0,32;C;BQ/1011;;
BQ;Banque BQ;BQ/1012;20220604;44566100;CompteLib_0005;;;22F22;20220604;EcritureLib_0926;20221114;1,36;0,00;D;BQ/1012;;
BQ;Banque BQ;BQ/1012;20220604;60100000;CompteLib_0008;;;22F22;20220604;EcritureLib_0926;20221114;24,64;0,00;D;BQ/1012;;
BQ;Banque BQ;BQ/1012;20220604;51200000;CompteLib_0002;;;22F22;20220604;EcritureLib_0926;20221114;0,00;26,00;C;BQ/1012;;
BQ;Banque BQ;BQ/1013;20220604;44566100;CompteLib_0005;;;22F23;20220604;EcritureLib_0927;20221114;0,16;0,00;D;BQ/1013;;
BQ;Banque BQ;BQ/1013;20220604;60100000;CompteLib_0008;;;22F23;20220604;EcritureLib_0927;20221114;3,00;0,00;D;BQ/1013;;
BQ;Banque BQ;BQ/1013;20220604;51200000;CompteLib_0002;;;22F23;20220604;EcritureLib_0927;20221114;0,00;3,16;C;BQ/1013;;
BQ;Banque BQ;BQ/1014;20220604;44566100;CompteLib_0005;;;22F24;20220604;EcritureLib_0928;20221114;2,50;0,00;D;BQ/1014;;
BQ;Banque BQ;BQ/1014;20220604;60640000;CompteLib_0016;;;22F24;20220604;EcritureLib_0928;20221114;12,48;0,00;D;BQ/1014;;
BQ;Banque BQ;BQ/1014;20220604;51200000;CompteLib_0002;;;22F24;20220604;EcritureLib_0928;20221114;0,00;14,98;C;BQ/1014;;
BQ;Banque BQ;BQ/1015;20220604;44566100;CompteLib_0005;;;22F25;20220604;EcritureLib_0929;20221114;3,25;0,00;D;BQ/1015;;
BQ;Banque BQ;BQ/1015;20220604;60640000;CompteLib_0016;;;22F25;20220604;EcritureLib_0929;20221114;16,24;0,00;D;BQ/1015;;
BQ;Banque BQ;BQ/1015;20220604;51200000;CompteLib_0002;;;22F25;20220604;EcritureLib_0929;20221114;0,00;19,49;C;BQ/1015;;
BQ;Banque BQ;BQ/1016;20220604;44566100;CompteLib_0005;;;22F26;20220604;EcritureLib_0930;20221114;18,33;0,00;D;BQ/1016;;
BQ;Banque BQ;BQ/1016;20220604;62810000;CompteLib_0012;;;22F26;20220604;EcritureLib_0930;20221114;91,66;0,00;D;BQ/1016;;
BQ;Banque BQ;BQ/1016;20220604;51200000;CompteLib_0002;;;22F26;20220604;EcritureLib_0930;20221114;0,00;109,99;C;BQ/1016;;
BQ;Banque BQ;BQ/1017;20220604;44566100;CompteLib_0005;;;22F27;20220604;EcritureLib_0931;20221114;0,71;0,00;D;BQ/1017;;
BQ;Banque BQ;BQ/1017;20220604;60630000;CompteLib_0009;;;22F27;20220604;EcritureLib_0931;20221114;3,53;0,00;D;BQ/1017;;
BQ;Banque BQ;BQ/1017;20220604;51200000;CompteLib_0002;;;22F27;20220604;EcritureLib_0931;20221114;0,00;4,24;C;BQ/1017;;
BQ;Banque BQ;BQ/1018;20220604;44566100;CompteLib_0005;;;22F28;20220604;EcritureLib_0932;20221114;0,55;0,00;D;BQ/1018;;
BQ;Banque BQ;BQ/1018;20220604;60100000;CompteLib_0008;;;22F28;20220604;EcritureLib_0932;20221114;9,95;0,00;D;BQ/1018;;
BQ;Banque BQ;BQ/1018;20220604;51200000;CompteLib_0002;;;22F28;20220604;EcritureLib_0932;20221114;0,00;10,50;C;BQ/1018;;
BQ;Banque BQ;BQ/1019;20220604;44566100;CompteLib_0005;;;22F29;20220604;EcritureLib_0932;20221114;0,36;0,00;D;BQ/1019;;
BQ;Banque BQ;BQ/1019;20220604;60100000;CompteLib_0008;;;22F29;20220604;EcritureLib_0932;20221114;1,79;0,00;D;BQ/1019;;
BQ;Banque BQ;BQ/1019;20220604;51200000;CompteLib_0002;;;22F29;20220604;EcritureLib_0932;20221114;0,00;2,15;C;BQ/1019;;
BQ;Banque BQ;BQ/1020;20220604;44566100;CompteLib_0005;;;22F30;20220604;EcritureLib_0933;20221114;0,83;0,00;D;BQ/1020;;
BQ;Banque BQ;BQ/1020;20220604;60100000;CompteLib_0008;;;22F30;20220604;EcritureLib_0933;20221114;15,07;0,00;D;BQ/1020;;
BQ;Banque BQ;BQ/1020;20220604;51200000;CompteLib_0002;;;22F30;20220604;EcritureLib_0933;20221114;0,00;15,90;C;BQ/1020;;
BQ;Banque BQ;BQ/1021;20220604;44566100;CompteLib_0005;;;22F31;20220604;EcritureLib_0933;20221114;0,25;0,00;D;BQ/1021;;
BQ;Banque BQ;BQ/1021;20220604;60100000;CompteLib_0008;;;22F31;20220604;EcritureLib_0933;20221114;1,25;0,00;D;BQ/1021;;
BQ;Banque BQ;BQ/1021;20220604;51200000;CompteLib_0002;;;22F31;20220604;EcritureLib_0933;20221114;0,00;1,50;C;BQ/1021;;
BQ;Banque BQ;BQ/1022;20220604;44566100;CompteLib_0005;;;22F32;20220604;EcritureLib_0934;20221114;0,30;0,00;D;BQ/1022;;
BQ;Banque BQ;BQ/1022;20220604;60100000;CompteLib_0008;;;22F32;20220604;EcritureLib_0934;20221114;5,53;0,00;D;BQ/1022;;
BQ;Banque BQ;BQ/1022;20220604;51200000;CompteLib_0002;;;22F32;20220604;EcritureLib_0934;20221114;0,00;5,83;C;BQ/1022;;
BQ;Banque BQ;BQ/1023;20220604;44566100;CompteLib_0005;;;22F33;20220604;EcritureLib_0934;20221114;0,11;0,00;D;BQ/1023;;
BQ;Banque BQ;BQ/1023;20220604;60100000;CompteLib_0008;;;22F33;20220604;EcritureLib_0934;20221114;1,99;0,00;D;BQ/1023;;
BQ;Banque BQ;BQ/1023;20220604;51200000;CompteLib_0002;;;22F33;20220604;EcritureLib_0934;20221114;0,00;2,10;C;BQ/1023;;
BQ;Banque BQ;BQ/1024;20220604;44566100;CompteLib_0005;;;22F34;20220604;EcritureLib_0935;20221114;0,47;0,00;D;BQ/1024;;
BQ;Banque BQ;BQ/1024;20220604;60100000;CompteLib_0008;;;22F34;20220604;EcritureLib_0935;20221114;8,53;0,00;D;BQ/1024;;
BQ;Banque BQ;BQ/1024;20220604;51200000;CompteLib_0002;;;22F34;20220604;EcritureLib_0935;20221114;0,00;9,00;C;BQ/1024;;
BQ;Banque BQ;BQ/1025;20220604;44566100;CompteLib_0005;;;22F35;20220604;EcritureLib_0936;20221114;2,56;0,00;D;BQ/1025;;
BQ;Banque BQ;BQ/1025;20220604;60100000;CompteLib_0008;;;22F35;20220604;EcritureLib_0936;20221114;12,77;0,00;D;BQ/1025;;
BQ;Banque BQ;BQ/1025;20220604;51200000;CompteLib_0002;;;22F35;20220604;EcritureLib_0936;20221114;0,00;15,33;C;BQ/1025;;
BQ;Banque BQ;BQ/1026;20220604;44566100;CompteLib_0005;;;22F36;20220604;EcritureLib_0937;20221114;0,18;0,00;D;BQ/1026;;
BQ;Banque BQ;BQ/1026;20220604;60100000;CompteLib_0008;;;22F36;20220604;EcritureLib_0937;20221114;3,29;0,00;D;BQ/1026;;
BQ;Banque BQ;BQ/1026;20220604;51200000;CompteLib_0002;;;22F36;20220604;EcritureLib_0937;20221114;0,00;3,47;C;BQ/1026;;
BQ;Banque BQ;BQ/1027;20220604;44566100;CompteLib_0005;;;22F37;20220604;EcritureLib_0937;20221114;0,47;0,00;D;BQ/1027;;
BQ;Banque BQ;BQ/1027;20220604;60100000;CompteLib_0008;;;22F37;20220604;EcritureLib_0937;20221114;2,32;0,00;D;BQ/1027;;
BQ;Banque BQ;BQ/1027;20220604;51200000;CompteLib_0002;;;22F37;20220604;EcritureLib_0937;20221114;0,00;2,79;C;BQ/1027;;
BQ;Banque BQ;BQ/1028;20220604;44566100;CompteLib_0005;;;22F38;20220604;EcritureLib_0938;20221114;0,28;0,00;D;BQ/1028;;
BQ;Banque BQ;BQ/1028;20220604;60100000;CompteLib_0008;;;22F38;20220604;EcritureLib_0938;20221114;1,39;0,00;D;BQ/1028;;
BQ;Banque BQ;BQ/1028;20220604;51200000;CompteLib_0002;;;22F38;20220604;EcritureLib_0938;20221114;0,00;1,67;C;BQ/1028;;
BQ;Banque BQ;BQ/1029;20220604;44566100;CompteLib_0005;;;22F39;20220604;EcritureLib_0938;20221114;0,05;0,00;D;BQ/1029;;
BQ;Banque BQ;BQ/1029;20220604;60100000;CompteLib_0008;;;22F39;20220604;EcritureLib_0938;20221114;0,87;0,00;D;BQ/1029;;
BQ;Banque BQ;BQ/1029;20220604;51200000;CompteLib_0002;;;22F39;20220604;EcritureLib_0938;20221114;0,00;0,92;C;BQ/1029;;
BQ;Banque BQ;BQ/1030;20220604;44566100;CompteLib_0005;;;22F40;20220604;EcritureLib_0939;20221114;1,67;0,00;D;BQ/1030;;
BQ;Banque BQ;BQ/1030;20220604;61351000;CompteLib_0023;;;22F40;20220604;EcritureLib_0939;20221114;8,33;0,00;D;BQ/1030;;
BQ;Banque BQ;BQ/1030;20220604;51200000;CompteLib_0002;;;22F40;20220604;EcritureLib_0939;20221114;0,00;10,00;C;BQ/1030;;
BQ;Banque BQ;BQ/1031;20220604;44566100;CompteLib_0005;;;22F41;20220604;EcritureLib_0940;20221114;2,92;0,00;D;BQ/1031;;
BQ;Banque BQ;BQ/1031;20220604;60630000;CompteLib_0009;;;22F41;20220604;EcritureLib_0940;20221114;14,58;0,00;D;BQ/1031;;
BQ;Banque BQ;BQ/1031;20220604;51200000;CompteLib_0002;;;22F41;20220604;EcritureLib_0940;20221114;0,00;17,50;C;BQ/1031;;
BQ;Banque BQ;BQ/1032;20220604;44566100;CompteLib_0005;;;22F42;20220604;EcritureLib_0941;20221114;1,97;0,00;D;BQ/1032;;
BQ;Banque BQ;BQ/1032;20220604;60100000;CompteLib_0008;;;22F42;20220604;EcritureLib_0941;20221114;35,78;0,00;D;BQ/1032;;
BQ;Banque BQ;BQ/1032;20220604;51200000;CompteLib_0002;;;22F42;20220604;EcritureLib_0941;20221114;0,00;37,75;C;BQ/1032;;
BQ;Banque BQ;BQ/1033;20220604;44566100;CompteLib_0005;;;22F43;20220604;EcritureLib_0942;20221114;6,81;0,00;D;BQ/1033;;
BQ;Banque BQ;BQ/1033;20220604;60100000;CompteLib_0008;;;22F43;20220604;EcritureLib_0942;20221114;123,74;0,00;D;BQ/1033;;
BQ;Banque BQ;BQ/1033;20220604;51200000;CompteLib_0002;;;22F43;20220604;EcritureLib_0942;20221114;0,00;130,55;C;BQ/1033;;
BQ;Banque BQ;BQ/1034;20220604;44566100;CompteLib_0005;;;22F44;20220604;EcritureLib_0943;20221114;87,24;0,00;D;BQ/1034;;
BQ;Banque BQ;BQ/1034;20220604;60100000;CompteLib_0008;;;22F44;20220604;EcritureLib_0943;20221114;436,19;0,00;D;BQ/1034;;
BQ;Banque BQ;BQ/1034;20220604;51200000;CompteLib_0002;;;22F44;20220604;EcritureLib_0943;20221114;0,00;523,43;C;BQ/1034;;
BQ;Banque BQ;BQ/1035;20220604;44566100;CompteLib_0005;;;22F45;20220604;EcritureLib_0943;20221114;19,61;0,00;D;BQ/1035;;
BQ;Banque BQ;BQ/1035;20220604;60100000;CompteLib_0008;;;22F45;20220604;EcritureLib_0943;20221114;356,49;0,00;D;BQ/1035;;
BQ;Banque BQ;BQ/1035;20220604;51200000;CompteLib_0002;;;22F45;20220604;EcritureLib_0943;20221114;0,00;376,10;C;BQ/1035;;
BQ;Banque BQ;BQ/1036;20220604;44566100;CompteLib_0005;;;22F46;20220604;EcritureLib_0944;20221114;0,59;0,00;D;BQ/1036;;
BQ;Banque BQ;BQ/1036;20220604;60400000;CompteLib_0010;;;22F46;20220604;EcritureLib_0944;20221114;5,91;0,00;D;BQ/1036;;
BQ;Banque BQ;BQ/1036;20220604;51200000;CompteLib_0002;;;22F46;20220604;EcritureLib_0944;20221114;0,00;6,50;C;BQ/1036;;
BQ;Banque BQ;BQ/1037;20220604;44566100;CompteLib_0005;;;22F47;20220604;EcritureLib_0945;20221114;2,67;0,00;D;BQ/1037;;
BQ;Banque BQ;BQ/1037;20220604;60100000;CompteLib_0008;;;22F47;20220604;EcritureLib_0945;20221114;48,63;0,00;D;BQ/1037;;
BQ;Banque BQ;BQ/1037;20220604;51200000;CompteLib_0002;;;22F47;20220604;EcritureLib_0945;20221114;0,00;51,30;C;BQ/1037;;
BQ;Banque BQ;BQ/1038;20220604;44566100;CompteLib_0005;;;22F48;20220604;EcritureLib_0946;20221114;1,93;0,00;D;BQ/1038;;
BQ;Banque BQ;BQ/1038;20220604;60100000;CompteLib_0008;;;22F48;20220604;EcritureLib_0946;20221114;35,06;0,00;D;BQ/1038;;
BQ;Banque BQ;BQ/1038;20220604;51200000;CompteLib_0002;;;22F48;20220604;EcritureLib_0946;20221114;0,00;36,99;C;BQ/1038;;
BQ;Banque BQ;BQ/1039;20220604;44566100;CompteLib_0005;;;22F49;20220604;EcritureLib_0947;20221114;3,68;0,00;D;BQ/1039;;
BQ;Banque BQ;BQ/1039;20220604;60100000;CompteLib_0008;;;22F49;20220604;EcritureLib_0947;20221114;66,90;0,00;D;BQ/1039;;
BQ;Banque BQ;BQ/1039;20220604;51200000;CompteLib_0002;;;22F49;20220604;EcritureLib_0947;20221114;0,00;70,58;C;BQ/1039;;
BQ;Banque BQ;BQ/1040;20220604;44566100;CompteLib_0005;;;22F50;20220604;EcritureLib_0948;20221114;1,67;0,00;D;BQ/1040;;
BQ;Banque BQ;BQ/1040;20220604;62810000;CompteLib_0012;;;22F50;20220604;EcritureLib_0948;20221114;8,32;0,00;D;BQ/1040;;
BQ;Banque BQ;BQ/1040;20220604;51200000;CompteLib_0002;;;22F50;20220604;EcritureLib_0948;20221114;0,00;9,99;C;BQ/1040;;
BQ;Banque BQ;BQ/1041;20220604;62510000;CompteLib_0035;;;22F51;20220604;EcritureLib_0949;20221114;1,90;0,00;D;BQ/1041;;
BQ;Banque BQ;BQ/1041;20220604;51200000;CompteLib_0002;;;22F51;20220604;EcritureLib_0949;20221114;0,00;1,90;C;BQ/1041;;
BQ;Banque BQ;BQ/1042;20220604;44566100;CompteLib_0005;;;22F52;20220604;EcritureLib_0950;20221114;19,33;0,00;D;BQ/1042;;
BQ;Banque BQ;BQ/1042;20220604;62310000;CompteLib_0015;;;22F52;20220604;EcritureLib_0950;20221114;96,66;0,00;D;BQ/1042;;
BQ;Banque BQ;BQ/1042;20220604;51200000;CompteLib_0002;;;22F52;20220604;EcritureLib_0950;20221114;0,00;115,99;C;BQ/1042;;
BQ;Banque BQ;BQ/1043;20220604;44566100;CompteLib_0005;;;22F53;20220604;EcritureLib_0951;20221114;30,51;0,00;D;BQ/1043;;
BQ;Banque BQ;BQ/1043;20220604;60100000;CompteLib_0008;;;22F53;20220604;EcritureLib_0951;20221114;554,66;0,00;D;BQ/1043;;
BQ;Banque BQ;BQ/1043;20220604;51200000;CompteLib_0002;;;22F53;20220604;EcritureLib_0951;20221114;0,00;585,17;C;BQ/1043;;
BQ;Banque BQ;BQ/1044;20220604;62700000;CompteLib_0007;;;22F54;20220604;EcritureLib_0952;20221114;1,63;0,00;D;BQ/1044;;
BQ;Banque BQ;BQ/1044;20220604;51200000;CompteLib_0002;;;22F54;20220604;EcritureLib_0952;20221114;0,00;1,63;C;BQ/1044;;
BQ;Banque BQ;BQ/1045;20220604;70999999;CompteLib_0001;;;22F56;20220604;EcritureLib_0953;20221114;0,00;252,30;C;BQ/1045;;
BQ;Banque BQ;BQ/1045;20220604;51200000;CompteLib_0002;;;22F56;20220604;EcritureLib_0953;20221114;252,30;0,00;D;BQ/1045;;
BQ;Banque BQ;BQ/1046;20220604;70999999;CompteLib_0001;;;22F57;20220604;EcritureLib_0954;20221114;0,00;497,68;C;BQ/1046;;
BQ;Banque BQ;BQ/1046;20220604;51200000;CompteLib_0002;;;22F57;20220604;EcritureLib_0954;20221114;497,68;0,00;D;BQ/1046;;
BQ;Banque BQ;BQ/1047;20220604;44566100;CompteLib_0005;;;22F58;20220604;EcritureLib_0955;20221114;2,87;0,00;D;BQ/1047;;
BQ;Banque BQ;BQ/1047;20220604;60100000;CompteLib_0008;;;22F58;20220604;EcritureLib_0955;20221114;52,16;0,00;D;BQ/1047;;
BQ;Banque BQ;BQ/1047;20220604;51200000;CompteLib_0002;;;22F58;20220604;EcritureLib_0955;20221114;0,00;55,03;C;BQ/1047;;
BQ;Banque BQ;BQ/1048;20220604;44566100;CompteLib_0005;;;22F59;20220604;EcritureLib_0955;20221114;7,36;0,00;D;BQ/1048;;
BQ;Banque BQ;BQ/1048;20220604;60100000;CompteLib_0008;;;22F59;20220604;EcritureLib_0955;20221114;36,80;0,00;D;BQ/1048;;
BQ;Banque BQ;BQ/1048;20220604;51200000;CompteLib_0002;;;22F59;20220604;EcritureLib_0955;20221114;0,00;44,16;C;BQ/1048;;
BQ;Banque BQ;BQ/1049;20220604;44566100;CompteLib_0005;;;22F60;20220604;EcritureLib_0956;20221114;4,87;0,00;D;BQ/1049;;
BQ;Banque BQ;BQ/1049;20220604;60100000;CompteLib_0008;;;22F60;20220604;EcritureLib_0956;20221114;24,34;0,00;D;BQ/1049;;
BQ;Banque BQ;BQ/1049;20220604;51200000;CompteLib_0002;;;22F60;20220604;EcritureLib_0956;20221114;0,00;29,21;C;BQ/1049;;
BQ;Banque BQ;BQ/1050;20220604;44566100;CompteLib_0005;;;22F61;20220604;EcritureLib_0956;20221114;0,74;0,00;D;BQ/1050;;
BQ;Banque BQ;BQ/1050;20220604;60100000;CompteLib_0008;;;22F61;20220604;EcritureLib_0956;20221114;13,54;0,00;D;BQ/1050;;
BQ;Banque BQ;BQ/1050;20220604;51200000;CompteLib_0002;;;22F61;20220604;EcritureLib_0956;20221114;0,00;14,28;C;BQ/1050;;
BQ;Banque BQ;BQ/1051;20220606;62700000;CompteLib_0007;;;22F67;20220606;EcritureLib_0957;20221114;1,91;0,00;D;BQ/1051;;
BQ;Banque BQ;BQ/1051;20220606;51200000;CompteLib_0002;;;22F67;20220606;EcritureLib_0957;20221114;0,00;1,91;C;BQ/1051;;
BQ;Banque BQ;BQ/1052;20220606;70999999;CompteLib_0001;;;22F68;20220606;EcritureLib_0958;20221114;0,00;645,94;C;BQ/1052;;
BQ;Banque BQ;BQ/1052;20220606;51200000;CompteLib_0002;;;22F68;20220606;EcritureLib_0958;20221114;645,94;0,00;D;BQ/1052;;
BQ;Banque BQ;BQ/1053;20220606;70999999;CompteLib_0001;;;22F69;20220606;EcritureLib_0959;20221114;0,00;293,11;C;BQ/1053;;
BQ;Banque BQ;BQ/1053;20220606;51200000;CompteLib_0002;;;22F69;20220606;EcritureLib_0959;20221114;293,11;0,00;D;BQ/1053;;
BQ;Banque BQ;BQ/1054;20220606;44566100;CompteLib_0005;;;22F64;20220606;EcritureLib_0960;20221114;5,80;0,00;D;BQ/1054;;
BQ;Banque BQ;BQ/1054;20220606;61100000;CompteLib_0011;;;22F64;20220606;EcritureLib_0960;20221114;29,00;0,00;D;BQ/1054;;
BQ;Banque BQ;BQ/1054;20220606;51200000;CompteLib_0002;;;22F64;20220606;EcritureLib_0960;20221114;0,00;34,80;C;BQ/1054;;
BQ;Banque BQ;BQ/1055;20220606;16400000;CompteLib_0018;;;22F63;20220606;EcritureLib_0961;20221114;754,24;0,00;D;BQ/1055;;
BQ;Banque BQ;BQ/1055;20220606;51200000;CompteLib_0002;;;22F63;20220606;EcritureLib_0961;20221114;0,00;754,24;C;BQ/1055;;
BQ;Banque BQ;BQ/1056;20220606;44566100;CompteLib_0005;;;22F62;20220606;EcritureLib_0962;20221114;53,60;0,00;D;BQ/1056;;
BQ;Banque BQ;BQ/1056;20220606;61350000;CompteLib_0023;;;22F62;20220606;EcritureLib_0962;20221114;268,00;0,00;D;BQ/1056;;
BQ;Banque BQ;BQ/1056;20220606;51200000;CompteLib_0002;;;22F62;20220606;EcritureLib_0962;20221114;0,00;321,60;C;BQ/1056;;
BQ;Banque BQ;BQ/1057;20220606;70999999;CompteLib_0001;;;22F65;20220606;EcritureLib_0963;20221114;0,00;32,90;C;BQ/1057;;
BQ;Banque BQ;BQ/1057;20220606;51200000;CompteLib_0002;;;22F65;20220606;EcritureLib_0963;20221114;32,90;0,00;D;BQ/1057;;
BQ;Banque BQ;BQ/1058;20220606;62700000;CompteLib_0007;;;22F66;20220606;EcritureLib_0964;20221114;4,47;0,00;D;BQ/1058;;
BQ;Banque BQ;BQ/1058;20220606;51200000;CompteLib_0002;;;22F66;20220606;EcritureLib_0964;20221114;0,00;4,47;C;BQ/1058;;
BQ;Banque BQ;BQ/1059;20220607;44566100;CompteLib_0005;;;22F71;20220607;EcritureLib_0965;20221114;5,05;0,00;D;BQ/1059;;
BQ;Banque BQ;BQ/1059;20220607;60610000;CompteLib_0022;;;22F71;20220607;EcritureLib_0965;20221114;25,23;0,00;D;BQ/1059;;
BQ;Banque BQ;BQ/1059;20220607;51200000;CompteLib_0002;;;22F71;20220607;EcritureLib_0965;20221114;0,00;30,28;C;BQ/1059;;
BQ;Banque BQ;BQ/1060;20220607;44566100;CompteLib_0005;;;22F72;20220607;EcritureLib_0966;20221114;122,47;0,00;D;BQ/1060;;
BQ;Banque BQ;BQ/1060;20220607;60610000;CompteLib_0022;;;22F72;20220607;EcritureLib_0966;20221114;612,35;0,00;D;BQ/1060;;
BQ;Banque BQ;BQ/1060;20220607;51200000;CompteLib_0002;;;22F72;20220607;EcritureLib_0966;20221114;0,00;734,82;C;BQ/1060;;
BQ;Banque BQ;BQ/1061;20220607;64500000;CompteLib_0019;;;22F70;20220607;EcritureLib_0967;20221114;383,00;0,00;D;BQ/1061;;
BQ;Banque BQ;BQ/1061;20220607;51200000;CompteLib_0002;;;22F70;20220607;EcritureLib_0967;20221114;0,00;383,00;C;BQ/1061;;
BQ;Banque BQ;BQ/1062;20220608;44566100;CompteLib_0005;;;22F73;20220608;EcritureLib_0070;20221114;5,11;0,00;D;BQ/1062;;
BQ;Banque BQ;BQ/1062;20220608;62700000;CompteLib_0007;;;22F73;20220608;EcritureLib_0070;20221114;25,56;0,00;D;BQ/1062;;
BQ;Banque BQ;BQ/1062;20220608;51200000;CompteLib_0002;;;22F73;20220608;EcritureLib_0070;20221114;0,00;30,67;C;BQ/1062;;
BQ;Banque BQ;BQ/1063;20220608;70999999;CompteLib_0001;;;22F77;20220608;EcritureLib_0968;20221114;0,00;166,70;C;BQ/1063;;
BQ;Banque BQ;BQ/1063;20220608;51200000;CompteLib_0002;;;22F77;20220608;EcritureLib_0968;20221114;166,70;0,00;D;BQ/1063;;
BQ;Banque BQ;BQ/1064;20220608;70999999;CompteLib_0001;;;22F76;20220608;EcritureLib_0969;20221114;0,00;36,48;C;BQ/1064;;
BQ;Banque BQ;BQ/1064;20220608;51200000;CompteLib_0002;;;22F76;20220608;EcritureLib_0969;20221114;36,48;0,00;D;BQ/1064;;
BQ;Banque BQ;BQ/1065;20220608;62700000;CompteLib_0007;;;22F75;20220608;EcritureLib_0970;20221114;1,09;0,00;D;BQ/1065;;
BQ;Banque BQ;BQ/1065;20220608;51200000;CompteLib_0002;;;22F75;20220608;EcritureLib_0970;20221114;0,00;1,09;C;BQ/1065;;
BQ;Banque BQ;BQ/1066;20220608;62700000;CompteLib_0007;;;22F74;20220608;EcritureLib_0971;20221114;0,24;0,00;D;BQ/1066;;
BQ;Banque BQ;BQ/1066;20220608;51200000;CompteLib_0002;;;22F74;20220608;EcritureLib_0971;20221114;0,00;0,24;C;BQ/1066;;
BQ;Banque BQ;BQ/1067;20220609;70999999;CompteLib_0001;;;22F82;20220609;EcritureLib_0972;20221114;0,00;111,87;C;BQ/1067;;
BQ;Banque BQ;BQ/1067;20220609;51200000;CompteLib_0002;;;22F82;20220609;EcritureLib_0972;20221114;111,87;0,00;D;BQ/1067;;
BQ;Banque BQ;BQ/1068;20220609;62700000;CompteLib_0007;;;22F79;20220609;EcritureLib_0973;20221114;1,09;0,00;D;BQ/1068;;
BQ;Banque BQ;BQ/1068;20220609;51200000;CompteLib_0002;;;22F79;20220609;EcritureLib_0973;20221114;0,00;1,09;C;BQ/1068;;
BQ;Banque BQ;BQ/1069;20220609;62700000;CompteLib_0007;;;22F78;20220609;EcritureLib_0974;20221114;0,48;0,00;D;BQ/1069;;
BQ;Banque BQ;BQ/1069;20220609;51200000;CompteLib_0002;;;22F78;20220609;EcritureLib_0974;20221114;0,00;0,48;C;BQ/1069;;
BQ;Banque BQ;BQ/1070;20220609;70999999;CompteLib_0001;;;22F81;20220609;EcritureLib_0975;20221114;0,00;167,15;C;BQ/1070;;
BQ;Banque BQ;BQ/1070;20220609;51200000;CompteLib_0002;;;22F81;20220609;EcritureLib_0975;20221114;167,15;0,00;D;BQ/1070;;
BQ;Banque BQ;BQ/1071;20220609;70999999;CompteLib_0001;;;22F80;20220609;EcritureLib_0976;20221114;0,00;74,40;C;BQ/1071;;
BQ;Banque BQ;BQ/1071;20220609;51200000;CompteLib_0002;;;22F80;20220609;EcritureLib_0976;20221114;74,40;0,00;D;BQ/1071;;
BQ;Banque BQ;BQ/1072;20220610;62700000;CompteLib_0007;;;22F84;20220610;EcritureLib_0977;20221114;1,35;0,00;D;BQ/1072;;
BQ;Banque BQ;BQ/1072;20220610;51200000;CompteLib_0002;;;22F84;20220610;EcritureLib_0977;20221114;0,00;1,35;C;BQ/1072;;
BQ;Banque BQ;BQ/1073;20220610;62700000;CompteLib_0007;;;22F83;20220610;EcritureLib_0978;20221114;1,83;0,00;D;BQ/1073;;
BQ;Banque BQ;BQ/1073;20220610;51200000;CompteLib_0002;;;22F83;20220610;EcritureLib_0978;20221114;0,00;1,83;C;BQ/1073;;
BQ;Banque BQ;BQ/1074;20220610;70999999;CompteLib_0001;;;22F87;20220610;EcritureLib_0979;20221114;0,00;56,62;C;BQ/1074;;
BQ;Banque BQ;BQ/1074;20220610;51200000;CompteLib_0002;;;22F87;20220610;EcritureLib_0979;20221114;56,62;0,00;D;BQ/1074;;
BQ;Banque BQ;BQ/1075;20220610;70999999;CompteLib_0001;;;22F86;20220610;EcritureLib_0980;20221114;0,00;194,81;C;BQ/1075;;
BQ;Banque BQ;BQ/1075;20220610;51200000;CompteLib_0002;;;22F86;20220610;EcritureLib_0980;20221114;194,81;0,00;D;BQ/1075;;
BQ;Banque BQ;BQ/1076;20220610;70999999;CompteLib_0001;;;22F85;20220610;EcritureLib_0981;20221114;0,00;221,50;C;BQ/1076;;
BQ;Banque BQ;BQ/1076;20220610;51200000;CompteLib_0002;;;22F85;20220610;EcritureLib_0981;20221114;221,50;0,00;D;BQ/1076;;
BQ;Banque BQ;BQ/1077;20220611;62700000;CompteLib_0007;;;22F93;20220611;EcritureLib_0982;20221114;1,04;0,00;D;BQ/1077;;
BQ;Banque BQ;BQ/1077;20220611;51200000;CompteLib_0002;;;22F93;20220611;EcritureLib_0982;20221114;0,00;1,04;C;BQ/1077;;
BQ;Banque BQ;BQ/1078;20220611;44566100;CompteLib_0005;;;22F90;20220611;EcritureLib_0983;20221114;15,53;0,00;D;BQ/1078;;
BQ;Banque BQ;BQ/1078;20220611;60100000;CompteLib_0008;;;22F90;20220611;EcritureLib_0983;20221114;282,31;0,00;D;BQ/1078;;
BQ;Banque BQ;BQ/1078;20220611;51200000;CompteLib_0002;;;22F90;20220611;EcritureLib_0983;20221114;0,00;297,84;C;BQ/1078;;
BQ;Banque BQ;BQ/1079;20220611;62700000;CompteLib_0007;;;22F92;20220611;EcritureLib_0984;20221114;0,41;0,00;D;BQ/1079;;
BQ;Banque BQ;BQ/1079;20220611;51200000;CompteLib_0002;;;22F92;20220611;EcritureLib_0984;20221114;0,00;0,41;C;BQ/1079;;
BQ;Banque BQ;BQ/1080;20220611;70999999;CompteLib_0001;;;22F89;20220611;EcritureLib_0985;20221114;0,00;158,80;C;BQ/1080;;
BQ;Banque BQ;BQ/1080;20220611;51200000;CompteLib_0002;;;22F89;20220611;EcritureLib_0985;20221114;158,80;0,00;D;BQ/1080;;
BQ;Banque BQ;BQ/1081;20220611;70999999;CompteLib_0001;;;22F88;20220611;EcritureLib_0986;20221114;0,00;63,40;C;BQ/1081;;
BQ;Banque BQ;BQ/1081;20220611;51200000;CompteLib_0002;;;22F88;20220611;EcritureLib_0986;20221114;63,40;0,00;D;BQ/1081;;
BQ;Banque BQ;BQ/1082;20220611;62700000;CompteLib_0007;;;22F91;20220611;EcritureLib_0987;20221114;2,05;0,00;D;BQ/1082;;
BQ;Banque BQ;BQ/1082;20220611;51200000;CompteLib_0002;;;22F91;20220611;EcritureLib_0987;20221114;0,00;2,05;C;BQ/1082;;
BQ;Banque BQ;BQ/1083;20220611;70999999;CompteLib_0001;;;22F94;20220611;EcritureLib_0988;20221114;0,00;314,30;C;BQ/1083;;
BQ;Banque BQ;BQ/1083;20220611;51200000;CompteLib_0002;;;22F94;20220611;EcritureLib_0988;20221114;314,30;0,00;D;BQ/1083;;
BQ;Banque BQ;BQ/1084;20220613;61600000;CompteLib_0021;;;22F102;20220613;EcritureLib_0989;20221114;20,35;0,00;D;BQ/1084;;
BQ;Banque BQ;BQ/1084;20220613;51200000;CompteLib_0002;;;22F102;20220613;EcritureLib_0989;20221114;0,00;20,35;C;BQ/1084;;
BQ;Banque BQ;BQ/1085;20220613;61600000;CompteLib_0021;;;22F97;20220613;EcritureLib_0990;20221114;13,63;0,00;D;BQ/1085;;
BQ;Banque BQ;BQ/1085;20220613;51200000;CompteLib_0002;;;22F97;20220613;EcritureLib_0990;20221114;0,00;13,63;C;BQ/1085;;
BQ;Banque BQ;BQ/1086;20220613;62700000;CompteLib_0007;;;22F96;20220613;EcritureLib_0991;20221114;1,20;0,00;D;BQ/1086;;
BQ;Banque BQ;BQ/1086;20220613;51200000;CompteLib_0002;;;22F96;20220613;EcritureLib_0991;20221114;0,00;1,20;C;BQ/1086;;
BQ;Banque BQ;BQ/1087;20220613;62700000;CompteLib_0007;;;22F95;20220613;EcritureLib_0992;20221114;3,60;0,00;D;BQ/1087;;
BQ;Banque BQ;BQ/1087;20220613;51200000;CompteLib_0002;;;22F95;20220613;EcritureLib_0992;20221114;0,00;3,60;C;BQ/1087;;
BQ;Banque BQ;BQ/1088;20220613;61600000;CompteLib_0021;;;22F98;20220613;EcritureLib_0993;20221114;20,35;0,00;D;BQ/1088;;
BQ;Banque BQ;BQ/1088;20220613;51200000;CompteLib_0002;;;22F98;20220613;EcritureLib_0993;20221114;0,00;20,35;C;BQ/1088;;
BQ;Banque BQ;BQ/1089;20220613;61600000;CompteLib_0021;;;22F99;20220613;EcritureLib_0994;20221114;36,91;0,00;D;BQ/1089;;
BQ;Banque BQ;BQ/1089;20220613;51200000;CompteLib_0002;;;22F99;20220613;EcritureLib_0994;20221114;0,00;36,91;C;BQ/1089;;
BQ;Banque BQ;BQ/1090;20220613;61600000;CompteLib_0021;;;22F100;20220613;EcritureLib_0995;20221114;36,91;0,00;D;BQ/1090;;
BQ;Banque BQ;BQ/1090;20220613;51200000;CompteLib_0002;;;22F100;20220613;EcritureLib_0995;20221114;0,00;36,91;C;BQ/1090;;
BQ;Banque BQ;BQ/1091;20220613;61600000;CompteLib_0021;;;22F101;20220613;EcritureLib_0996;20221114;13,63;0,00;D;BQ/1091;;
BQ;Banque BQ;BQ/1091;20220613;51200000;CompteLib_0002;;;22F101;20220613;EcritureLib_0996;20221114;0,00;13,63;C;BQ/1091;;
BQ;Banque BQ;BQ/1092;20220613;70999999;CompteLib_0001;;;22F103;20220613;EcritureLib_0997;20221114;0,00;520,70;C;BQ/1092;;
BQ;Banque BQ;BQ/1092;20220613;51200000;CompteLib_0002;;;22F103;20220613;EcritureLib_0997;20221114;520,70;0,00;D;BQ/1092;;
BQ;Banque BQ;BQ/1093;20220613;70999999;CompteLib_0001;;;22F104;20220613;EcritureLib_0998;20221114;0,00;184,15;C;BQ/1093;;
BQ;Banque BQ;BQ/1093;20220613;51200000;CompteLib_0002;;;22F104;20220613;EcritureLib_0998;20221114;184,15;0,00;D;BQ/1093;;
BQ;Banque BQ;BQ/1094;20220614;44571800;CompteLib_0024;;;22F105;20220614;EcritureLib_0999;20221114;0,00;8,18;C;BQ/1094;;
BQ;Banque BQ;BQ/1094;20220614;70180000;CompteLib_0025;;;22F105;20220614;EcritureLib_0999;20221114;0,00;81,82;C;BQ/1094;;
BQ;Banque BQ;BQ/1094;20220614;51200000;CompteLib_0002;;;22F105;20220614;EcritureLib_0999;20221114;90,00;0,00;D;BQ/1094;;
BQ;Banque BQ;BQ/1095;20220615;62700000;CompteLib_0007;;;22F106;20220615;EcritureLib_1000;20221114;1,11;0,00;D;BQ/1095;;
BQ;Banque BQ;BQ/1095;20220615;51200000;CompteLib_0002;;;22F106;20220615;EcritureLib_1000;20221114;0,00;1,11;C;BQ/1095;;
BQ;Banque BQ;BQ/1096;20220615;70999999;CompteLib_0001;;;22F108;20220615;EcritureLib_1001;20221114;0,00;171,20;C;BQ/1096;;
BQ;Banque BQ;BQ/1096;20220615;51200000;CompteLib_0002;;;22F108;20220615;EcritureLib_1001;20221114;171,20;0,00;D;BQ/1096;;
BQ;Banque BQ;BQ/1097;20220615;70999999;CompteLib_0001;;;22F110;20220615;EcritureLib_1002;20221114;0,00;56,62;C;BQ/1097;;
BQ;Banque BQ;BQ/1097;20220615;51200000;CompteLib_0002;;;22F110;20220615;EcritureLib_1002;20221114;56,62;0,00;D;BQ/1097;;
BQ;Banque BQ;BQ/1098;20220615;70999999;CompteLib_0001;;;22F109;20220615;EcritureLib_1003;20221114;0,00;207,90;C;BQ/1098;;
BQ;Banque BQ;BQ/1098;20220615;51200000;CompteLib_0002;;;22F109;20220615;EcritureLib_1003;20221114;207,90;0,00;D;BQ/1098;;
BQ;Banque BQ;BQ/1099;20220615;62700000;CompteLib_0007;;;22F107;20220615;EcritureLib_1004;20221114;1,47;0,00;D;BQ/1099;;
BQ;Banque BQ;BQ/1099;20220615;51200000;CompteLib_0002;;;22F107;20220615;EcritureLib_1004;20221114;0,00;1,47;C;BQ/1099;;
BQ;Banque BQ;BQ/1100;20220616;64500000;CompteLib_0019;;;22F113;20220616;EcritureLib_1005;20221114;586,00;0,00;D;BQ/1100;;
BQ;Banque BQ;BQ/1100;20220616;51200000;CompteLib_0002;;;22F113;20220616;EcritureLib_1005;20221114;0,00;586,00;C;BQ/1100;;
BQ;Banque BQ;BQ/1101;20220616;62700000;CompteLib_0007;;;22F111;20220616;EcritureLib_1006;20221114;2,48;0,00;D;BQ/1101;;
BQ;Banque BQ;BQ/1101;20220616;51200000;CompteLib_0002;;;22F111;20220616;EcritureLib_1006;20221114;0,00;2,48;C;BQ/1101;;
BQ;Banque BQ;BQ/1102;20220616;62700000;CompteLib_0007;;;22F112;20220616;EcritureLib_1007;20221114;0,88;0,00;D;BQ/1102;;
BQ;Banque BQ;BQ/1102;20220616;51200000;CompteLib_0002;;;22F112;20220616;EcritureLib_1007;20221114;0,00;0,88;C;BQ/1102;;
BQ;Banque BQ;BQ/1103;20220616;70999999;CompteLib_0001;;;22F116;20220616;EcritureLib_1008;20221114;0,00;63,51;C;BQ/1103;;
BQ;Banque BQ;BQ/1103;20220616;51200000;CompteLib_0002;;;22F116;20220616;EcritureLib_1008;20221114;63,51;0,00;D;BQ/1103;;
BQ;Banque BQ;BQ/1104;20220616;70999999;CompteLib_0001;;;22F115;20220616;EcritureLib_1009;20221114;0,00;136,70;C;BQ/1104;;
BQ;Banque BQ;BQ/1104;20220616;51200000;CompteLib_0002;;;22F115;20220616;EcritureLib_1009;20221114;136,70;0,00;D;BQ/1104;;
BQ;Banque BQ;BQ/1105;20220616;70999999;CompteLib_0001;;;22F114;20220616;EcritureLib_1010;20221114;0,00;381,50;C;BQ/1105;;
BQ;Banque BQ;BQ/1105;20220616;51200000;CompteLib_0002;;;22F114;20220616;EcritureLib_1010;20221114;381,50;0,00;D;BQ/1105;;
BQ;Banque BQ;BQ/1106;20220617;70999999;CompteLib_0001;;;22F119;20220617;EcritureLib_1011;20221114;0,00;228,20;C;BQ/1106;;
BQ;Banque BQ;BQ/1106;20220617;51200000;CompteLib_0002;;;22F119;20220617;EcritureLib_1011;20221114;228,20;0,00;D;BQ/1106;;
BQ;Banque BQ;BQ/1107;20220617;70999999;CompteLib_0001;;;22F121;20220617;EcritureLib_1012;20221114;0,00;38,15;C;BQ/1107;;
BQ;Banque BQ;BQ/1107;20220617;51200000;CompteLib_0002;;;22F121;20220617;EcritureLib_1012;20221114;38,15;0,00;D;BQ/1107;;
BQ;Banque BQ;BQ/1108;20220617;70999999;CompteLib_0001;;;22F122;20220617;EcritureLib_1013;20221114;0,00;45,20;C;BQ/1108;;
BQ;Banque BQ;BQ/1108;20220617;51200000;CompteLib_0002;;;22F122;20220617;EcritureLib_1013;20221114;45,20;0,00;D;BQ/1108;;
BQ;Banque BQ;BQ/1109;20220617;62700000;CompteLib_0007;;;22F117;20220617;EcritureLib_1014;20221114;1,49;0,00;D;BQ/1109;;
BQ;Banque BQ;BQ/1109;20220617;51200000;CompteLib_0002;;;22F117;20220617;EcritureLib_1014;20221114;0,00;1,49;C;BQ/1109;;
BQ;Banque BQ;BQ/1110;20220617;62700000;CompteLib_0007;;;22F118;20220617;EcritureLib_1015;20221114;1,45;0,00;D;BQ/1110;;
BQ;Banque BQ;BQ/1110;20220617;51200000;CompteLib_0002;;;22F118;20220617;EcritureLib_1015;20221114;0,00;1,45;C;BQ/1110;;
BQ;Banque BQ;BQ/1111;20220617;70999999;CompteLib_0001;;;22F120;20220617;EcritureLib_1016;20221114;0,00;205,20;C;BQ/1111;;
BQ;Banque BQ;BQ/1111;20220617;51200000;CompteLib_0002;;;22F120;20220617;EcritureLib_1016;20221114;205,20;0,00;D;BQ/1111;;
BQ;Banque BQ;BQ/1112;20220618;62700000;CompteLib_0007;;;22F125;20220618;EcritureLib_1017;20221114;2,91;0,00;D;BQ/1112;;
BQ;Banque BQ;BQ/1112;20220618;51200000;CompteLib_0002;;;22F125;20220618;EcritureLib_1017;20221114;0,00;2,91;C;BQ/1112;;
BQ;Banque BQ;BQ/1113;20220618;62700000;CompteLib_0007;;;22F124;20220618;EcritureLib_1018;20221114;1,57;0,00;D;BQ/1113;;
BQ;Banque BQ;BQ/1113;20220618;51200000;CompteLib_0002;;;22F124;20220618;EcritureLib_1018;20221114;0,00;1,57;C;BQ/1113;;
BQ;Banque BQ;BQ/1114;20220618;62700000;CompteLib_0007;;;22F123;20220618;EcritureLib_1019;20221114;0,18;0,00;D;BQ/1114;;
BQ;Banque BQ;BQ/1114;20220618;51200000;CompteLib_0002;;;22F123;20220618;EcritureLib_1019;20221114;0,00;0,18;C;BQ/1114;;
BQ;Banque BQ;BQ/1115;20220618;70999999;CompteLib_0001;;;22F128;20220618;EcritureLib_1020;20221114;0,00;409,80;C;BQ/1115;;
BQ;Banque BQ;BQ/1115;20220618;51200000;CompteLib_0002;;;22F128;20220618;EcritureLib_1020;20221114;409,80;0,00;D;BQ/1115;;
BQ;Banque BQ;BQ/1116;20220618;70999999;CompteLib_0001;;;22F127;20220618;EcritureLib_1021;20221114;0,00;242,60;C;BQ/1116;;
BQ;Banque BQ;BQ/1116;20220618;51200000;CompteLib_0002;;;22F127;20220618;EcritureLib_1021;20221114;242,60;0,00;D;BQ/1116;;
BQ;Banque BQ;BQ/1117;20220618;70999999;CompteLib_0001;;;22F126;20220618;EcritureLib_1022;20221114;0,00;28,10;C;BQ/1117;;
BQ;Banque BQ;BQ/1117;20220618;51200000;CompteLib_0002;;;22F126;20220618;EcritureLib_1022;20221114;28,10;0,00;D;BQ/1117;;
BQ;Banque BQ;BQ/1118;20220620;70999999;CompteLib_0001;;;22F131;20220620;EcritureLib_1023;20221114;0,00;506,95;C;BQ/1118;;
BQ;Banque BQ;BQ/1118;20220620;51200000;CompteLib_0002;;;22F131;20220620;EcritureLib_1023;20221114;506,95;0,00;D;BQ/1118;;
BQ;Banque BQ;BQ/1119;20220620;62700000;CompteLib_0007;;;22F130;20220620;EcritureLib_1024;20221114;2,91;0,00;D;BQ/1119;;
BQ;Banque BQ;BQ/1119;20220620;51200000;CompteLib_0002;;;22F130;20220620;EcritureLib_1024;20221114;0,00;2,91;C;BQ/1119;;
BQ;Banque BQ;BQ/1120;20220620;62700000;CompteLib_0007;;;22F129;20220620;EcritureLib_1025;20221114;3,29;0,00;D;BQ/1120;;
BQ;Banque BQ;BQ/1120;20220620;51200000;CompteLib_0002;;;22F129;20220620;EcritureLib_1025;20221114;0,00;3,29;C;BQ/1120;;
BQ;Banque BQ;BQ/1121;20220620;70999999;CompteLib_0001;;;22F133;20220620;EcritureLib_1026;20221114;0,00;14,73;C;BQ/1121;;
BQ;Banque BQ;BQ/1121;20220620;51200000;CompteLib_0002;;;22F133;20220620;EcritureLib_1026;20221114;14,73;0,00;D;BQ/1121;;
BQ;Banque BQ;BQ/1122;20220620;70999999;CompteLib_0001;;;22F132;20220620;EcritureLib_1027;20221114;0,00;445,14;C;BQ/1122;;
BQ;Banque BQ;BQ/1122;20220620;51200000;CompteLib_0002;;;22F132;20220620;EcritureLib_1027;20221114;445,14;0,00;D;BQ/1122;;
BQ;Banque BQ;BQ/1123;20220621;44566100;CompteLib_0005;;;22F134;20220621;EcritureLib_1028;20221114;5,98;0,00;D;BQ/1123;;
BQ;Banque BQ;BQ/1123;20220621;61350000;CompteLib_0023;;;22F134;20220621;EcritureLib_1028;20221114;29,90;0,00;D;BQ/1123;;
BQ;Banque BQ;BQ/1123;20220621;51200000;CompteLib_0002;;;22F134;20220621;EcritureLib_1028;20221114;0,00;35,88;C;BQ/1123;;
BQ;Banque BQ;BQ/1124;20220622;44566100;CompteLib_0005;;;22F144;20220622;EcritureLib_1029;20221114;11,93;0,00;D;BQ/1124;;
BQ;Banque BQ;BQ/1124;20220622;60100000;CompteLib_0008;;;22F144;20220622;EcritureLib_1029;20221114;216,84;0,00;D;BQ/1124;;
BQ;Banque BQ;BQ/1124;20220622;51200000;CompteLib_0002;;;22F144;20220622;EcritureLib_1029;20221114;0,00;228,77;C;BQ/1124;;
BQ;Banque BQ;BQ/1125;20220622;70999999;CompteLib_0001;;;22F135;20220622;EcritureLib_1030;20221114;0,00;45,07;C;BQ/1125;;
BQ;Banque BQ;BQ/1125;20220622;51200000;CompteLib_0002;;;22F135;20220622;EcritureLib_1030;20221114;45,07;0,00;D;BQ/1125;;
BQ;Banque BQ;BQ/1126;20220622;44566100;CompteLib_0005;;;22F136;20220622;EcritureLib_1031;20221114;17,00;0,00;D;BQ/1126;;
BQ;Banque BQ;BQ/1126;20220622;65100000;CompteLib_0029;;;22F136;20220622;EcritureLib_1031;20221114;84,97;0,00;D;BQ/1126;;
BQ;Banque BQ;BQ/1126;20220622;51200000;CompteLib_0002;;;22F136;20220622;EcritureLib_1031;20221114;0,00;101,97;C;BQ/1126;;
BQ;Banque BQ;BQ/1127;20220622;44566100;CompteLib_0005;;;22F137;20220622;EcritureLib_1032;20221114;7,43;0,00;D;BQ/1127;;
BQ;Banque BQ;BQ/1127;20220622;65100000;CompteLib_0029;;;22F137;20220622;EcritureLib_1032;20221114;37,14;0,00;D;BQ/1127;;
BQ;Banque BQ;BQ/1127;20220622;51200000;CompteLib_0002;;;22F137;20220622;EcritureLib_1032;20221114;0,00;44,57;C;BQ/1127;;
BQ;Banque BQ;BQ/1128;20220622;62700000;CompteLib_0007;;;22F138;20220622;EcritureLib_1033;20221114;0,73;0,00;D;BQ/1128;;
BQ;Banque BQ;BQ/1128;20220622;51200000;CompteLib_0002;;;22F138;20220622;EcritureLib_1033;20221114;0,00;0,73;C;BQ/1128;;
BQ;Banque BQ;BQ/1129;20220622;62700000;CompteLib_0007;;;22F139;20220622;EcritureLib_1034;20221114;1,82;0,00;D;BQ/1129;;
BQ;Banque BQ;BQ/1129;20220622;51200000;CompteLib_0002;;;22F139;20220622;EcritureLib_1034;20221114;0,00;1,82;C;BQ/1129;;
BQ;Banque BQ;BQ/1130;20220622;47100000;CompteLib_0004;;;22F140;20220622;EcritureLib_1035;20221114;377,00;0,00;D;BQ/1130;;
BQ;Banque BQ;BQ/1130;20220622;51200000;CompteLib_0002;;;22F140;20220622;EcritureLib_1035;20221114;0,00;377,00;C;BQ/1130;;
BQ;Banque BQ;BQ/1131;20220622;44566100;CompteLib_0005;;;22F141;20220622;EcritureLib_1036;20221114;5,20;0,00;D;BQ/1131;;
BQ;Banque BQ;BQ/1131;20220622;61350000;CompteLib_0023;;;22F141;20220622;EcritureLib_1036;20221114;26,00;0,00;D;BQ/1131;;
BQ;Banque BQ;BQ/1131;20220622;51200000;CompteLib_0002;;;22F141;20220622;EcritureLib_1036;20221114;0,00;31,20;C;BQ/1131;;
BQ;Banque BQ;BQ/1132;20220622;70999999;CompteLib_0001;;;22F142;20220622;EcritureLib_1037;20221114;0,00;112,10;C;BQ/1132;;
BQ;Banque BQ;BQ/1132;20220622;51200000;CompteLib_0002;;;22F142;20220622;EcritureLib_1037;20221114;112,10;0,00;D;BQ/1132;;
BQ;Banque BQ;BQ/1133;20220622;70999999;CompteLib_0001;;;22F143;20220622;EcritureLib_1038;20221114;0,00;264,55;C;BQ/1133;;
BQ;Banque BQ;BQ/1133;20220622;51200000;CompteLib_0002;;;22F143;20220622;EcritureLib_1038;20221114;264,55;0,00;D;BQ/1133;;
BQ;Banque BQ;BQ/1134;20220622;44571800;CompteLib_0024;;;22F145;20220622;EcritureLib_1039;20221114;0,00;85,00;C;BQ/1134;;
BQ;Banque BQ;BQ/1134;20220622;70180000;CompteLib_0025;;;22F145;20220622;EcritureLib_1039;20221114;0,00;850,00;C;BQ/1134;;
BQ;Banque BQ;BQ/1134;20220622;51200000;CompteLib_0002;;;22F145;20220622;EcritureLib_1039;20221114;935,00;0,00;D;BQ/1134;;
BQ;Banque BQ;BQ/1135;20220623;62700000;CompteLib_0007;;;22F147;20220623;EcritureLib_1040;20221114;0,77;0,00;D;BQ/1135;;
BQ;Banque BQ;BQ/1135;20220623;51200000;CompteLib_0002;;;22F147;20220623;EcritureLib_1040;20221114;0,00;0,77;C;BQ/1135;;
BQ;Banque BQ;BQ/1136;20220623;70999999;CompteLib_0001;;;22F148;20220623;EcritureLib_1041;20221114;0,00;230,10;C;BQ/1136;;
BQ;Banque BQ;BQ/1136;20220623;51200000;CompteLib_0002;;;22F148;20220623;EcritureLib_1041;20221114;230,10;0,00;D;BQ/1136;;
BQ;Banque BQ;BQ/1137;20220623;70999999;CompteLib_0001;;;22F149;20220623;EcritureLib_1042;20221114;0,00;119,00;C;BQ/1137;;
BQ;Banque BQ;BQ/1137;20220623;51200000;CompteLib_0002;;;22F149;20220623;EcritureLib_1042;20221114;119,00;0,00;D;BQ/1137;;
BQ;Banque BQ;BQ/1138;20220623;62700000;CompteLib_0007;;;22F146;20220623;EcritureLib_1043;20221114;1,49;0,00;D;BQ/1138;;
BQ;Banque BQ;BQ/1138;20220623;51200000;CompteLib_0002;;;22F146;20220623;EcritureLib_1043;20221114;0,00;1,49;C;BQ/1138;;
BQ;Banque BQ;BQ/1139;20220624;64500000;CompteLib_0019;;;22F150;20220624;EcritureLib_1044;20221114;60,08;0,00;D;BQ/1139;;
BQ;Banque BQ;BQ/1139;20220624;51200000;CompteLib_0002;;;22F150;20220624;EcritureLib_1044;20221114;0,00;60,08;C;BQ/1139;;
BQ;Banque BQ;BQ/1140;20220624;44571800;CompteLib_0024;;;22F159;20220624;EcritureLib_1045;20221114;0,00;19,09;C;BQ/1140;;
BQ;Banque BQ;BQ/1140;20220624;70180000;CompteLib_0025;;;22F159;20220624;EcritureLib_1045;20221114;0,00;190,91;C;BQ/1140;;
BQ;Banque BQ;BQ/1140;20220624;51200000;CompteLib_0002;;;22F159;20220624;EcritureLib_1045;20221114;210,00;0,00;D;BQ/1140;;
BQ;Banque BQ;BQ/1141;20220624;70999999;CompteLib_0001;;;22F158;20220624;EcritureLib_1046;20221114;0,00;107,40;C;BQ/1141;;
BQ;Banque BQ;BQ/1141;20220624;51200000;CompteLib_0002;;;22F158;20220624;EcritureLib_1046;20221114;107,40;0,00;D;BQ/1141;;
BQ;Banque BQ;BQ/1142;20220624;70999999;CompteLib_0001;;;22F157;20220624;EcritureLib_1047;20221114;0,00;74,43;C;BQ/1142;;
BQ;Banque BQ;BQ/1142;20220624;51200000;CompteLib_0002;;;22F157;20220624;EcritureLib_1047;20221114;74,43;0,00;D;BQ/1142;;
BQ;Banque BQ;BQ/1143;20220624;70999999;CompteLib_0001;;;22F156;20220624;EcritureLib_1048;20221114;0,00;800,00;C;BQ/1143;;
BQ;Banque BQ;BQ/1143;20220624;51200000;CompteLib_0002;;;22F156;20220624;EcritureLib_1048;20221114;800,00;0,00;D;BQ/1143;;
BQ;Banque BQ;BQ/1144;20220624;70999999;CompteLib_0001;;;22F155;20220624;EcritureLib_1049;20221114;0,00;588,30;C;BQ/1144;;
BQ;Banque BQ;BQ/1144;20220624;51200000;CompteLib_0002;;;22F155;20220624;EcritureLib_1049;20221114;588,30;0,00;D;BQ/1144;;
BQ;Banque BQ;BQ/1145;20220624;70999999;CompteLib_0001;;;22F154;20220624;EcritureLib_1050;20221114;0,00;428,70;C;BQ/1145;;
BQ;Banque BQ;BQ/1145;20220624;51200000;CompteLib_0002;;;22F154;20220624;EcritureLib_1050;20221114;428,70;0,00;D;BQ/1145;;
BQ;Banque BQ;BQ/1146;20220624;64500000;CompteLib_0019;;;22F151;20220624;EcritureLib_1051;20221114;107,04;0,00;D;BQ/1146;;
BQ;Banque BQ;BQ/1146;20220624;51200000;CompteLib_0002;;;22F151;20220624;EcritureLib_1051;20221114;0,00;107,04;C;BQ/1146;;
BQ;Banque BQ;BQ/1147;20220624;62700000;CompteLib_0007;;;22F152;20220624;EcritureLib_1052;20221114;3,00;0,00;D;BQ/1147;;
BQ;Banque BQ;BQ/1147;20220624;51200000;CompteLib_0002;;;22F152;20220624;EcritureLib_1052;20221114;0,00;3,00;C;BQ/1147;;
BQ;Banque BQ;BQ/1148;20220624;62700000;CompteLib_0007;;;22F153;20220624;EcritureLib_1053;20221114;3,83;0,00;D;BQ/1148;;
BQ;Banque BQ;BQ/1148;20220624;51200000;CompteLib_0002;;;22F153;20220624;EcritureLib_1053;20221114;0,00;3,83;C;BQ/1148;;
BQ;Banque BQ;BQ/1149;20220625;70999999;CompteLib_0001;;;22F164;20220625;EcritureLib_1054;20221114;0,00;96,60;C;BQ/1149;;
BQ;Banque BQ;BQ/1149;20220625;51200000;CompteLib_0002;;;22F164;20220625;EcritureLib_1054;20221114;96,60;0,00;D;BQ/1149;;
BQ;Banque BQ;BQ/1150;20220625;62700000;CompteLib_0007;;;22F162;20220625;EcritureLib_1055;20221114;3,21;0,00;D;BQ/1150;;
BQ;Banque BQ;BQ/1150;20220625;51200000;CompteLib_0002;;;22F162;20220625;EcritureLib_1055;20221114;0,00;3,21;C;BQ/1150;;
BQ;Banque BQ;BQ/1151;20220625;62700000;CompteLib_0007;;;22F161;20220625;EcritureLib_1056;20221114;0,63;0,00;D;BQ/1151;;
BQ;Banque BQ;BQ/1151;20220625;51200000;CompteLib_0002;;;22F161;20220625;EcritureLib_1056;20221114;0,00;0,63;C;BQ/1151;;
BQ;Banque BQ;BQ/1152;20220625;62700000;CompteLib_0007;;;22F160;20220625;EcritureLib_1057;20221114;1,30;0,00;D;BQ/1152;;
BQ;Banque BQ;BQ/1152;20220625;51200000;CompteLib_0002;;;22F160;20220625;EcritureLib_1057;20221114;0,00;1,30;C;BQ/1152;;
BQ;Banque BQ;BQ/1153;20220625;70999999;CompteLib_0001;;;22F165;20220625;EcritureLib_1058;20221114;0,00;493,05;C;BQ/1153;;
BQ;Banque BQ;BQ/1153;20220625;51200000;CompteLib_0002;;;22F165;20220625;EcritureLib_1058;20221114;493,05;0,00;D;BQ/1153;;
BQ;Banque BQ;BQ/1154;20220625;70999999;CompteLib_0001;;;22F163;20220625;EcritureLib_1059;20221114;0,00;174,60;C;BQ/1154;;
BQ;Banque BQ;BQ/1154;20220625;51200000;CompteLib_0002;;;22F163;20220625;EcritureLib_1059;20221114;174,60;0,00;D;BQ/1154;;
BQ;Banque BQ;BQ/1155;20220627;44566100;CompteLib_0005;;;22F166;20220627;EcritureLib_1060;20221114;13,05;0,00;D;BQ/1155;;
BQ;Banque BQ;BQ/1155;20220627;61500000;CompteLib_0031;;;22F166;20220627;EcritureLib_1060;20221114;65,24;0,00;D;BQ/1155;;
BQ;Banque BQ;BQ/1155;20220627;51200000;CompteLib_0002;;;22F166;20220627;EcritureLib_1060;20221114;0,00;78,29;C;BQ/1155;;
BQ;Banque BQ;BQ/1156;20220627;70999999;CompteLib_0001;;;22F174;20220627;EcritureLib_1061;20221114;0,00;392,07;C;BQ/1156;;
BQ;Banque BQ;BQ/1156;20220627;51200000;CompteLib_0002;;;22F174;20220627;EcritureLib_1061;20221114;392,07;0,00;D;BQ/1156;;
BQ;Banque BQ;BQ/1157;20220627;70999999;CompteLib_0001;;;22F173;20220627;EcritureLib_1062;20221114;0,00;93,00;C;BQ/1157;;
BQ;Banque BQ;BQ/1157;20220627;51200000;CompteLib_0002;;;22F173;20220627;EcritureLib_1062;20221114;93,00;0,00;D;BQ/1157;;
BQ;Banque BQ;BQ/1158;20220627;70999999;CompteLib_0001;;;22F172;20220627;EcritureLib_1063;20221114;0,00;443,20;C;BQ/1158;;
BQ;Banque BQ;BQ/1158;20220627;51200000;CompteLib_0002;;;22F172;20220627;EcritureLib_1063;20221114;443,20;0,00;D;BQ/1158;;
BQ;Banque BQ;BQ/1159;20220627;64500000;CompteLib_0019;;;22F171;20220627;EcritureLib_1064;20221114;122,38;0,00;D;BQ/1159;;
BQ;Banque BQ;BQ/1159;20220627;51200000;CompteLib_0002;;;22F171;20220627;EcritureLib_1064;20221114;0,00;122,38;C;BQ/1159;;
BQ;Banque BQ;BQ/1160;20220627;44566100;CompteLib_0005;;;22F170;20220627;EcritureLib_1065;20221114;17,53;0,00;D;BQ/1160;;
BQ;Banque BQ;BQ/1160;20220627;62600000;CompteLib_0028;;;22F170;20220627;EcritureLib_1065;20221114;87,65;0,00;D;BQ/1160;;
BQ;Banque BQ;BQ/1160;20220627;51200000;CompteLib_0002;;;22F170;20220627;EcritureLib_1065;20221114;0,00;105,18;C;BQ/1160;;
BQ;Banque BQ;BQ/1161;20220627;62700000;CompteLib_0007;;;22F169;20220627;EcritureLib_1066;20221114;2,56;0,00;D;BQ/1161;;
BQ;Banque BQ;BQ/1161;20220627;51200000;CompteLib_0002;;;22F169;20220627;EcritureLib_1066;20221114;0,00;2,56;C;BQ/1161;;
BQ;Banque BQ;BQ/1162;20220627;62700000;CompteLib_0007;;;22F168;20220627;EcritureLib_1067;20221114;0,60;0,00;D;BQ/1162;;
BQ;Banque BQ;BQ/1162;20220627;51200000;CompteLib_0002;;;22F168;20220627;EcritureLib_1067;20221114;0,00;0,60;C;BQ/1162;;
BQ;Banque BQ;BQ/1163;20220627;62700000;CompteLib_0007;;;22F167;20220627;EcritureLib_1068;20221114;2,88;0,00;D;BQ/1163;;
BQ;Banque BQ;BQ/1163;20220627;51200000;CompteLib_0002;;;22F167;20220627;EcritureLib_1068;20221114;0,00;2,88;C;BQ/1163;;
BQ;Banque BQ;BQ/1164;20220628;44566100;CompteLib_0005;;;22F176;20220628;EcritureLib_1069;20221114;30,00;0,00;D;BQ/1164;;
BQ;Banque BQ;BQ/1164;20220628;62261000;CompteLib_0032;;;22F176;20220628;EcritureLib_1069;20221114;150,00;0,00;D;BQ/1164;;
BQ;Banque BQ;BQ/1164;20220628;51200000;CompteLib_0002;;;22F176;20220628;EcritureLib_1069;20221114;0,00;180,00;C;BQ/1164;;
BQ;Banque BQ;BQ/1165;20220628;44566100;CompteLib_0005;;;22F175;20220628;EcritureLib_1070;20221114;5,88;0,00;D;BQ/1165;;
BQ;Banque BQ;BQ/1165;20220628;62261000;CompteLib_0032;;;22F175;20220628;EcritureLib_1070;20221114;29,40;0,00;D;BQ/1165;;
BQ;Banque BQ;BQ/1165;20220628;51200000;CompteLib_0002;;;22F175;20220628;EcritureLib_1070;20221114;0,00;35,28;C;BQ/1165;;
BQ;Banque BQ;BQ/1166;20220629;62700000;CompteLib_0007;;;22F178;20220629;EcritureLib_1071;20221114;0,88;0,00;D;BQ/1166;;
BQ;Banque BQ;BQ/1166;20220629;51200000;CompteLib_0002;;;22F178;20220629;EcritureLib_1071;20221114;0,00;0,88;C;BQ/1166;;
BQ;Banque BQ;BQ/1167;20220629;62700000;CompteLib_0007;;;22F177;20220629;EcritureLib_1072;20221114;3,00;0,00;D;BQ/1167;;
BQ;Banque BQ;BQ/1167;20220629;51200000;CompteLib_0002;;;22F177;20220629;EcritureLib_1072;20221114;0,00;3,00;C;BQ/1167;;
BQ;Banque BQ;BQ/1168;20220629;70999999;CompteLib_0001;;;22F180;20220629;EcritureLib_1073;20221114;0,00;135,50;C;BQ/1168;;
BQ;Banque BQ;BQ/1168;20220629;51200000;CompteLib_0002;;;22F180;20220629;EcritureLib_1073;20221114;135,50;0,00;D;BQ/1168;;
BQ;Banque BQ;BQ/1169;20220629;70999999;CompteLib_0001;;;22F179;20220629;EcritureLib_1074;20221114;0,00;243,40;C;BQ/1169;;
BQ;Banque BQ;BQ/1169;20220629;51200000;CompteLib_0002;;;22F179;20220629;EcritureLib_1074;20221114;243,40;0,00;D;BQ/1169;;
BQ;Banque BQ;BQ/1170;20220629;70999999;CompteLib_0001;;;22F181;20220629;EcritureLib_1075;20221114;0,00;69,65;C;BQ/1170;;
BQ;Banque BQ;BQ/1170;20220629;51200000;CompteLib_0002;;;22F181;20220629;EcritureLib_1075;20221114;69,65;0,00;D;BQ/1170;;
BQ;Banque BQ;BQ/1171;20220630;64100000;CompteLib_0030;;;22F186;20220630;EcritureLib_1076;20221114;1315,12;0,00;D;BQ/1171;;
BQ;Banque BQ;BQ/1171;20220630;51200000;CompteLib_0002;;;22F186;20220630;EcritureLib_1076;20221114;0,00;1315,12;C;BQ/1171;;
BQ;Banque BQ;BQ/1172;20220630;70999999;CompteLib_0001;;;22F185;20220630;EcritureLib_1077;20221114;0,00;167,25;C;BQ/1172;;
BQ;Banque BQ;BQ/1172;20220630;51200000;CompteLib_0002;;;22F185;20220630;EcritureLib_1077;20221114;167,25;0,00;D;BQ/1172;;
BQ;Banque BQ;BQ/1173;20220630;62700000;CompteLib_0007;;;22F182;20220630;EcritureLib_1078;20221114;1,26;0,00;D;BQ/1173;;
BQ;Banque BQ;BQ/1173;20220630;51200000;CompteLib_0002;;;22F182;20220630;EcritureLib_1078;20221114;0,00;1,26;C;BQ/1173;;
BQ;Banque BQ;BQ/1174;20220630;70999999;CompteLib_0001;;;22F184;20220630;EcritureLib_1079;20221114;0,00;159,55;C;BQ/1174;;
BQ;Banque BQ;BQ/1174;20220630;51200000;CompteLib_0002;;;22F184;20220630;EcritureLib_1079;20221114;159,55;0,00;D;BQ/1174;;
BQ;Banque BQ;BQ/1175;20220630;62700000;CompteLib_0007;;;22F183;20220630;EcritureLib_1080;20221114;1,62;0,00;D;BQ/1175;;
BQ;Banque BQ;BQ/1175;20220630;51200000;CompteLib_0002;;;22F183;20220630;EcritureLib_1080;20221114;0,00;1,62;C;BQ/1175;;
BQ;Banque BQ;BQ/1176;20220630;70999999;CompteLib_0001;;;22F188;20220630;EcritureLib_1081;20221114;0,00;187,53;C;BQ/1176;;
BQ;Banque BQ;BQ/1176;20220630;51200000;CompteLib_0002;;;22F188;20220630;EcritureLib_1081;20221114;187,53;0,00;D;BQ/1176;;
BQ;Banque BQ;BQ/1177;20220630;64100000;CompteLib_0030;;;22F187;20220630;EcritureLib_1082;20221114;370,72;0,00;D;BQ/1177;;
BQ;Banque BQ;BQ/1177;20220630;51200000;CompteLib_0002;;;22F187;20220630;EcritureLib_1082;20221114;0,00;370,72;C;BQ/1177;;
OD;Oprations diverses;OD/1;20220630;16400000;CompteLib_0018;;;22F189;20220630;EcritureLib_1083;20221114;0,00;4525,44;C;OD/1;;
OD;Oprations diverses;OD/1;20220630;44566100;CompteLib_0005;;;22F189;20220630;EcritureLib_1083;20221114;0,00;6047,51;C;OD/1;;
OD;Oprations diverses;OD/1;20220630;44571700;CompteLib_0037;;;22F189;20220630;EcritureLib_1083;20221114;74,23;0,00;D;OD/1;;
OD;Oprations diverses;OD/1;20220630;44571800;CompteLib_0024;;;22F189;20220630;EcritureLib_1083;20221114;752,24;0,00;D;OD/1;;
OD;Oprations diverses;OD/1;20220630;45520000;CompteLib_0027;;;22F189;20220630;EcritureLib_1083;20221114;0,00;100,00;C;OD/1;;
OD;Oprations diverses;OD/1;20220630;46700000;CompteLib_0014;;;22F189;20220630;EcritureLib_1083;20221114;0,00;415,30;C;OD/1;;
OD;Oprations diverses;OD/1;20220630;47100000;CompteLib_0004;;;22F189;20220630;EcritureLib_1083;20221114;0,00;5882,00;C;OD/1;;
OD;Oprations diverses;OD/1;20220630;51200000;CompteLib_0002;;;22F189;20220630;EcritureLib_1083;20221114;0,00;4225,97;C;OD/1;;
OD;Oprations diverses;OD/1;20220630;53000000;CompteLib_0039;;;22F189;20220630;EcritureLib_1083;20221114;0,00;50,00;C;OD/1;;
OD;Oprations diverses;OD/1;20220630;60100000;CompteLib_0008;;;22F189;20220630;EcritureLib_1083;20221114;0,00;17767,07;C;OD/1;;
OD;Oprations diverses;OD/1;20220630;60400000;CompteLib_0010;;;22F189;20220630;EcritureLib_1083;20221114;0,00;44,28;C;OD/1;;
OD;Oprations diverses;OD/1;20220630;60610000;CompteLib_0022;;;22F189;20220630;EcritureLib_1083;20221114;0,00;874,50;C;OD/1;;
OD;Oprations diverses;OD/1;20220630;60630000;CompteLib_0009;;;22F189;20220630;EcritureLib_1083;20221114;0,00;2033,96;C;OD/1;;
OD;Oprations diverses;OD/1;20220630;60640000;CompteLib_0016;;;22F189;20220630;EcritureLib_1083;20221114;0,00;113,09;C;OD/1;;
OD;Oprations diverses;OD/1;20220630;60700000;CompteLib_0033;;;22F189;20220630;EcritureLib_1083;20221114;0,00;2006,82;C;OD/1;;
OD;Oprations diverses;OD/1;20220630;61100000;CompteLib_0011;;;22F189;20220630;EcritureLib_1083;20221114;0,00;390,22;C;OD/1;;
OD;Oprations diverses;OD/1;20220630;61321000;CompteLib_0006;;;22F189;20220630;EcritureLib_1083;20221114;0,00;12585,36;C;OD/1;;
OD;Oprations diverses;OD/1;20220630;61350000;CompteLib_0023;;;22F189;20220630;EcritureLib_1083;20221114;0,00;1943,40;C;OD/1;;
OD;Oprations diverses;OD/1;20220630;61351000;CompteLib_0023;;;22F189;20220630;EcritureLib_1083;20221114;0,00;161,94;C;OD/1;;
OD;Oprations diverses;OD/1;20220630;61500000;CompteLib_0031;;;22F189;20220630;EcritureLib_1083;20221114;0,00;662,62;C;OD/1;;
OD;Oprations diverses;OD/1;20220630;61600000;CompteLib_0021;;;22F189;20220630;EcritureLib_1083;20221114;0,00;2418,25;C;OD/1;;
OD;Oprations diverses;OD/1;20220630;62220000;CompteLib_0020;;;22F189;20220630;EcritureLib_1083;20221114;0,00;68,87;C;OD/1;;
OD;Oprations diverses;OD/1;20220630;62260000;CompteLib_0032;;;22F189;20220630;EcritureLib_1083;20221114;0,00;38,22;C;OD/1;;
OD;Oprations diverses;OD/1;20220630;62261000;CompteLib_0032;;;22F189;20220630;EcritureLib_1083;20221114;0,00;1076,40;C;OD/1;;
OD;Oprations diverses;OD/1;20220630;62310000;CompteLib_0015;;;22F189;20220630;EcritureLib_1083;20221114;0,00;117,66;C;OD/1;;
OD;Oprations diverses;OD/1;20220630;62510000;CompteLib_0035;;;22F189;20220630;EcritureLib_1083;20221114;0,00;7,40;C;OD/1;;
OD;Oprations diverses;OD/1;20220630;62530000;CompteLib_0013;;;22F189;20220630;EcritureLib_1083;20221114;0,00;508,41;C;OD/1;;
OD;Oprations diverses;OD/1;20220630;62600000;CompteLib_0028;;;22F189;20220630;EcritureLib_1083;20221114;0,00;522,65;C;OD/1;;
OD;Oprations diverses;OD/1;20220630;62620000;CompteLib_0017;;;22F189;20220630;EcritureLib_1083;20221114;0,00;12,96;C;OD/1;;
OD;Oprations diverses;OD/1;20220630;62700000;CompteLib_0007;;;22F189;20220630;EcritureLib_1083;20221114;0,00;813,59;C;OD/1;;
OD;Oprations diverses;OD/1;20220630;62810000;CompteLib_0012;;;22F189;20220630;EcritureLib_1083;20221114;0,00;261,61;C;OD/1;;
OD;Oprations diverses;OD/1;20220630;63580000;CompteLib_0036;;;22F189;20220630;EcritureLib_1083;20221114;0,00;280,00;C;OD/1;;
OD;Oprations diverses;OD/1;20220630;64100000;CompteLib_0030;;;22F189;20220630;EcritureLib_1083;20221114;0,00;9852,00;C;OD/1;;
OD;Oprations diverses;OD/1;20220630;64400000;CompteLib_0003;;;22F189;20220630;EcritureLib_1083;20221114;0,00;10400,00;C;OD/1;;
OD;Oprations diverses;OD/1;20220630;64500000;CompteLib_0019;;;22F189;20220630;EcritureLib_1083;20221114;0,00;7769,74;C;OD/1;;
OD;Oprations diverses;OD/1;20220630;64660100;CompteLib_0026;;;22F189;20220630;EcritureLib_1083;20221114;0,00;147,64;C;OD/1;;
OD;Oprations diverses;OD/1;20220630;65100000;CompteLib_0029;;;22F189;20220630;EcritureLib_1083;20221114;0,00;732,46;C;OD/1;;
OD;Oprations diverses;OD/1;20220630;70180000;CompteLib_0025;;;22F189;20220630;EcritureLib_1083;20221114;7522,46;0,00;D;OD/1;;
OD;Oprations diverses;OD/1;20220630;70640000;CompteLib_0034;;;22F189;20220630;EcritureLib_1083;20221114;954,56;0,00;D;OD/1;;
OD;Oprations diverses;OD/1;20220630;70700000;CompteLib_0038;;;22F189;20220630;EcritureLib_1083;20221114;371,17;0,00;D;OD/1;;
OD;Oprations diverses;OD/1;20220630;70999999;CompteLib_0001;;;22F189;20220630;EcritureLib_1083;20221114;85182,68;0,00;D;OD/1;;
OD;Oprations diverses;OD/2;20220630;10130000;CompteLib_0040;;;22F190;20220630;EcritureLib_1084;20221114;4000,00;0,00;D;OD/2;;
OD;Oprations diverses;OD/2;20220630;10611000;CompteLib_0041;;;22F190;20220630;EcritureLib_1084;20221114;600,00;0,00;D;OD/2;;
OD;Oprations diverses;OD/2;20220630;10680000;CompteLib_0042;;;22F190;20220630;EcritureLib_1084;20221114;29228,67;0,00;D;OD/2;;
OD;Oprations diverses;OD/2;20220630;16400000;CompteLib_0018;;;22F190;20220630;EcritureLib_1084;20221114;36214,44;0,00;D;OD/2;;
OD;Oprations diverses;OD/2;20220630;20600000;CompteLib_0043;;;22F190;20220630;EcritureLib_1084;20221114;0,00;20000,00;C;OD/2;;
OD;Oprations diverses;OD/2;20220630;21540000;CompteLib_0044;;;22F190;20220630;EcritureLib_1084;20221114;0,00;13920,71;C;OD/2;;
OD;Oprations diverses;OD/2;20220630;21810000;CompteLib_0045;;;22F190;20220630;EcritureLib_1084;20221114;0,00;5307,08;C;OD/2;;
OD;Oprations diverses;OD/2;20220630;21830000;CompteLib_0046;;;22F190;20220630;EcritureLib_1084;20221114;0,00;508,00;C;OD/2;;
OD;Oprations diverses;OD/2;20220630;21840000;CompteLib_0047;;;22F190;20220630;EcritureLib_1084;20221114;0,00;1254,42;C;OD/2;;
OD;Oprations diverses;OD/2;20220630;27500000;CompteLib_0048;;;22F190;20220630;EcritureLib_1084;20221114;0,00;5100,00;C;OD/2;;
OD;Oprations diverses;OD/2;20220630;28154000;CompteLib_0049;;;22F190;20220630;EcritureLib_1084;20221114;6991,57;0,00;D;OD/2;;
OD;Oprations diverses;OD/2;20220630;28181000;CompteLib_0050;;;22F190;20220630;EcritureLib_1084;20221114;2058,63;0,00;D;OD/2;;
OD;Oprations diverses;OD/2;20220630;28183000;CompteLib_0051;;;22F190;20220630;EcritureLib_1084;20221114;508,00;0,00;D;OD/2;;
OD;Oprations diverses;OD/2;20220630;28184000;CompteLib_0052;;;22F190;20220630;EcritureLib_1084;20221114;501,08;0,00;D;OD/2;;
OD;Oprations diverses;OD/2;20220630;31000000;CompteLib_0053;;;22F190;20220630;EcritureLib_1084;20221114;0,00;1319,54;C;OD/2;;
OD;Oprations diverses;OD/2;20220630;32600000;CompteLib_0054;;;22F190;20220630;EcritureLib_1084;20221114;0,00;947,78;C;OD/2;;
OD;Oprations diverses;OD/2;20220630;37000000;CompteLib_0055;;;22F190;20220630;EcritureLib_1084;20221114;0,00;1775,64;C;OD/2;;
OD;Oprations diverses;OD/2;20220630;40100000;CompteLib_0056;;;22F190;20220630;EcritureLib_1084;20221114;4713,98;0,00;D;OD/2;;
OD;Oprations diverses;OD/2;20220630;42820000;CompteLib_0057;;;22F190;20220630;EcritureLib_1084;20221114;1806,72;0,00;D;OD/2;;
OD;Oprations diverses;OD/2;20220630;43100000;CompteLib_0058;;;22F190;20220630;EcritureLib_1084;20221114;595,99;0,00;D;OD/2;;
OD;Oprations diverses;OD/2;20220630;43720000;CompteLib_0059;;;22F190;20220630;EcritureLib_1084;20221114;144,17;0,00;D;OD/2;;
OD;Oprations diverses;OD/2;20220630;43730000;CompteLib_0060;;;22F190;20220630;EcritureLib_1084;20221114;124,40;0,00;D;OD/2;;
OD;Oprations diverses;OD/2;20220630;43820000;CompteLib_0061;;;22F190;20220630;EcritureLib_1084;20221114;144,62;0,00;D;OD/2;;
OD;Oprations diverses;OD/2;20220630;43860000;CompteLib_0062;;;22F190;20220630;EcritureLib_1084;20221114;6079,00;0,00;D;OD/2;;
OD;Oprations diverses;OD/2;20220630;43860200;CompteLib_0063;;;22F190;20220630;EcritureLib_1084;20221114;6512,00;0,00;D;OD/2;;
OD;Oprations diverses;OD/2;20220630;44551000;CompteLib_0064;;;22F190;20220630;EcritureLib_1084;20221114;553,00;0,00;D;OD/2;;
OD;Oprations diverses;OD/2;20220630;44566100;CompteLib_0005;;;22F190;20220630;EcritureLib_1084;20221114;0,00;988,91;C;OD/2;;
OD;Oprations diverses;OD/2;20220630;44571200;CompteLib_0065;;;22F190;20220630;EcritureLib_1084;20221114;0,00;25,83;C;OD/2;;
OD;Oprations diverses;OD/2;20220630;44571700;CompteLib_0037;;;22F190;20220630;EcritureLib_1084;20221114;0,00;29,87;C;OD/2;;
OD;Oprations diverses;OD/2;20220630;44571800;CompteLib_0024;;;22F190;20220630;EcritureLib_1084;20221114;0,00;415,76;C;OD/2;;
OD;Oprations diverses;OD/2;20220630;44860000;CompteLib_0066;;;22F190;20220630;EcritureLib_1084;20221114;469,00;0,00;D;OD/2;;
OD;Oprations diverses;OD/2;20220630;44862000;CompteLib_0067;;;22F190;20220630;EcritureLib_1084;20221114;12,08;0,00;D;OD/2;;
OD;Oprations diverses;OD/2;20220630;45500000;CompteLib_0068;;;22F190;20220630;EcritureLib_1084;20221114;3000,00;0,00;D;OD/2;;
OD;Oprations diverses;OD/2;20220630;45520000;CompteLib_0027;;;22F190;20220630;EcritureLib_1084;20221114;3963,09;0,00;D;OD/2;;
OD;Oprations diverses;OD/2;20220630;48600000;CompteLib_0069;;;22F190;20220630;EcritureLib_1084;20221114;0,00;1162,87;C;OD/2;;
OD;Oprations diverses;OD/2;20220630;51100000;CompteLib_0070;;;22F190;20220630;EcritureLib_1084;20221114;0,00;2234,02;C;OD/2;;
OD;Oprations diverses;OD/2;20220630;51200000;CompteLib_0002;;;22F190;20220630;EcritureLib_1084;20221114;0,00;32307,03;C;OD/2;;
OD;Oprations diverses;OD/2;20220630;51210000;CompteLib_0071;;;22F190;20220630;EcritureLib_1084;20221114;0,00;30006,70;C;OD/2;;
OD;Oprations diverses;OD/2;20220630;53000000;CompteLib_0039;;;22F190;20220630;EcritureLib_1084;20221114;0,00;671,01;C;OD/2;;
OD;Oprations diverses;OD/2;20220630;60100000;CompteLib_0008;;;22F190;20220630;EcritureLib_1084;20221114;0,00;39553,56;C;OD/2;;
OD;Oprations diverses;OD/2;20220630;60310000;CompteLib_0072;;;22F190;20220630;EcritureLib_1084;20221114;0,00;121,26;C;OD/2;;
OD;Oprations diverses;OD/2;20220630;60320000;CompteLib_0073;;;22F190;20220630;EcritureLib_1084;20221114;947,78;0,00;D;OD/2;;
OD;Oprations diverses;OD/2;20220630;60370000;CompteLib_0074;;;22F190;20220630;EcritureLib_1084;20221114;484,48;0,00;D;OD/2;;
OD;Oprations diverses;OD/2;20220630;60610000;CompteLib_0022;;;22F190;20220630;EcritureLib_1084;20221114;0,00;2221,41;C;OD/2;;
OD;Oprations diverses;OD/2;20220630;60630000;CompteLib_0009;;;22F190;20220630;EcritureLib_1084;20221114;0,00;2593,05;C;OD/2;;
OD;Oprations diverses;OD/2;20220630;60640000;CompteLib_0016;;;22F190;20220630;EcritureLib_1084;20221114;0,00;126,49;C;OD/2;;
OD;Oprations diverses;OD/2;20220630;60700000;CompteLib_0033;;;22F190;20220630;EcritureLib_1084;20221114;0,00;2668,35;C;OD/2;;
OD;Oprations diverses;OD/2;20220630;61100000;CompteLib_0011;;;22F190;20220630;EcritureLib_1084;20221114;0,00;606,58;C;OD/2;;
OD;Oprations diverses;OD/2;20220630;61321000;CompteLib_0006;;;22F190;20220630;EcritureLib_1084;20221114;0,00;22707,42;C;OD/2;;
OD;Oprations diverses;OD/2;20220630;61351000;CompteLib_0023;;;22F190;20220630;EcritureLib_1084;20221114;0,00;161,94;C;OD/2;;
OD;Oprations diverses;OD/2;20220630;61352000;CompteLib_0075;;;22F190;20220630;EcritureLib_1084;20221114;0,00;312,00;C;OD/2;;
OD;Oprations diverses;OD/2;20220630;61353000;CompteLib_0076;;;22F190;20220630;EcritureLib_1084;20221114;0,00;358,80;C;OD/2;;
OD;Oprations diverses;OD/2;20220630;61354000;CompteLib_0077;;;22F190;20220630;EcritureLib_1084;20221114;0,00;3216,00;C;OD/2;;
OD;Oprations diverses;OD/2;20220630;61355000;CompteLib_0078;;;22F190;20220630;EcritureLib_1084;20221114;0,00;91,63;C;OD/2;;
OD;Oprations diverses;OD/2;20220630;61400000;CompteLib_0079;;;22F190;20220630;EcritureLib_1084;20221114;0,00;2730,00;C;OD/2;;
OD;Oprations diverses;OD/2;20220630;61500000;CompteLib_0031;;;22F190;20220630;EcritureLib_1084;20221114;0,00;1120,55;C;OD/2;;
OD;Oprations diverses;OD/2;20220630;61510000;CompteLib_0080;;;22F190;20220630;EcritureLib_1084;20221114;0,00;701,35;C;OD/2;;
OD;Oprations diverses;OD/2;20220630;61600000;CompteLib_0021;;;22F190;20220630;EcritureLib_1084;20221114;0,00;1365,05;C;OD/2;;
OD;Oprations diverses;OD/2;20220630;62261000;CompteLib_0032;;;22F190;20220630;EcritureLib_1084;20221114;0,00;2303,10;C;OD/2;;
OD;Oprations diverses;OD/2;20220630;62270000;CompteLib_0081;;;22F190;20220630;EcritureLib_1084;20221114;0,00;38,22;C;OD/2;;
OD;Oprations diverses;OD/2;20220630;62310000;CompteLib_0015;;;22F190;20220630;EcritureLib_1084;20221114;0,00;163,55;C;OD/2;;
OD;Oprations diverses;OD/2;20220630;62340000;CompteLib_0082;;;22F190;20220630;EcritureLib_1084;20221114;0,00;97,45;C;OD/2;;
OD;Oprations diverses;OD/2;20220630;62510000;CompteLib_0035;;;22F190;20220630;EcritureLib_1084;20221114;0,00;499,32;C;OD/2;;
OD;Oprations diverses;OD/2;20220630;62530000;CompteLib_0013;;;22F190;20220630;EcritureLib_1084;20221114;0,00;1353,28;C;OD/2;;
OD;Oprations diverses;OD/2;20220630;62550000;CompteLib_0083;;;22F190;20220630;EcritureLib_1084;20221114;0,00;156,00;C;OD/2;;
OD;Oprations diverses;OD/2;20220630;62600000;CompteLib_0028;;;22F190;20220630;EcritureLib_1084;20221114;0,00;1034,65;C;OD/2;;
OD;Oprations diverses;OD/2;20220630;62620000;CompteLib_0017;;;22F190;20220630;EcritureLib_1084;20221114;0,00;12,96;C;OD/2;;
OD;Oprations diverses;OD/2;20220630;62700000;CompteLib_0007;;;22F190;20220630;EcritureLib_1084;20221114;0,00;1660,21;C;OD/2;;
OD;Oprations diverses;OD/2;20220630;62710000;CompteLib_0084;;;22F190;20220630;EcritureLib_1084;20221114;0,00;892,29;C;OD/2;;
OD;Oprations diverses;OD/2;20220630;62810000;CompteLib_0012;;;22F190;20220630;EcritureLib_1084;20221114;0,00;91,66;C;OD/2;;
OD;Oprations diverses;OD/2;20220630;63120000;CompteLib_0085;;;22F190;20220630;EcritureLib_1084;20221114;0,00;144,24;C;OD/2;;
OD;Oprations diverses;OD/2;20220630;63330000;CompteLib_0086;;;22F190;20220630;EcritureLib_1084;20221114;0,00;116,55;C;OD/2;;
OD;Oprations diverses;OD/2;20220630;63330100;CompteLib_0087;;;22F190;20220630;EcritureLib_1084;20221114;119,00;0,00;D;OD/2;;
OD;Oprations diverses;OD/2;20220630;63330200;CompteLib_0088;;;22F190;20220630;EcritureLib_1084;20221114;0,00;51,00;C;OD/2;;
OD;Oprations diverses;OD/2;20220630;63330300;CompteLib_0089;;;22F190;20220630;EcritureLib_1084;20221114;0,00;51,00;C;OD/2;;
OD;Oprations diverses;OD/2;20220630;63511000;CompteLib_0090;;;22F190;20220630;EcritureLib_1084;20221114;0,00;1406,00;C;OD/2;;
OD;Oprations diverses;OD/2;20220630;63580000;CompteLib_0036;;;22F190;20220630;EcritureLib_1084;20221114;0,00;367,48;C;OD/2;;
OD;Oprations diverses;OD/2;20220630;63710000;CompteLib_0091;;;22F190;20220630;EcritureLib_1084;20221114;0,00;157,00;C;OD/2;;
OD;Oprations diverses;OD/2;20220630;63710100;CompteLib_0092;;;22F190;20220630;EcritureLib_1084;20221114;364,00;0,00;D;OD/2;;
OD;Oprations diverses;OD/2;20220630;63710200;CompteLib_0093;;;22F190;20220630;EcritureLib_1084;20221114;0,00;74,00;C;OD/2;;
OD;Oprations diverses;OD/2;20220630;64100000;CompteLib_0030;;;22F190;20220630;EcritureLib_1084;20221114;0,00;24068,45;C;OD/2;;
OD;Oprations diverses;OD/2;20220630;64120000;CompteLib_0094;;;22F190;20220630;EcritureLib_1084;20221114;0,00;1806,72;C;OD/2;;
OD;Oprations diverses;OD/2;20220630;64180000;CompteLib_0095;;;22F190;20220630;EcritureLib_1084;20221114;0,00;200,00;C;OD/2;;
OD;Oprations diverses;OD/2;20220630;64400000;CompteLib_0003;;;22F190;20220630;EcritureLib_1084;20221114;0,00;17208,00;C;OD/2;;
OD;Oprations diverses;OD/2;20220630;64401000;CompteLib_0096;;;22F190;20220630;EcritureLib_1084;20221114;155,00;0,00;D;OD/2;;
OD;Oprations diverses;OD/2;20220630;64402000;CompteLib_0097;;;22F190;20220630;EcritureLib_1084;20221114;0,00;17208,00;C;OD/2;;
OD;Oprations diverses;OD/2;20220630;64510000;CompteLib_0098;;;22F190;20220630;EcritureLib_1084;20221114;0,00;1299,14;C;OD/2;;
OD;Oprations diverses;OD/2;20220630;64520000;CompteLib_0099;;;22F190;20220630;EcritureLib_1084;20221114;0,00;230,91;C;OD/2;;
OD;Oprations diverses;OD/2;20220630;64530000;CompteLib_0100;;;22F190;20220630;EcritureLib_1084;20221114;0,00;206,58;C;OD/2;;
OD;Oprations diverses;OD/2;20220630;64580000;CompteLib_0101;;;22F190;20220630;EcritureLib_1084;20221114;0,00;149,83;C;OD/2;;
OD;Oprations diverses;OD/2;20220630;64600000;CompteLib_0102;;;22F190;20220630;EcritureLib_1084;20221114;535,76;0,00;D;OD/2;;
OD;Oprations diverses;OD/2;20220630;64601000;CompteLib_0103;;;22F190;20220630;EcritureLib_1084;20221114;1844,00;0,00;D;OD/2;;
OD;Oprations diverses;OD/2;20220630;64602000;CompteLib_0104;;;22F190;20220630;EcritureLib_1084;20221114;1776,88;0,00;D;OD/2;;
OD;Oprations diverses;OD/2;20220630;64660100;CompteLib_0026;;;22F190;20220630;EcritureLib_1084;20221114;0,00;530,21;C;OD/2;;
OD;Oprations diverses;OD/2;20220630;64660200;CompteLib_0105;;;22F190;20220630;EcritureLib_1084;20221114;0,00;612,17;C;OD/2;;
OD;Oprations diverses;OD/2;20220630;64750000;CompteLib_0106;;;22F190;20220630;EcritureLib_1084;20221114;0,00;236,93;C;OD/2;;
OD;Oprations diverses;OD/2;20220630;65100000;CompteLib_0029;;;22F190;20220630;EcritureLib_1084;20221114;0,00;1551,35;C;OD/2;;
OD;Oprations diverses;OD/2;20220630;65800000;CompteLib_0107;;;22F190;20220630;EcritureLib_1084;20221114;0,00;2,73;C;OD/2;;
OD;Oprations diverses;OD/2;20220630;66100000;CompteLib_0108;;;22F190;20220630;EcritureLib_1084;20221114;0,00;1233,73;C;OD/2;;
OD;Oprations diverses;OD/2;20220630;67120000;CompteLib_0109;;;22F190;20220630;EcritureLib_1084;20221114;0,00;158,55;C;OD/2;;
OD;Oprations diverses;OD/2;20220630;68110000;CompteLib_0110;;;22F190;20220630;EcritureLib_1084;20221114;0,00;2396,25;C;OD/2;;
OD;Oprations diverses;OD/2;20220630;70100000;CompteLib_0111;;;22F190;20220630;EcritureLib_1084;20221114;138375,03;0,00;D;OD/2;;
OD;Oprations diverses;OD/2;20220630;70150000;CompteLib_0112;;;22F190;20220630;EcritureLib_1084;20221114;132,27;0,00;D;OD/2;;
OD;Oprations diverses;OD/2;20220630;70180000;CompteLib_0025;;;22F190;20220630;EcritureLib_1084;20221114;8460,49;0,00;D;OD/2;;
OD;Oprations diverses;OD/2;20220630;70181000;CompteLib_0113;;;22F190;20220630;EcritureLib_1084;20221114;371,17;0,00;D;OD/2;;
OD;Oprations diverses;OD/2;20220630;70700000;CompteLib_0038;;;22F190;20220630;EcritureLib_1084;20221114;10463,96;0,00;D;OD/2;;
OD;Oprations diverses;OD/2;20220630;74000000;CompteLib_0114;;;22F190;20220630;EcritureLib_1084;20221114;3577,38;0,00;D;OD/2;;
OD;Oprations diverses;OD/2;20220630;75800000;CompteLib_0115;;;22F190;20220630;EcritureLib_1084;20221114;10,14;0,00;D;OD/2;;
OD;Oprations diverses;OD/2;20220630;76800000;CompteLib_0116;;;22F190;20220630;EcritureLib_1084;20221114;6,70;0,00;D;OD/2;;
OD;Oprations diverses;OD/2;20220630;77100000;CompteLib_0117;;;22F190;20220630;EcritureLib_1084;20221114;1635,73;0,00;D;OD/2;;
OD;Oprations diverses;OD/2;20220630;79100000;CompteLib_0118;;;22F190;20220630;EcritureLib_1084;20221114;919,91;0,00;D;OD/2;;
OD;Oprations diverses;OD/3;20220630;40100000;CompteLib_0056;;;22F191;20220630;EcritureLib_1085;20221114;4713,98;0,00;D;OD/3;;
OD;Oprations diverses;OD/3;20220630;40100000;CompteLib_0056;401AZADE;AZADE;22F191;20220630;EcritureLib_1085;20221114;0,00;603,40;C;OD/3;;
OD;Oprations diverses;OD/3;20220630;40100000;CompteLib_0056;401BIOCOOP;BIOCOOP;22F191;20220630;EcritureLib_1085;20221114;0,00;129,64;C;OD/3;;
OD;Oprations diverses;OD/3;20220630;40100000;CompteLib_0056;401CAMBIER;CAMBIER;22F191;20220630;EcritureLib_1085;20221114;0,00;396,00;C;OD/3;;
OD;Oprations diverses;OD/3;20220630;40100000;CompteLib_0056;401CARREFOUR;CARREFOUR;22F191;20220630;EcritureLib_1085;20221114;0,00;174,54;C;OD/3;;
OD;Oprations diverses;OD/3;20220630;40100000;CompteLib_0056;401CHUBB;CHUBB;22F191;20220630;EcritureLib_1085;20221114;0,00;183,48;C;OD/3;;
OD;Oprations diverses;OD/3;20220630;40100000;CompteLib_0056;401DIVERS;DIVERS;22F191;20220630;EcritureLib_1085;20221114;0,00;352,86;C;OD/3;;
OD;Oprations diverses;OD/3;20220630;40100000;CompteLib_0056;401IKEA;IKEA;22F191;20220630;EcritureLib_1085;20221114;0,00;15,96;C;OD/3;;
OD;Oprations diverses;OD/3;20220630;40100000;CompteLib_0056;401LECLAIRE;LECLAIRE;22F191;20220630;EcritureLib_1085;20221114;0,00;2461,93;C;OD/3;;
OD;Oprations diverses;OD/3;20220630;40100000;CompteLib_0056;401MONOPRIX;MONOPRIX;22F191;20220630;EcritureLib_1085;20221114;0,00;54,95;C;OD/3;;
OD;Oprations diverses;OD/3;20220630;40100000;CompteLib_0056;401RESTO;RESTAURANTS;22F191;20220630;EcritureLib_1085;20221114;0,00;170,00;C;OD/3;;
OD;Oprations diverses;OD/3;20220630;40100000;CompteLib_0056;401ENVALIA;ENVALIA;22F191;20220630;EcritureLib_1085;20221114;0,00;171,22;C;OD/3;;
OD;Oprations diverses;OD/4;20220630;10130000;CompteLib_0040;;;22F192;20220630;EcritureLib_1086;20221116;0,00;4000,00;C;OD/4;;
OD;Oprations diverses;OD/4;20220630;10611000;CompteLib_0041;;;22F192;20220630;EcritureLib_1086;20221116;0,00;600,00;C;OD/4;;
OD;Oprations diverses;OD/4;20220630;10680000;CompteLib_0042;;;22F192;20220630;EcritureLib_1086;20221116;0,00;29228,67;C;OD/4;;
OD;Oprations diverses;OD/4;20220630;16400000;CompteLib_0018;;;22F192;20220630;EcritureLib_1086;20221116;0,00;36214,44;C;OD/4;;
OD;Oprations diverses;OD/4;20220630;20600000;CompteLib_0043;;;22F192;20220630;EcritureLib_1086;20221116;20000,00;0,00;D;OD/4;;
OD;Oprations diverses;OD/4;20220630;21540000;CompteLib_0044;;;22F192;20220630;EcritureLib_1086;20221116;13920,71;0,00;D;OD/4;;
OD;Oprations diverses;OD/4;20220630;21810000;CompteLib_0045;;;22F192;20220630;EcritureLib_1086;20221116;5307,08;0,00;D;OD/4;;
OD;Oprations diverses;OD/4;20220630;21830000;CompteLib_0046;;;22F192;20220630;EcritureLib_1086;20221116;508,00;0,00;D;OD/4;;
OD;Oprations diverses;OD/4;20220630;21840000;CompteLib_0047;;;22F192;20220630;EcritureLib_1086;20221116;1254,42;0,00;D;OD/4;;
OD;Oprations diverses;OD/4;20220630;27500000;CompteLib_0048;;;22F192;20220630;EcritureLib_1086;20221116;5100,00;0,00;D;OD/4;;
OD;Oprations diverses;OD/4;20220630;28154000;CompteLib_0049;;;22F192;20220630;EcritureLib_1086;20221116;0,00;6991,57;C;OD/4;;
OD;Oprations diverses;OD/4;20220630;28181000;CompteLib_0050;;;22F192;20220630;EcritureLib_1086;20221116;0,00;2058,63;C;OD/4;;
OD;Oprations diverses;OD/4;20220630;28183000;CompteLib_0051;;;22F192;20220630;EcritureLib_1086;20221116;0,00;508,00;C;OD/4;;
OD;Oprations diverses;OD/4;20220630;28184000;CompteLib_0052;;;22F192;20220630;EcritureLib_1086;20221116;0,00;501,08;C;OD/4;;
OD;Oprations diverses;OD/4;20220630;31000000;CompteLib_0053;;;22F192;20220630;EcritureLib_1086;20221116;1319,54;0,00;D;OD/4;;
OD;Oprations diverses;OD/4;20220630;32600000;CompteLib_0054;;;22F192;20220630;EcritureLib_1086;20221116;947,78;0,00;D;OD/4;;
OD;Oprations diverses;OD/4;20220630;37000000;CompteLib_0055;;;22F192;20220630;EcritureLib_1086;20221116;1775,64;0,00;D;OD/4;;
OD;Oprations diverses;OD/4;20220630;40100000;CompteLib_0056;;;22F192;20220630;EcritureLib_1086;20221116;0,00;4713,98;C;OD/4;;
OD;Oprations diverses;OD/4;20220630;42820000;CompteLib_0057;;;22F192;20220630;EcritureLib_1086;20221116;0,00;1806,72;C;OD/4;;
OD;Oprations diverses;OD/4;20220630;43100000;CompteLib_0058;;;22F192;20220630;EcritureLib_1086;20221116;0,00;595,99;C;OD/4;;
OD;Oprations diverses;OD/4;20220630;43720000;CompteLib_0059;;;22F192;20220630;EcritureLib_1086;20221116;0,00;144,17;C;OD/4;;
OD;Oprations diverses;OD/4;20220630;43730000;CompteLib_0060;;;22F192;20220630;EcritureLib_1086;20221116;0,00;124,40;C;OD/4;;
OD;Oprations diverses;OD/4;20220630;43820000;CompteLib_0061;;;22F192;20220630;EcritureLib_1086;20221116;0,00;144,62;C;OD/4;;
OD;Oprations diverses;OD/4;20220630;43860000;CompteLib_0062;;;22F192;20220630;EcritureLib_1086;20221116;0,00;6079,00;C;OD/4;;
OD;Oprations diverses;OD/4;20220630;43860200;CompteLib_0063;;;22F192;20220630;EcritureLib_1086;20221116;0,00;6512,00;C;OD/4;;
OD;Oprations diverses;OD/4;20220630;44551000;CompteLib_0064;;;22F192;20220630;EcritureLib_1086;20221116;0,00;553,00;C;OD/4;;
OD;Oprations diverses;OD/4;20220630;44566100;CompteLib_0005;;;22F192;20220630;EcritureLib_1086;20221116;988,91;0,00;D;OD/4;;
OD;Oprations diverses;OD/4;20220630;44571200;CompteLib_0065;;;22F192;20220630;EcritureLib_1086;20221116;25,83;0,00;D;OD/4;;
OD;Oprations diverses;OD/4;20220630;44571700;CompteLib_0037;;;22F192;20220630;EcritureLib_1086;20221116;29,87;0,00;D;OD/4;;
OD;Oprations diverses;OD/4;20220630;44571800;CompteLib_0024;;;22F192;20220630;EcritureLib_1086;20221116;415,76;0,00;D;OD/4;;
OD;Oprations diverses;OD/4;20220630;44860000;CompteLib_0066;;;22F192;20220630;EcritureLib_1086;20221116;0,00;469,00;C;OD/4;;
OD;Oprations diverses;OD/4;20220630;44862000;CompteLib_0067;;;22F192;20220630;EcritureLib_1086;20221116;0,00;12,08;C;OD/4;;
OD;Oprations diverses;OD/4;20220630;45500000;CompteLib_0068;;;22F192;20220630;EcritureLib_1086;20221116;0,00;3000,00;C;OD/4;;
OD;Oprations diverses;OD/4;20220630;45520000;CompteLib_0027;;;22F192;20220630;EcritureLib_1086;20221116;0,00;3963,09;C;OD/4;;
OD;Oprations diverses;OD/4;20220630;48600000;CompteLib_0069;;;22F192;20220630;EcritureLib_1086;20221116;1162,87;0,00;D;OD/4;;
OD;Oprations diverses;OD/4;20220630;51100000;CompteLib_0070;;;22F192;20220630;EcritureLib_1086;20221116;2234,02;0,00;D;OD/4;;
OD;Oprations diverses;OD/4;20220630;51200000;CompteLib_0002;;;22F192;20220630;EcritureLib_1086;20221116;32307,03;0,00;D;OD/4;;
OD;Oprations diverses;OD/4;20220630;51210000;CompteLib_0071;;;22F192;20220630;EcritureLib_1086;20221116;30006,70;0,00;D;OD/4;;
OD;Oprations diverses;OD/4;20220630;53000000;CompteLib_0039;;;22F192;20220630;EcritureLib_1086;20221116;671,01;0,00;D;OD/4;;
OD;Oprations diverses;OD/4;20220630;60100000;CompteLib_0008;;;22F192;20220630;EcritureLib_1086;20221116;39553,56;0,00;D;OD/4;;
OD;Oprations diverses;OD/4;20220630;60310000;CompteLib_0072;;;22F192;20220630;EcritureLib_1086;20221116;121,26;0,00;D;OD/4;;
OD;Oprations diverses;OD/4;20220630;60320000;CompteLib_0073;;;22F192;20220630;EcritureLib_1086;20221116;0,00;947,78;C;OD/4;;
OD;Oprations diverses;OD/4;20220630;60370000;CompteLib_0074;;;22F192;20220630;EcritureLib_1086;20221116;0,00;484,48;C;OD/4;;
OD;Oprations diverses;OD/4;20220630;60610000;CompteLib_0022;;;22F192;20220630;EcritureLib_1086;20221116;2221,41;0,00;D;OD/4;;
OD;Oprations diverses;OD/4;20220630;60630000;CompteLib_0009;;;22F192;20220630;EcritureLib_1086;20221116;2593,05;0,00;D;OD/4;;
OD;Oprations diverses;OD/4;20220630;60640000;CompteLib_0016;;;22F192;20220630;EcritureLib_1086;20221116;126,49;0,00;D;OD/4;;
OD;Oprations diverses;OD/4;20220630;60700000;CompteLib_0033;;;22F192;20220630;EcritureLib_1086;20221116;2668,35;0,00;D;OD/4;;
OD;Oprations diverses;OD/4;20220630;61100000;CompteLib_0011;;;22F192;20220630;EcritureLib_1086;20221116;606,58;0,00;D;OD/4;;
OD;Oprations diverses;OD/4;20220630;61321000;CompteLib_0006;;;22F192;20220630;EcritureLib_1086;20221116;22707,42;0,00;D;OD/4;;
OD;Oprations diverses;OD/4;20220630;61351000;CompteLib_0023;;;22F192;20220630;EcritureLib_1086;20221116;161,94;0,00;D;OD/4;;
OD;Oprations diverses;OD/4;20220630;61352000;CompteLib_0075;;;22F192;20220630;EcritureLib_1086;20221116;312,00;0,00;D;OD/4;;
OD;Oprations diverses;OD/4;20220630;61353000;CompteLib_0076;;;22F192;20220630;EcritureLib_1086;20221116;358,80;0,00;D;OD/4;;
OD;Oprations diverses;OD/4;20220630;61354000;CompteLib_0077;;;22F192;20220630;EcritureLib_1086;20221116;3216,00;0,00;D;OD/4;;
OD;Oprations diverses;OD/4;20220630;61355000;CompteLib_0078;;;22F192;20220630;EcritureLib_1086;20221116;91,63;0,00;D;OD/4;;
OD;Oprations diverses;OD/4;20220630;61400000;CompteLib_0079;;;22F192;20220630;EcritureLib_1086;20221116;2730,00;0,00;D;OD/4;;
OD;Oprations diverses;OD/4;20220630;61500000;CompteLib_0031;;;22F192;20220630;EcritureLib_1086;20221116;1120,55;0,00;D;OD/4;;
OD;Oprations diverses;OD/4;20220630;61510000;CompteLib_0080;;;22F192;20220630;EcritureLib_1086;20221116;701,35;0,00;D;OD/4;;
OD;Oprations diverses;OD/4;20220630;61600000;CompteLib_0021;;;22F192;20220630;EcritureLib_1086;20221116;1365,05;0,00;D;OD/4;;
OD;Oprations diverses;OD/4;20220630;62261000;CompteLib_0032;;;22F192;20220630;EcritureLib_1086;20221116;2303,10;0,00;D;OD/4;;
OD;Oprations diverses;OD/4;20220630;62270000;CompteLib_0081;;;22F192;20220630;EcritureLib_1086;20221116;38,22;0,00;D;OD/4;;
OD;Oprations diverses;OD/4;20220630;62310000;CompteLib_0015;;;22F192;20220630;EcritureLib_1086;20221116;163,55;0,00;D;OD/4;;
OD;Oprations diverses;OD/4;20220630;62340000;CompteLib_0082;;;22F192;20220630;EcritureLib_1086;20221116;97,45;0,00;D;OD/4;;
OD;Oprations diverses;OD/4;20220630;62510000;CompteLib_0035;;;22F192;20220630;EcritureLib_1086;20221116;499,32;0,00;D;OD/4;;
OD;Oprations diverses;OD/4;20220630;62530000;CompteLib_0013;;;22F192;20220630;EcritureLib_1086;20221116;1353,28;0,00;D;OD/4;;
OD;Oprations diverses;OD/4;20220630;62550000;CompteLib_0083;;;22F192;20220630;EcritureLib_1086;20221116;156,00;0,00;D;OD/4;;
OD;Oprations diverses;OD/4;20220630;62600000;CompteLib_0028;;;22F192;20220630;EcritureLib_1086;20221116;1034,65;0,00;D;OD/4;;
OD;Oprations diverses;OD/4;20220630;62620000;CompteLib_0017;;;22F192;20220630;EcritureLib_1086;20221116;12,96;0,00;D;OD/4;;
OD;Oprations diverses;OD/4;20220630;62700000;CompteLib_0007;;;22F192;20220630;EcritureLib_1086;20221116;1660,21;0,00;D;OD/4;;
OD;Oprations diverses;OD/4;20220630;62710000;CompteLib_0084;;;22F192;20220630;EcritureLib_1086;20221116;892,29;0,00;D;OD/4;;
OD;Oprations diverses;OD/4;20220630;62810000;CompteLib_0012;;;22F192;20220630;EcritureLib_1086;20221116;91,66;0,00;D;OD/4;;
OD;Oprations diverses;OD/4;20220630;63120000;CompteLib_0085;;;22F192;20220630;EcritureLib_1086;20221116;144,24;0,00;D;OD/4;;
OD;Oprations diverses;OD/4;20220630;63330000;CompteLib_0086;;;22F192;20220630;EcritureLib_1086;20221116;116,55;0,00;D;OD/4;;
OD;Oprations diverses;OD/4;20220630;63330100;CompteLib_0087;;;22F192;20220630;EcritureLib_1086;20221116;0,00;119,00;C;OD/4;;
OD;Oprations diverses;OD/4;20220630;63330200;CompteLib_0088;;;22F192;20220630;EcritureLib_1086;20221116;51,00;0,00;D;OD/4;;
OD;Oprations diverses;OD/4;20220630;63330300;CompteLib_0089;;;22F192;20220630;EcritureLib_1086;20221116;51,00;0,00;D;OD/4;;
OD;Oprations diverses;OD/4;20220630;63511000;CompteLib_0090;;;22F192;20220630;EcritureLib_1086;20221116;1406,00;0,00;D;OD/4;;
OD;Oprations diverses;OD/4;20220630;63580000;CompteLib_0036;;;22F192;20220630;EcritureLib_1086;20221116;367,48;0,00;D;OD/4;;
OD;Oprations diverses;OD/4;20220630;63710000;CompteLib_0091;;;22F192;20220630;EcritureLib_1086;20221116;157,00;0,00;D;OD/4;;
OD;Oprations diverses;OD/4;20220630;63710100;CompteLib_0092;;;22F192;20220630;EcritureLib_1086;20221116;0,00;364,00;C;OD/4;;
OD;Oprations diverses;OD/4;20220630;63710200;CompteLib_0093;;;22F192;20220630;EcritureLib_1086;20221116;74,00;0,00;D;OD/4;;
OD;Oprations diverses;OD/4;20220630;64100000;CompteLib_0030;;;22F192;20220630;EcritureLib_1086;20221116;24068,45;0,00;D;OD/4;;
OD;Oprations diverses;OD/4;20220630;64120000;CompteLib_0094;;;22F192;20220630;EcritureLib_1086;20221116;1806,72;0,00;D;OD/4;;
OD;Oprations diverses;OD/4;20220630;64180000;CompteLib_0095;;;22F192;20220630;EcritureLib_1086;20221116;200,00;0,00;D;OD/4;;
OD;Oprations diverses;OD/4;20220630;64400000;CompteLib_0003;;;22F192;20220630;EcritureLib_1086;20221116;17208,00;0,00;D;OD/4;;
OD;Oprations diverses;OD/4;20220630;64401000;CompteLib_0096;;;22F192;20220630;EcritureLib_1086;20221116;0,00;155,00;C;OD/4;;
OD;Oprations diverses;OD/4;20220630;64402000;CompteLib_0097;;;22F192;20220630;EcritureLib_1086;20221116;17208,00;0,00;D;OD/4;;
OD;Oprations diverses;OD/4;20220630;64510000;CompteLib_0098;;;22F192;20220630;EcritureLib_1086;20221116;1299,14;0,00;D;OD/4;;
OD;Oprations diverses;OD/4;20220630;64520000;CompteLib_0099;;;22F192;20220630;EcritureLib_1086;20221116;230,91;0,00;D;OD/4;;
OD;Oprations diverses;OD/4;20220630;64530000;CompteLib_0100;;;22F192;20220630;EcritureLib_1086;20221116;206,58;0,00;D;OD/4;;
OD;Oprations diverses;OD/4;20220630;64580000;CompteLib_0101;;;22F192;20220630;EcritureLib_1086;20221116;149,83;0,00;D;OD/4;;
OD;Oprations diverses;OD/4;20220630;64600000;CompteLib_0102;;;22F192;20220630;EcritureLib_1086;20221116;0,00;535,76;C;OD/4;;
OD;Oprations diverses;OD/4;20220630;64601000;CompteLib_0103;;;22F192;20220630;EcritureLib_1086;20221116;0,00;1844,00;C;OD/4;;
OD;Oprations diverses;OD/4;20220630;64602000;CompteLib_0104;;;22F192;20220630;EcritureLib_1086;20221116;0,00;1776,88;C;OD/4;;
OD;Oprations diverses;OD/4;20220630;64660100;CompteLib_0026;;;22F192;20220630;EcritureLib_1086;20221116;530,21;0,00;D;OD/4;;
OD;Oprations diverses;OD/4;20220630;64660200;CompteLib_0105;;;22F192;20220630;EcritureLib_1086;20221116;612,17;0,00;D;OD/4;;
OD;Oprations diverses;OD/4;20220630;64750000;CompteLib_0106;;;22F192;20220630;EcritureLib_1086;20221116;236,93;0,00;D;OD/4;;
OD;Oprations diverses;OD/4;20220630;65100000;CompteLib_0029;;;22F192;20220630;EcritureLib_1086;20221116;1551,35;0,00;D;OD/4;;
OD;Oprations diverses;OD/4;20220630;65800000;CompteLib_0107;;;22F192;20220630;EcritureLib_1086;20221116;2,73;0,00;D;OD/4;;
OD;Oprations diverses;OD/4;20220630;66100000;CompteLib_0108;;;22F192;20220630;EcritureLib_1086;20221116;1233,73;0,00;D;OD/4;;
OD;Oprations diverses;OD/4;20220630;67120000;CompteLib_0109;;;22F192;20220630;EcritureLib_1086;20221116;158,55;0,00;D;OD/4;;
OD;Oprations diverses;OD/4;20220630;68110000;CompteLib_0110;;;22F192;20220630;EcritureLib_1086;20221116;2396,25;0,00;D;OD/4;;
OD;Oprations diverses;OD/4;20220630;70100000;CompteLib_0111;;;22F192;20220630;EcritureLib_1086;20221116;0,00;138375,03;C;OD/4;;
OD;Oprations diverses;OD/4;20220630;70150000;CompteLib_0112;;;22F192;20220630;EcritureLib_1086;20221116;0,00;132,27;C;OD/4;;
OD;Oprations diverses;OD/4;20220630;70180000;CompteLib_0025;;;22F192;20220630;EcritureLib_1086;20221116;0,00;8460,49;C;OD/4;;
OD;Oprations diverses;OD/4;20220630;70181000;CompteLib_0113;;;22F192;20220630;EcritureLib_1086;20221116;0,00;371,17;C;OD/4;;
OD;Oprations diverses;OD/4;20220630;70700000;CompteLib_0038;;;22F192;20220630;EcritureLib_1086;20221116;0,00;10463,96;C;OD/4;;
OD;Oprations diverses;OD/4;20220630;74000000;CompteLib_0114;;;22F192;20220630;EcritureLib_1086;20221116;0,00;3577,38;C;OD/4;;
OD;Oprations diverses;OD/4;20220630;75800000;CompteLib_0115;;;22F192;20220630;EcritureLib_1086;20221116;0,00;10,14;C;OD/4;;
OD;Oprations diverses;OD/4;20220630;76800000;CompteLib_0116;;;22F192;20220630;EcritureLib_1086;20221116;0,00;6,70;C;OD/4;;
OD;Oprations diverses;OD/4;20220630;77100000;CompteLib_0117;;;22F192;20220630;EcritureLib_1086;20221116;0,00;1635,73;C;OD/4;;
OD;Oprations diverses;OD/4;20220630;79100000;CompteLib_0118;;;22F192;20220630;EcritureLib_1086;20221116;0,00;919,91;C;OD/4;;
OD;Oprations diverses;OD/5;20220630;10130000;CompteLib_0040;;;22F193;20220630;EcritureLib_1087;20221116;0,00;4000,00;C;OD/5;;
OD;Oprations diverses;OD/5;20220630;10611000;CompteLib_0041;;;22F193;20220630;EcritureLib_1087;20221116;0,00;600,00;C;OD/5;;
OD;Oprations diverses;OD/5;20220630;10680000;CompteLib_0042;;;22F193;20220630;EcritureLib_1087;20221116;0,00;29228,67;C;OD/5;;
OD;Oprations diverses;OD/5;20220630;16400000;CompteLib_0018;;;22F193;20220630;EcritureLib_1087;20221116;0,00;36214,44;C;OD/5;;
OD;Oprations diverses;OD/5;20220630;20600000;CompteLib_0043;;;22F193;20220630;EcritureLib_1087;20221116;20000,00;0,00;D;OD/5;;
OD;Oprations diverses;OD/5;20220630;21540000;CompteLib_0044;;;22F193;20220630;EcritureLib_1087;20221116;13920,71;0,00;D;OD/5;;
OD;Oprations diverses;OD/5;20220630;21810000;CompteLib_0045;;;22F193;20220630;EcritureLib_1087;20221116;5307,08;0,00;D;OD/5;;
OD;Oprations diverses;OD/5;20220630;21830000;CompteLib_0046;;;22F193;20220630;EcritureLib_1087;20221116;508,00;0,00;D;OD/5;;
OD;Oprations diverses;OD/5;20220630;21840000;CompteLib_0047;;;22F193;20220630;EcritureLib_1087;20221116;1254,42;0,00;D;OD/5;;
OD;Oprations diverses;OD/5;20220630;27500000;CompteLib_0048;;;22F193;20220630;EcritureLib_1087;20221116;5100,00;0,00;D;OD/5;;
OD;Oprations diverses;OD/5;20220630;28154000;CompteLib_0049;;;22F193;20220630;EcritureLib_1087;20221116;0,00;6991,57;C;OD/5;;
OD;Oprations diverses;OD/5;20220630;28181000;CompteLib_0050;;;22F193;20220630;EcritureLib_1087;20221116;0,00;2058,63;C;OD/5;;
OD;Oprations diverses;OD/5;20220630;28183000;CompteLib_0051;;;22F193;20220630;EcritureLib_1087;20221116;0,00;508,00;C;OD/5;;
OD;Oprations diverses;OD/5;20220630;28184000;CompteLib_0052;;;22F193;20220630;EcritureLib_1087;20221116;0,00;501,08;C;OD/5;;
OD;Oprations diverses;OD/5;20220630;31000000;CompteLib_0053;;;22F193;20220630;EcritureLib_1087;20221116;1319,54;0,00;D;OD/5;;
OD;Oprations diverses;OD/5;20220630;32600000;CompteLib_0054;;;22F193;20220630;EcritureLib_1087;20221116;947,78;0,00;D;OD/5;;
OD;Oprations diverses;OD/5;20220630;37000000;CompteLib_0055;;;22F193;20220630;EcritureLib_1087;20221116;1775,64;0,00;D;OD/5;;
OD;Oprations diverses;OD/5;20220630;40100000;CompteLib_0056;;;22F193;20220630;EcritureLib_1087;20221116;0,00;4713,98;C;OD/5;;
OD;Oprations diverses;OD/5;20220630;42820000;CompteLib_0057;;;22F193;20220630;EcritureLib_1087;20221116;0,00;1806,72;C;OD/5;;
OD;Oprations diverses;OD/5;20220630;43100000;CompteLib_0058;;;22F193;20220630;EcritureLib_1087;20221116;0,00;595,99;C;OD/5;;
OD;Oprations diverses;OD/5;20220630;43720000;CompteLib_0059;;;22F193;20220630;EcritureLib_1087;20221116;0,00;144,17;C;OD/5;;
OD;Oprations diverses;OD/5;20220630;43730000;CompteLib_0060;;;22F193;20220630;EcritureLib_1087;20221116;0,00;124,40;C;OD/5;;
OD;Oprations diverses;OD/5;20220630;43820000;CompteLib_0061;;;22F193;20220630;EcritureLib_1087;20221116;0,00;144,62;C;OD/5;;
OD;Oprations diverses;OD/5;20220630;43860000;CompteLib_0062;;;22F193;20220630;EcritureLib_1087;20221116;0,00;6079,00;C;OD/5;;
OD;Oprations diverses;OD/5;20220630;43860200;CompteLib_0063;;;22F193;20220630;EcritureLib_1087;20221116;0,00;6512,00;C;OD/5;;
OD;Oprations diverses;OD/5;20220630;44551000;CompteLib_0064;;;22F193;20220630;EcritureLib_1087;20221116;0,00;553,00;C;OD/5;;
OD;Oprations diverses;OD/5;20220630;44566100;CompteLib_0005;;;22F193;20220630;EcritureLib_1087;20221116;988,91;0,00;D;OD/5;;
OD;Oprations diverses;OD/5;20220630;44571200;CompteLib_0065;;;22F193;20220630;EcritureLib_1087;20221116;25,83;0,00;D;OD/5;;
OD;Oprations diverses;OD/5;20220630;44571700;CompteLib_0037;;;22F193;20220630;EcritureLib_1087;20221116;29,87;0,00;D;OD/5;;
OD;Oprations diverses;OD/5;20220630;44571800;CompteLib_0024;;;22F193;20220630;EcritureLib_1087;20221116;415,76;0,00;D;OD/5;;
OD;Oprations diverses;OD/5;20220630;44860000;CompteLib_0066;;;22F193;20220630;EcritureLib_1087;20221116;0,00;469,00;C;OD/5;;
OD;Oprations diverses;OD/5;20220630;44862000;CompteLib_0067;;;22F193;20220630;EcritureLib_1087;20221116;0,00;12,08;C;OD/5;;
OD;Oprations diverses;OD/5;20220630;45500000;CompteLib_0068;;;22F193;20220630;EcritureLib_1087;20221116;0,00;3000,00;C;OD/5;;
OD;Oprations diverses;OD/5;20220630;45520000;CompteLib_0027;;;22F193;20220630;EcritureLib_1087;20221116;0,00;3963,09;C;OD/5;;
OD;Oprations diverses;OD/5;20220630;48600000;CompteLib_0069;;;22F193;20220630;EcritureLib_1087;20221116;1162,87;0,00;D;OD/5;;
OD;Oprations diverses;OD/5;20220630;51100000;CompteLib_0070;;;22F193;20220630;EcritureLib_1087;20221116;2234,02;0,00;D;OD/5;;
OD;Oprations diverses;OD/5;20220630;51200000;CompteLib_0002;;;22F193;20220630;EcritureLib_1087;20221116;32307,03;0,00;D;OD/5;;
OD;Oprations diverses;OD/5;20220630;51210000;CompteLib_0071;;;22F193;20220630;EcritureLib_1087;20221116;30006,70;0,00;D;OD/5;;
OD;Oprations diverses;OD/5;20220630;53000000;CompteLib_0039;;;22F193;20220630;EcritureLib_1087;20221116;671,01;0,00;D;OD/5;;
OD;Oprations diverses;OD/5;20220630;60100000;CompteLib_0008;;;22F193;20220630;EcritureLib_1087;20221116;39553,56;0,00;D;OD/5;;
OD;Oprations diverses;OD/5;20220630;60310000;CompteLib_0072;;;22F193;20220630;EcritureLib_1087;20221116;121,26;0,00;D;OD/5;;
OD;Oprations diverses;OD/5;20220630;60320000;CompteLib_0073;;;22F193;20220630;EcritureLib_1087;20221116;0,00;947,78;C;OD/5;;
OD;Oprations diverses;OD/5;20220630;60370000;CompteLib_0074;;;22F193;20220630;EcritureLib_1087;20221116;0,00;484,48;C;OD/5;;
OD;Oprations diverses;OD/5;20220630;60610000;CompteLib_0022;;;22F193;20220630;EcritureLib_1087;20221116;2221,41;0,00;D;OD/5;;
OD;Oprations diverses;OD/5;20220630;60630000;CompteLib_0009;;;22F193;20220630;EcritureLib_1087;20221116;2593,05;0,00;D;OD/5;;
OD;Oprations diverses;OD/5;20220630;60640000;CompteLib_0016;;;22F193;20220630;EcritureLib_1087;20221116;126,49;0,00;D;OD/5;;
OD;Oprations diverses;OD/5;20220630;60700000;CompteLib_0033;;;22F193;20220630;EcritureLib_1087;20221116;2668,35;0,00;D;OD/5;;
OD;Oprations diverses;OD/5;20220630;61100000;CompteLib_0011;;;22F193;20220630;EcritureLib_1087;20221116;606,58;0,00;D;OD/5;;
OD;Oprations diverses;OD/5;20220630;61321000;CompteLib_0006;;;22F193;20220630;EcritureLib_1087;20221116;22707,42;0,00;D;OD/5;;
OD;Oprations diverses;OD/5;20220630;61351000;CompteLib_0023;;;22F193;20220630;EcritureLib_1087;20221116;161,94;0,00;D;OD/5;;
OD;Oprations diverses;OD/5;20220630;61352000;CompteLib_0075;;;22F193;20220630;EcritureLib_1087;20221116;312,00;0,00;D;OD/5;;
OD;Oprations diverses;OD/5;20220630;61353000;CompteLib_0076;;;22F193;20220630;EcritureLib_1087;20221116;358,80;0,00;D;OD/5;;
OD;Oprations diverses;OD/5;20220630;61354000;CompteLib_0077;;;22F193;20220630;EcritureLib_1087;20221116;3216,00;0,00;D;OD/5;;
OD;Oprations diverses;OD/5;20220630;61355000;CompteLib_0078;;;22F193;20220630;EcritureLib_1087;20221116;91,63;0,00;D;OD/5;;
OD;Oprations diverses;OD/5;20220630;61400000;CompteLib_0079;;;22F193;20220630;EcritureLib_1087;20221116;2730,00;0,00;D;OD/5;;
OD;Oprations diverses;OD/5;20220630;61500000;CompteLib_0031;;;22F193;20220630;EcritureLib_1087;20221116;1120,55;0,00;D;OD/5;;
OD;Oprations diverses;OD/5;20220630;61510000;CompteLib_0080;;;22F193;20220630;EcritureLib_1087;20221116;701,35;0,00;D;OD/5;;
OD;Oprations diverses;OD/5;20220630;61600000;CompteLib_0021;;;22F193;20220630;EcritureLib_1087;20221116;1365,05;0,00;D;OD/5;;
OD;Oprations diverses;OD/5;20220630;62261000;CompteLib_0032;;;22F193;20220630;EcritureLib_1087;20221116;2303,10;0,00;D;OD/5;;
OD;Oprations diverses;OD/5;20220630;62270000;CompteLib_0081;;;22F193;20220630;EcritureLib_1087;20221116;38,22;0,00;D;OD/5;;
OD;Oprations diverses;OD/5;20220630;62310000;CompteLib_0015;;;22F193;20220630;EcritureLib_1087;20221116;163,55;0,00;D;OD/5;;
OD;Oprations diverses;OD/5;20220630;62340000;CompteLib_0082;;;22F193;20220630;EcritureLib_1087;20221116;97,45;0,00;D;OD/5;;
OD;Oprations diverses;OD/5;20220630;62510000;CompteLib_0035;;;22F193;20220630;EcritureLib_1087;20221116;499,32;0,00;D;OD/5;;
OD;Oprations diverses;OD/5;20220630;62530000;CompteLib_0013;;;22F193;20220630;EcritureLib_1087;20221116;1353,28;0,00;D;OD/5;;
OD;Oprations diverses;OD/5;20220630;62550000;CompteLib_0083;;;22F193;20220630;EcritureLib_1087;20221116;156,00;0,00;D;OD/5;;
OD;Oprations diverses;OD/5;20220630;62600000;CompteLib_0028;;;22F193;20220630;EcritureLib_1087;20221116;1034,65;0,00;D;OD/5;;
OD;Oprations diverses;OD/5;20220630;62620000;CompteLib_0017;;;22F193;20220630;EcritureLib_1087;20221116;12,96;0,00;D;OD/5;;
OD;Oprations diverses;OD/5;20220630;62700000;CompteLib_0007;;;22F193;20220630;EcritureLib_1087;20221116;1660,21;0,00;D;OD/5;;
OD;Oprations diverses;OD/5;20220630;62710000;CompteLib_0084;;;22F193;20220630;EcritureLib_1087;20221116;892,29;0,00;D;OD/5;;
OD;Oprations diverses;OD/5;20220630;62810000;CompteLib_0012;;;22F193;20220630;EcritureLib_1087;20221116;91,66;0,00;D;OD/5;;
OD;Oprations diverses;OD/5;20220630;63120000;CompteLib_0085;;;22F193;20220630;EcritureLib_1087;20221116;144,24;0,00;D;OD/5;;
OD;Oprations diverses;OD/5;20220630;63330000;CompteLib_0086;;;22F193;20220630;EcritureLib_1087;20221116;116,55;0,00;D;OD/5;;
OD;Oprations diverses;OD/5;20220630;63330100;CompteLib_0087;;;22F193;20220630;EcritureLib_1087;20221116;0,00;119,00;C;OD/5;;
OD;Oprations diverses;OD/5;20220630;63330200;CompteLib_0088;;;22F193;20220630;EcritureLib_1087;20221116;51,00;0,00;D;OD/5;;
OD;Oprations diverses;OD/5;20220630;63330300;CompteLib_0089;;;22F193;20220630;EcritureLib_1087;20221116;51,00;0,00;D;OD/5;;
OD;Oprations diverses;OD/5;20220630;63511000;CompteLib_0090;;;22F193;20220630;EcritureLib_1087;20221116;1406,00;0,00;D;OD/5;;
OD;Oprations diverses;OD/5;20220630;63580000;CompteLib_0036;;;22F193;20220630;EcritureLib_1087;20221116;367,48;0,00;D;OD/5;;
OD;Oprations diverses;OD/5;20220630;63710000;CompteLib_0091;;;22F193;20220630;EcritureLib_1087;20221116;157,00;0,00;D;OD/5;;
OD;Oprations diverses;OD/5;20220630;63710100;CompteLib_0092;;;22F193;20220630;EcritureLib_1087;20221116;0,00;364,00;C;OD/5;;
OD;Oprations diverses;OD/5;20220630;63710200;CompteLib_0093;;;22F193;20220630;EcritureLib_1087;20221116;74,00;0,00;D;OD/5;;
OD;Oprations diverses;OD/5;20220630;64100000;CompteLib_0030;;;22F193;20220630;EcritureLib_1087;20221116;24068,45;0,00;D;OD/5;;
OD;Oprations diverses;OD/5;20220630;64120000;CompteLib_0094;;;22F193;20220630;EcritureLib_1087;20221116;1806,72;0,00;D;OD/5;;
OD;Oprations diverses;OD/5;20220630;64180000;CompteLib_0095;;;22F193;20220630;EcritureLib_1087;20221116;200,00;0,00;D;OD/5;;
OD;Oprations diverses;OD/5;20220630;64400000;CompteLib_0003;;;22F193;20220630;EcritureLib_1087;20221116;17208,00;0,00;D;OD/5;;
OD;Oprations diverses;OD/5;20220630;64401000;CompteLib_0096;;;22F193;20220630;EcritureLib_1087;20221116;0,00;155,00;C;OD/5;;
OD;Oprations diverses;OD/5;20220630;64402000;CompteLib_0097;;;22F193;20220630;EcritureLib_1087;20221116;17208,00;0,00;D;OD/5;;
OD;Oprations diverses;OD/5;20220630;64510000;CompteLib_0098;;;22F193;20220630;EcritureLib_1087;20221116;1299,14;0,00;D;OD/5;;
OD;Oprations diverses;OD/5;20220630;64520000;CompteLib_0099;;;22F193;20220630;EcritureLib_1087;20221116;230,91;0,00;D;OD/5;;
OD;Oprations diverses;OD/5;20220630;64530000;CompteLib_0100;;;22F193;20220630;EcritureLib_1087;20221116;206,58;0,00;D;OD/5;;
OD;Oprations diverses;OD/5;20220630;64580000;CompteLib_0101;;;22F193;20220630;EcritureLib_1087;20221116;149,83;0,00;D;OD/5;;
OD;Oprations diverses;OD/5;20220630;64600000;CompteLib_0102;;;22F193;20220630;EcritureLib_1087;20221116;0,00;535,76;C;OD/5;;
OD;Oprations diverses;OD/5;20220630;64601000;CompteLib_0103;;;22F193;20220630;EcritureLib_1087;20221116;0,00;1844,00;C;OD/5;;
OD;Oprations diverses;OD/5;20220630;64602000;CompteLib_0104;;;22F193;20220630;EcritureLib_1087;20221116;0,00;1776,88;C;OD/5;;
OD;Oprations diverses;OD/5;20220630;64660100;CompteLib_0026;;;22F193;20220630;EcritureLib_1087;20221116;530,21;0,00;D;OD/5;;
OD;Oprations diverses;OD/5;20220630;64660200;CompteLib_0105;;;22F193;20220630;EcritureLib_1087;20221116;612,17;0,00;D;OD/5;;
OD;Oprations diverses;OD/5;20220630;64750000;CompteLib_0106;;;22F193;20220630;EcritureLib_1087;20221116;236,93;0,00;D;OD/5;;
OD;Oprations diverses;OD/5;20220630;65100000;CompteLib_0029;;;22F193;20220630;EcritureLib_1087;20221116;1551,35;0,00;D;OD/5;;
OD;Oprations diverses;OD/5;20220630;65800000;CompteLib_0107;;;22F193;20220630;EcritureLib_1087;20221116;2,73;0,00;D;OD/5;;
OD;Oprations diverses;OD/5;20220630;66100000;CompteLib_0108;;;22F193;20220630;EcritureLib_1087;20221116;1233,73;0,00;D;OD/5;;
OD;Oprations diverses;OD/5;20220630;67120000;CompteLib_0109;;;22F193;20220630;EcritureLib_1087;20221116;158,55;0,00;D;OD/5;;
OD;Oprations diverses;OD/5;20220630;68110000;CompteLib_0110;;;22F193;20220630;EcritureLib_1087;20221116;2396,25;0,00;D;OD/5;;
OD;Oprations diverses;OD/5;20220630;70100000;CompteLib_0111;;;22F193;20220630;EcritureLib_1087;20221116;0,00;138375,03;C;OD/5;;
OD;Oprations diverses;OD/5;20220630;70150000;CompteLib_0112;;;22F193;20220630;EcritureLib_1087;20221116;0,00;132,27;C;OD/5;;
OD;Oprations diverses;OD/5;20220630;70180000;CompteLib_0025;;;22F193;20220630;EcritureLib_1087;20221116;0,00;8460,49;C;OD/5;;
OD;Oprations diverses;OD/5;20220630;70181000;CompteLib_0113;;;22F193;20220630;EcritureLib_1087;20221116;0,00;371,17;C;OD/5;;
OD;Oprations diverses;OD/5;20220630;70700000;CompteLib_0038;;;22F193;20220630;EcritureLib_1087;20221116;0,00;10463,96;C;OD/5;;
OD;Oprations diverses;OD/5;20220630;74000000;CompteLib_0114;;;22F193;20220630;EcritureLib_1087;20221116;0,00;3577,38;C;OD/5;;
OD;Oprations diverses;OD/5;20220630;75800000;CompteLib_0115;;;22F193;20220630;EcritureLib_1087;20221116;0,00;10,14;C;OD/5;;
OD;Oprations diverses;OD/5;20220630;76800000;CompteLib_0116;;;22F193;20220630;EcritureLib_1087;20221116;0,00;6,70;C;OD/5;;
OD;Oprations diverses;OD/5;20220630;77100000;CompteLib_0117;;;22F193;20220630;EcritureLib_1087;20221116;0,00;1635,73;C;OD/5;;
OD;Oprations diverses;OD/5;20220630;79100000;CompteLib_0118;;;22F193;20220630;EcritureLib_1087;20221116;0,00;919,91;C;OD/5;;
