JournalCode;JournalLib;EcritureNum;EcritureDate;CompteNum;CompteLib;CompAuxNum;CompAuxLib;PieceRef;PieceDate;EcritureLib;ValidDate;MontantDebit;MontantCredit;Sens;RefEcriture;EcritureLet;DateLet
AN;A Nouveau;;20250101;10130000;CompteLib_0001;;;25A1;20250101;EcritureLib_0001;;0,00;3000,00;C;;;
AN;A Nouveau;;20250101;16400000;CompteLib_0002;;;25A1;20250101;EcritureLib_0002;;0,00;54123,17;C;;;
AN;A Nouveau;;20250101;16884000;CompteLib_0003;;;25A1;20250101;EcritureLib_0003;;0,00;100,22;C;;;
AN;A Nouveau;;20250101;20500000;CompteLib_0004;;;25A1;20250101;EcritureLib_0004;;500,00;0,00;D;;;
AN;A Nouveau;;20250101;21820000;CompteLib_0005;;;25A1;20250101;EcritureLib_0005;;54166,67;0,00;D;;;
AN;A Nouveau;;20250101;28182000;CompteLib_0006;;;25A1;20250101;EcritureLib_0006;;0,00;17829,86;C;;;
AN;A Nouveau;;20250101;42100000;CompteLib_0007;;;25A1;20250101;EcritureLib_0007;;0,00;12866,43;C;;;
AN;A Nouveau;;20250101;42820000;CompteLib_0008;;;25A1;20250101;EcritureLib_0008;;0,00;2345,54;C;;;
AN;A Nouveau;;20250101;43100000;CompteLib_0009;;;25A1;20250101;EcritureLib_0009;;0,00;296,52;C;;O;20250708
AN;A Nouveau;;20250101;43702000;CompteLib_0010;;;25A1;20250101;EcritureLib_0010;;26,86;0,00;D;;;
AN;A Nouveau;;20250101;43703000;CompteLib_0011;;;25A1;20250101;EcritureLib_0011;;0,00;65,84;C;;N;20250708
AN;A Nouveau;;20250101;43820000;CompteLib_0012;;;25A1;20250101;EcritureLib_0012;;0,00;199,37;C;;;
AN;A Nouveau;;20250101;44562000;CompteLib_0013;;;25A1;20250101;EcritureLib_0013;;100,00;0,00;D;;B;20251023
AN;A Nouveau;;20250101;44566000;CompteLib_0014;;;25A1;20250101;EcritureLib_0014;;0,00;34,30;C;;;
AN;A Nouveau;;20250101;44567000;CompteLib_0015;;;25A1;20250101;EcritureLib_0015;;1169,00;0,00;D;;O;20250522
AN;A Nouveau;;20250101;44571100;CompteLib_0016;;;25A1;20250101;EcritureLib_0016;;0,00;232,11;C;;;
AN;A Nouveau;;20250101;44571200;CompteLib_0017;;;25A1;20250101;EcritureLib_0017;;0,00;23,69;C;;;
AN;A Nouveau;;20250101;44571210;CompteLib_0018;;;25A1;20250101;EcritureLib_0018;;0,00;63,70;C;;;
AN;A Nouveau;;20250101;45500001;CompteLib_0019;;;25A1;20250101;EcritureLib_0019;;0,00;21156,02;C;;;
AN;A Nouveau;;20250101;48600000;CompteLib_0020;;;25A1;20250101;EcritureLib_0020;;56,40;0,00;D;;;
AN;A Nouveau;;20250101;51200000;CompteLib_0021;;;25A1;20250101;EcritureLib_0021;;2113,42;0,00;D;;;
AN;A Nouveau;;20250101;53000000;CompteLib_0022;;;25A1;20250101;EcritureLib_0022;;135,50;0,00;D;;;
AN;A Nouveau;;20250101;12900000;CompteLib_0023;;;25A1;20250101;EcritureLib_0023;;54068,92;0,00;D;;;
AT;Achats Tiime;;20250103;62260100;CompteLib_0024;;;2025-134;20250103;EcritureLib_0024;;570,00;0,00;D;;;
AT;Achats Tiime;;20250103;40100000;CompteLib_0025;FANGLEDROIT;ANGLE DROIT;2025-134;20250103;EcritureLib_0024;;0,00;570,00;C;;A;20250701
AT;Achats Tiime;;20250108;60100000;CompteLib_0026;;;25A13;20250108;EcritureLib_0025;;5,57;0,00;D;;;
AT;Achats Tiime;;20250108;44566000;CompteLib_0014;;;25A13;20250108;EcritureLib_0025;;1,11;0,00;D;;;
AT;Achats Tiime;;20250108;40100000;CompteLib_0025;PROMOCASH;PROMOCASH;25A13;20250108;EcritureLib_0025;;0,00;6,68;C;;AF;20250521
AT;Achats Tiime;;20250108;60100000;CompteLib_0026;;;20221214144;20250108;EcritureLib_0025;;45,27;0,00;D;;;
AT;Achats Tiime;;20250108;44566000;CompteLib_0014;;;20221214144;20250108;EcritureLib_0025;;2,49;0,00;D;;;
AT;Achats Tiime;;20250108;40100000;CompteLib_0025;PROMOCASH;PROMOCASH;20221214144;20250108;EcritureLib_0025;;0,00;47,76;C;;AE;20250521
AT;Achats Tiime;;20250109;60100000;CompteLib_0026;;;0001-69214;20250109;EcritureLib_0025;;41,01;0,00;D;;;
AT;Achats Tiime;;20250109;44566000;CompteLib_0014;;;0001-69214;20250109;EcritureLib_0025;;8,20;0,00;D;;;
AT;Achats Tiime;;20250109;40100000;CompteLib_0025;PROMOCASH;PROMOCASH;0001-69214;20250109;EcritureLib_0025;;0,00;49,21;C;;AD;20250521
AT;Achats Tiime;;20250110;60710000;CompteLib_0027;;;FA2501-0596;20250110;EcritureLib_0026;;163,50;0,00;D;;;
AT;Achats Tiime;;20250110;44566000;CompteLib_0014;;;FA2501-0596;20250110;EcritureLib_0026;;9,00;0,00;D;;;
AT;Achats Tiime;;20250110;40100000;CompteLib_0025;HAART;HAART;FA2501-0596;20250110;EcritureLib_0026;;0,00;172,50;C;;D;20250701
AT;Achats Tiime;;20250110;60100000;CompteLib_0026;;;59650;20250110;EcritureLib_0025;;71,22;0,00;D;;;
AT;Achats Tiime;;20250110;44566000;CompteLib_0014;;;59650;20250110;EcritureLib_0025;;9,32;0,00;D;;;
AT;Achats Tiime;;20250110;40100000;CompteLib_0025;PROMOCASH;PROMOCASH;59650;20250110;EcritureLib_0025;;0,00;80,54;C;;M;20250311
AT;Achats Tiime;;20250110;60100000;CompteLib_0026;;;25A29;20250110;EcritureLib_0025;;233,52;0,00;D;;;
AT;Achats Tiime;;20250110;44566000;CompteLib_0014;;;25A29;20250110;EcritureLib_0025;;40,02;0,00;D;;;
AT;Achats Tiime;;20250110;40100000;CompteLib_0025;PROMOCASH;PROMOCASH;25A29;20250110;EcritureLib_0025;;0,00;273,54;C;;N;20250311
AT;Achats Tiime;;20250116;60100000;CompteLib_0026;;;25A48;20250116;EcritureLib_0025;;78,06;0,00;D;;;
AT;Achats Tiime;;20250116;44566000;CompteLib_0014;;;25A48;20250116;EcritureLib_0025;;6,49;0,00;D;;;
AT;Achats Tiime;;20250116;40100000;CompteLib_0025;PROMOCASH;PROMOCASH;25A48;20250116;EcritureLib_0025;;0,00;84,55;C;;L;20250311
AT;Achats Tiime;;20250129;60100000;CompteLib_0026;;;01000.099059;20250129;EcritureLib_0027;;68,58;0,00;D;;;
AT;Achats Tiime;;20250129;44566000;CompteLib_0014;;;01000.099059;20250129;EcritureLib_0027;;3,79;0,00;D;;;
AT;Achats Tiime;;20250129;40100000;CompteLib_0025;FPARISSTORE;PARIS STORE;01000.099059;20250129;EcritureLib_0027;;0,00;72,37;C;;W;20250311
AT;Achats Tiime;;20250129;60100000;CompteLib_0026;;;25A83;20250129;EcritureLib_0025;;52,33;0,00;D;;;
AT;Achats Tiime;;20250129;44566000;CompteLib_0014;;;25A83;20250129;EcritureLib_0025;;6,36;0,00;D;;;
AT;Achats Tiime;;20250129;40100000;CompteLib_0025;PROMOCASH;PROMOCASH;25A83;20250129;EcritureLib_0025;;0,00;58,69;C;;AC;20250521
AT;Achats Tiime;;20250129;60100000;CompteLib_0026;;;25A84;20250129;EcritureLib_0025;;61,58;0,00;D;;;
AT;Achats Tiime;;20250129;44566000;CompteLib_0014;;;25A84;20250129;EcritureLib_0025;;3,39;0,00;D;;;
AT;Achats Tiime;;20250129;40100000;CompteLib_0025;PROMOCASH;PROMOCASH;25A84;20250129;EcritureLib_0025;;0,00;64,97;C;;AB;20250521
AT;Achats Tiime;;20250131;60100000;CompteLib_0026;;;0001-69214;20250131;EcritureLib_0025;;175,07;0,00;D;;;
AT;Achats Tiime;;20250131;44566000;CompteLib_0014;;;0001-69214;20250131;EcritureLib_0025;;21,31;0,00;D;;;
AT;Achats Tiime;;20250131;40100000;CompteLib_0025;PROMOCASH;PROMOCASH;0001-69214;20250131;EcritureLib_0025;;0,00;196,38;C;;K;20250311
AT;Achats Tiime;;20250131;60100000;CompteLib_0026;;;2501004779;20250131;EcritureLib_0028;;115,75;0,00;D;;;
AT;Achats Tiime;;20250131;44566000;CompteLib_0014;;;2501004779;20250131;EcritureLib_0028;;6,37;0,00;D;;;
AT;Achats Tiime;;20250131;40100000;CompteLib_0025;FSOCOVOL;SOCOVOL;2501004779;20250131;EcritureLib_0028;;0,00;122,12;C;;A;20250521
AT;Achats Tiime;;20250131;61320000;CompteLib_0028;;;37/01.00000117;20250131;EcritureLib_0029;;208,12;0,00;D;;;
AT;Achats Tiime;;20250131;44566000;CompteLib_0014;;;37/01.00000117;20250131;EcritureLib_0029;;41,62;0,00;D;;;
AT;Achats Tiime;;20250131;40100000;CompteLib_0025;FLECEANOTHE;LE CEANOTHE;37/01.00000117;20250131;EcritureLib_0029;;0,00;249,74;C;;B;20250701
AT;Achats Tiime;;20250203;60100000;CompteLib_0026;;;25B14;20250203;EcritureLib_0025;;76,55;0,00;D;;;
AT;Achats Tiime;;20250203;44566000;CompteLib_0014;;;25B14;20250203;EcritureLib_0025;;4,21;0,00;D;;;
AT;Achats Tiime;;20250203;40100000;CompteLib_0025;PROMOCASH;PROMOCASH;25B14;20250203;EcritureLib_0025;;0,00;80,76;C;;AG;20250521
AT;Achats Tiime;;20250207;60710000;CompteLib_0027;;;FA2502-0615;20250207;EcritureLib_0030;;65,40;0,00;D;;;
AT;Achats Tiime;;20250207;44566000;CompteLib_0014;;;FA2502-0615;20250207;EcritureLib_0030;;3,60;0,00;D;;;
AT;Achats Tiime;;20250207;40100000;CompteLib_0025;HAART;HAART;FA2502-0615;20250207;EcritureLib_0030;;0,00;69,00;C;;C;20250311
AT;Achats Tiime;;20250207;60100000;CompteLib_0026;;;15;20250207;EcritureLib_0031;;200,00;0,00;D;;;
AT;Achats Tiime;;20250207;44566000;CompteLib_0014;;;15;20250207;EcritureLib_0031;;11,00;0,00;D;;;
AT;Achats Tiime;;20250207;40100000;CompteLib_0025;FASIAFRICA;ASIAFRICA;15;20250207;EcritureLib_0031;;0,00;211,00;C;;;
AT;Achats Tiime;;20250208;60100000;CompteLib_0026;;;2502001136;20250208;EcritureLib_0028;;66,25;0,00;D;;;
AT;Achats Tiime;;20250208;44566000;CompteLib_0014;;;2502001136;20250208;EcritureLib_0028;;3,64;0,00;D;;;
AT;Achats Tiime;;20250208;40100000;CompteLib_0025;FSOCOVOL;SOCOVOL;2502001136;20250208;EcritureLib_0028;;0,00;69,89;C;;C;20250527
AT;Achats Tiime;;20250211;60100000;CompteLib_0026;;;575885;20250211;EcritureLib_0025;;11,55;0,00;D;;;
AT;Achats Tiime;;20250211;44566000;CompteLib_0014;;;575885;20250211;EcritureLib_0025;;0,64;0,00;D;;;
AT;Achats Tiime;;20250211;40100000;CompteLib_0025;PROMOCASH;PROMOCASH;575885;20250211;EcritureLib_0025;;0,00;12,19;C;;H;20250217
AT;Achats Tiime;;20250211;60100000;CompteLib_0026;;;579884;20250211;EcritureLib_0025;;253,16;0,00;D;;;
AT;Achats Tiime;;20250211;44566000;CompteLib_0014;;;579884;20250211;EcritureLib_0025;;13,92;0,00;D;;;
AT;Achats Tiime;;20250211;40100000;CompteLib_0025;PROMOCASH;PROMOCASH;579884;20250211;EcritureLib_0025;;0,00;267,08;C;;P;20250311
AT;Achats Tiime;;20250211;60100000;CompteLib_0026;;;9880001-69214;20250211;EcritureLib_0025;;11,55;0,00;D;;;
AT;Achats Tiime;;20250211;44566000;CompteLib_0014;;;9880001-69214;20250211;EcritureLib_0025;;0,64;0,00;D;;;
AT;Achats Tiime;;20250211;40100000;CompteLib_0025;PROMOCASH;PROMOCASH;9880001-69214;20250211;EcritureLib_0025;;0,00;12,19;C;;;
AT;Achats Tiime;;20250212;60100000;CompteLib_0026;;;20224BUR;20250212;EcritureLib_0025;;23,84;0,00;D;;;
AT;Achats Tiime;;20250212;44566000;CompteLib_0014;;;20224BUR;20250212;EcritureLib_0025;;3,40;0,00;D;;;
AT;Achats Tiime;;20250212;40100000;CompteLib_0025;PROMOCASH;PROMOCASH;20224BUR;20250212;EcritureLib_0025;;0,00;27,24;C;;O;20250311
AT;Achats Tiime;;20250212;60100000;CompteLib_0026;;;202100-195;20250212;EcritureLib_0032;;232,00;0,00;D;;;
AT;Achats Tiime;;20250212;44566000;CompteLib_0014;;;202100-195;20250212;EcritureLib_0032;;12,76;0,00;D;;;
AT;Achats Tiime;;20250212;40100000;CompteLib_0025;FOHCANADA;OH CANADA;202100-195;20250212;EcritureLib_0032;;0,00;244,76;C;;A;20250701
AT;Achats Tiime;;20250213;60100000;CompteLib_0026;;;01.000.099493;20250213;EcritureLib_0033;;96,54;0,00;D;;;
AT;Achats Tiime;;20250213;44566000;CompteLib_0014;;;01.000.099493;20250213;EcritureLib_0033;;5,32;0,00;D;;;
AT;Achats Tiime;;20250213;40100000;CompteLib_0025;FPARISSTORE;PARIS STORE;01.000.099493;20250213;EcritureLib_0033;;0,00;101,86;C;;V;20250311
AT;Achats Tiime;;20250213;60100000;CompteLib_0026;;;20;20250213;EcritureLib_0031;;101,43;0,00;D;;;
AT;Achats Tiime;;20250213;44566000;CompteLib_0014;;;20;20250213;EcritureLib_0031;;5,57;0,00;D;;;
AT;Achats Tiime;;20250213;40100000;CompteLib_0025;FASIAFRICA;ASIAFRICA;20;20250213;EcritureLib_0031;;0,00;107,00;C;;I;20250325
AT;Achats Tiime;;20250213;60100000;CompteLib_0026;;;25B65;20250213;EcritureLib_0034;;6,80;0,00;D;;;
AT;Achats Tiime;;20250213;44566000;CompteLib_0014;;;25B65;20250213;EcritureLib_0034;;0,37;0,00;D;;;
AT;Achats Tiime;;20250213;40100000;CompteLib_0025;FALDI;ALDI;25B65;20250213;EcritureLib_0034;;0,00;7,17;C;;A;20250521
AT;Achats Tiime;;20250214;60100000;CompteLib_0026;;;580564;20250214;EcritureLib_0025;;25,91;0,00;D;;;
AT;Achats Tiime;;20250214;44566000;CompteLib_0014;;;580564;20250214;EcritureLib_0025;;1,43;0,00;D;;;
AT;Achats Tiime;;20250214;40100000;CompteLib_0025;PROMOCASH;PROMOCASH;580564;20250214;EcritureLib_0025;;0,00;27,34;C;;R;20250311
AT;Achats Tiime;;20250215;60616000;CompteLib_0029;;;25B74;20250215;EcritureLib_0035;;53,61;0,00;D;;;
AT;Achats Tiime;;20250215;40100000;CompteLib_0025;FCARBU;CARBURANT;25B74;20250215;EcritureLib_0035;;0,00;53,61;C;;K;20250701
AT;Achats Tiime;;20250215;60100000;CompteLib_0026;;;2502002086;20250215;EcritureLib_0028;;160,00;0,00;D;;;
AT;Achats Tiime;;20250215;44566000;CompteLib_0014;;;2502002086;20250215;EcritureLib_0028;;8,80;0,00;D;;;
AT;Achats Tiime;;20250215;40100000;CompteLib_0025;FSOCOVOL;SOCOVOL;2502002086;20250215;EcritureLib_0028;;0,00;168,80;C;;D;20250707
AT;Achats Tiime;;20250219;60100000;CompteLib_0026;;;0001-69214;20250219;EcritureLib_0025;;41,59;0,00;D;;;
AT;Achats Tiime;;20250219;44566000;CompteLib_0014;;;0001-69214;20250219;EcritureLib_0025;;8,32;0,00;D;;;
AT;Achats Tiime;;20250219;40100000;CompteLib_0025;PROMOCASH;PROMOCASH;0001-69214;20250219;EcritureLib_0025;;0,00;49,91;C;;Q;20250311
AT;Achats Tiime;;20250219;60630000;CompteLib_0030;;;000237000035574;20250219;EcritureLib_0036;;83,25;0,00;D;;;
AT;Achats Tiime;;20250219;44566000;CompteLib_0014;;;000237000035574;20250219;EcritureLib_0036;;16,65;0,00;D;;;
AT;Achats Tiime;;20250219;40100000;CompteLib_0025;FBRICODEPOT;BRICO DEPOT;000237000035574;20250219;EcritureLib_0036;;0,00;99,90;C;;A;20250701
AT;Achats Tiime;;20250220;60100000;CompteLib_0026;;;581430;20250220;EcritureLib_0025;;36,97;0,00;D;;;
AT;Achats Tiime;;20250220;44566000;CompteLib_0014;;;581430;20250220;EcritureLib_0025;;2,03;0,00;D;;;
AT;Achats Tiime;;20250220;40100000;CompteLib_0025;PROMOCASH;PROMOCASH;581430;20250220;EcritureLib_0025;;0,00;39,00;C;;S;20250311
AT;Achats Tiime;;20250220;60100000;CompteLib_0026;;;22022702;20250220;EcritureLib_0025;;91,86;0,00;D;;;
AT;Achats Tiime;;20250220;44566000;CompteLib_0014;;;22022702;20250220;EcritureLib_0025;;5,05;0,00;D;;;
AT;Achats Tiime;;20250220;40100000;CompteLib_0025;PROMOCASH;PROMOCASH;22022702;20250220;EcritureLib_0025;;0,00;96,91;C;;AH;20250521
AT;Achats Tiime;;20250222;60100000;CompteLib_0026;;;58182;20250222;EcritureLib_0025;;124,41;0,00;D;;;
AT;Achats Tiime;;20250222;44566000;CompteLib_0014;;;58182;20250222;EcritureLib_0025;;24,88;0,00;D;;;
AT;Achats Tiime;;20250222;40100000;CompteLib_0025;PROMOCASH;PROMOCASH;58182;20250222;EcritureLib_0025;;0,00;149,29;C;;T;20250311
AT;Achats Tiime;;20250222;60100000;CompteLib_0026;;;8182025;20250222;EcritureLib_0025;;124,41;0,00;D;;;
AT;Achats Tiime;;20250222;44566000;CompteLib_0014;;;8182025;20250222;EcritureLib_0025;;24,88;0,00;D;;;
AT;Achats Tiime;;20250222;40100000;CompteLib_0025;PROMOCASH;PROMOCASH;8182025;20250222;EcritureLib_0025;;0,00;149,29;C;;;
AT;Achats Tiime;;20250225;60100000;CompteLib_0026;;;0766127732;20250225;EcritureLib_0025;;46,91;0,00;D;;;
AT;Achats Tiime;;20250225;44566000;CompteLib_0014;;;0766127732;20250225;EcritureLib_0025;;2,58;0,00;D;;;
AT;Achats Tiime;;20250225;40100000;CompteLib_0025;PROMOCASH;PROMOCASH;0766127732;20250225;EcritureLib_0025;;0,00;49,49;C;;U;20250311
AT;Achats Tiime;;20250225;60100000;CompteLib_0026;;;008740;20250225;EcritureLib_0037;;17,52;0,00;D;;;
AT;Achats Tiime;;20250225;44566000;CompteLib_0014;;;008740;20250225;EcritureLib_0037;;0,98;0,00;D;;;
AT;Achats Tiime;;20250225;40100000;CompteLib_0025;FGRAND;GRAND FRAIS;008740;20250225;EcritureLib_0037;;0,00;18,50;C;;G;20250311
AT;Achats Tiime;;20250225;60100000;CompteLib_0026;;;0001-69214;20250225;EcritureLib_0025;;26,92;0,00;D;;;
AT;Achats Tiime;;20250225;44566000;CompteLib_0014;;;0001-69214;20250225;EcritureLib_0025;;1,48;0,00;D;;;
AT;Achats Tiime;;20250225;40100000;CompteLib_0025;PROMOCASH;PROMOCASH;0001-69214;20250225;EcritureLib_0025;;0,00;28,40;C;;AI;20250521
AT;Achats Tiime;;20250227;60100000;CompteLib_0026;;;0001-69214;20250227;EcritureLib_0025;;243,10;0,00;D;;;
AT;Achats Tiime;;20250227;44566000;CompteLib_0014;;;0001-69214;20250227;EcritureLib_0025;;13,99;0,00;D;;;
AT;Achats Tiime;;20250227;40100000;CompteLib_0025;PROMOCASH;PROMOCASH;0001-69214;20250227;EcritureLib_0025;;0,00;257,09;C;;V;20250311
AT;Achats Tiime;;20250228;60100000;CompteLib_0026;;;0001-69214;20250228;EcritureLib_0025;;142,47;0,00;D;;;
AT;Achats Tiime;;20250228;44566000;CompteLib_0014;;;0001-69214;20250228;EcritureLib_0025;;9,52;0,00;D;;;
AT;Achats Tiime;;20250228;40100000;CompteLib_0025;PROMOCASH;PROMOCASH;0001-69214;20250228;EcritureLib_0025;;0,00;151,99;C;;W;20250311
AT;Achats Tiime;;20250228;60100000;CompteLib_0026;;;008757;20250228;EcritureLib_0038;;21,32;0,00;D;;;
AT;Achats Tiime;;20250228;44566000;CompteLib_0014;;;008757;20250228;EcritureLib_0038;;1,17;0,00;D;;;
AT;Achats Tiime;;20250228;40100000;CompteLib_0025;FGRAND;GRAND FRAIS;008757;20250228;EcritureLib_0038;;0,00;22,49;C;;I;20250311
AT;Achats Tiime;;20250228;60100000;CompteLib_0026;;;2502003918;20250228;EcritureLib_0028;;71,25;0,00;D;;;
AT;Achats Tiime;;20250228;44566000;CompteLib_0014;;;2502003918;20250228;EcritureLib_0028;;3,92;0,00;D;;;
AT;Achats Tiime;;20250228;40100000;CompteLib_0025;FSOCOVOL;SOCOVOL;2502003918;20250228;EcritureLib_0028;;0,00;75,17;C;;B;20250521
AT;Achats Tiime;;20250228;61320000;CompteLib_0028;;;37/01.00000118;20250228;EcritureLib_0029;;510,44;0,00;D;;;
AT;Achats Tiime;;20250228;44566000;CompteLib_0014;;;37/01.00000118;20250228;EcritureLib_0029;;102,09;0,00;D;;;
AT;Achats Tiime;;20250228;40100000;CompteLib_0025;FLECEANOTHE;LE CEANOTHE;37/01.00000118;20250228;EcritureLib_0029;;0,00;612,53;C;;B;20250701
AT;Achats Tiime;;20250228;60100000;CompteLib_0026;;;008757;20250228;EcritureLib_0037;;21,32;0,00;D;;;
AT;Achats Tiime;;20250228;44566000;CompteLib_0014;;;008757;20250228;EcritureLib_0037;;1,17;0,00;D;;;
AT;Achats Tiime;;20250228;40100000;CompteLib_0025;FGRAND;GRAND FRAIS;008757;20250228;EcritureLib_0037;;0,00;22,49;C;;;
AT;Achats Tiime;;20250301;60100000;CompteLib_0026;;;0766127732;20250301;EcritureLib_0025;;23,57;0,00;D;;;
AT;Achats Tiime;;20250301;44566000;CompteLib_0014;;;0766127732;20250301;EcritureLib_0025;;2,35;0,00;D;;;
AT;Achats Tiime;;20250301;40100000;CompteLib_0025;PROMOCASH;PROMOCASH;0766127732;20250301;EcritureLib_0025;;0,00;25,92;C;;X;20250311
AT;Achats Tiime;;20250301;60100000;CompteLib_0026;;;008764;20250301;EcritureLib_0037;;9,80;0,00;D;;;
AT;Achats Tiime;;20250301;44566000;CompteLib_0014;;;008764;20250301;EcritureLib_0037;;0,53;0,00;D;;;
AT;Achats Tiime;;20250301;40100000;CompteLib_0025;FGRAND;GRAND FRAIS;008764;20250301;EcritureLib_0037;;0,00;10,33;C;;H;20250311
AT;Achats Tiime;;20250301;60100000;CompteLib_0026;;;583013;20250301;EcritureLib_0025;;32,87;0,00;D;;;
AT;Achats Tiime;;20250301;44566000;CompteLib_0014;;;583013;20250301;EcritureLib_0025;;1,81;0,00;D;;;
AT;Achats Tiime;;20250301;40100000;CompteLib_0025;PROMOCASH;PROMOCASH;583013;20250301;EcritureLib_0025;;0,00;34,68;C;;Z;20250311
AT;Achats Tiime;;20250301;60616000;CompteLib_0029;;;25C4;20250301;EcritureLib_0039;;42,35;0,00;D;;;
AT;Achats Tiime;;20250301;44566000;CompteLib_0014;;;25C4;20250301;EcritureLib_0039;;8,47;0,00;D;;;
AT;Achats Tiime;;20250301;40100000;CompteLib_0025;FCARBU;CARBURANT;25C4;20250301;EcritureLib_0039;;0,00;50,82;C;;H;20250311
AT;Achats Tiime;;20250301;60100000;CompteLib_0026;;;96500001-69214;20250301;EcritureLib_0025;;23,23;0,00;D;;;
AT;Achats Tiime;;20250301;44566000;CompteLib_0014;;;96500001-69214;20250301;EcritureLib_0025;;1,28;0,00;D;;;
AT;Achats Tiime;;20250301;40100000;CompteLib_0025;PROMOCASH;PROMOCASH;96500001-69214;20250301;EcritureLib_0025;;0,00;24,51;C;;AJ;20250521
AT;Achats Tiime;;20250304;60100000;CompteLib_0026;;;0001-69214;20250304;EcritureLib_0025;;98,92;0,00;D;;;
AT;Achats Tiime;;20250304;44566000;CompteLib_0014;;;0001-69214;20250304;EcritureLib_0025;;5,44;0,00;D;;;
AT;Achats Tiime;;20250304;40100000;CompteLib_0025;PROMOCASH;PROMOCASH;0001-69214;20250304;EcritureLib_0025;;0,00;104,36;C;;Y;20250311
AT;Achats Tiime;;20250304;60100000;CompteLib_0026;;;47;20250304;EcritureLib_0040;;121,90;0,00;D;;;
AT;Achats Tiime;;20250304;44566000;CompteLib_0014;;;47;20250304;EcritureLib_0040;;6,70;0,00;D;;;
AT;Achats Tiime;;20250304;40100000;CompteLib_0025;FASIAFRICA;ASIAFRICA;47;20250304;EcritureLib_0040;;0,00;128,60;C;;H;20250325
AT;Achats Tiime;;20250311;60100000;CompteLib_0026;;;0001-69214;20250311;EcritureLib_0025;;44,56;0,00;D;;;
AT;Achats Tiime;;20250311;44566000;CompteLib_0014;;;0001-69214;20250311;EcritureLib_0025;;2,45;0,00;D;;;
AT;Achats Tiime;;20250311;40100000;CompteLib_0025;PROMOCASH;PROMOCASH;0001-69214;20250311;EcritureLib_0025;;0,00;47,01;C;;AA;20250325
AT;Achats Tiime;;20250313;60100000;CompteLib_0026;;;FRO22004A7623;20250313;EcritureLib_0025;;48,94;0,00;D;;;
AT;Achats Tiime;;20250313;44566000;CompteLib_0014;;;FRO22004A7623;20250313;EcritureLib_0025;;3,42;0,00;D;;;
AT;Achats Tiime;;20250313;40100000;CompteLib_0025;PROMOCASH;PROMOCASH;FRO22004A7623;20250313;EcritureLib_0025;;0,00;52,36;C;;AT;20250521
AT;Achats Tiime;;20250314;60616000;CompteLib_0029;;;25C55;20250314;EcritureLib_0041;;40,99;0,00;D;;;
AT;Achats Tiime;;20250314;44566000;CompteLib_0014;;;25C55;20250314;EcritureLib_0041;;8,20;0,00;D;;;
AT;Achats Tiime;;20250314;40100000;CompteLib_0025;FCARBU;CARBURANT;25C55;20250314;EcritureLib_0041;;0,00;49,19;C;;I;20250521
AT;Achats Tiime;;20250314;60100000;CompteLib_0026;;;25C56;20250314;EcritureLib_0042;;13,91;0,00;D;;;
AT;Achats Tiime;;20250314;44566000;CompteLib_0014;;;25C56;20250314;EcritureLib_0042;;0,76;0,00;D;;;
AT;Achats Tiime;;20250314;40100000;CompteLib_0025;FLECLERC;LECLERC;25C56;20250314;EcritureLib_0042;;0,00;14,67;C;;A;20250521
AT;Achats Tiime;;20250314;60100000;CompteLib_0026;;;585110;20250314;EcritureLib_0025;;203,92;0,00;D;;;
AT;Achats Tiime;;20250314;44566000;CompteLib_0014;;;585110;20250314;EcritureLib_0025;;25,96;0,00;D;;;
AT;Achats Tiime;;20250314;40100000;CompteLib_0025;PROMOCASH;PROMOCASH;585110;20250314;EcritureLib_0025;;0,00;229,88;C;;AU;20250527
AT;Achats Tiime;;20250331;61320000;CompteLib_0028;;;37/01.00000123;20250331;EcritureLib_0029;;385,76;0,00;D;;;
AT;Achats Tiime;;20250331;44566000;CompteLib_0014;;;37/01.00000123;20250331;EcritureLib_0029;;77,15;0,00;D;;;
AT;Achats Tiime;;20250331;40100000;CompteLib_0025;FLECEANOTHE;LE CEANOTHE;37/01.00000123;20250331;EcritureLib_0029;;0,00;462,91;C;;A;20250701
AT;Achats Tiime;;20250401;60100000;CompteLib_0026;;;25D4;20250401;EcritureLib_0043;;15,68;0,00;D;;;
AT;Achats Tiime;;20250401;44566000;CompteLib_0014;;;25D4;20250401;EcritureLib_0043;;0,86;0,00;D;;;
AT;Achats Tiime;;20250401;40100000;CompteLib_0025;FLIDL;LIDL;25D4;20250401;EcritureLib_0043;;0,00;16,54;C;;A;20250521
AT;Achats Tiime;;20250403;60100000;CompteLib_0026;;;588599;20250403;EcritureLib_0025;;90,19;0,00;D;;;
AT;Achats Tiime;;20250403;44566000;CompteLib_0014;;;588599;20250403;EcritureLib_0025;;9,73;0,00;D;;;
AT;Achats Tiime;;20250403;40100000;CompteLib_0025;PROMOCASH;PROMOCASH;588599;20250403;EcritureLib_0025;;0,00;99,92;C;;AY;20250701
AT;Achats Tiime;;20250403;60100000;CompteLib_0026;;;25D14;20250403;EcritureLib_0037;;7,42;0,00;D;;;
AT;Achats Tiime;;20250403;44566000;CompteLib_0014;;;25D14;20250403;EcritureLib_0037;;0,54;0,00;D;;;
AT;Achats Tiime;;20250403;40100000;CompteLib_0025;FGRAND;GRAND FRAIS;25D14;20250403;EcritureLib_0037;;0,00;7,96;C;;K;20250521
AT;Achats Tiime;;20250409;62570000;CompteLib_0031;;;25D31;20250409;EcritureLib_0044;;70,82;0,00;D;;;
AT;Achats Tiime;;20250409;44566000;CompteLib_0014;;;25D31;20250409;EcritureLib_0044;;7,08;0,00;D;;;
AT;Achats Tiime;;20250409;40100000;CompteLib_0025;FRESTAU;RESTAURANT;25D31;20250409;EcritureLib_0044;;0,00;77,90;C;;A;20250701
AT;Achats Tiime;;20250415;60100000;CompteLib_0026;;;008937;20250415;EcritureLib_0038;;11,51;0,00;D;;;
AT;Achats Tiime;;20250415;44566000;CompteLib_0014;;;008937;20250415;EcritureLib_0038;;0,64;0,00;D;;;
AT;Achats Tiime;;20250415;40100000;CompteLib_0025;FGRAND;GRAND FRAIS;008937;20250415;EcritureLib_0038;;0,00;12,15;C;;J;20250521
AT;Achats Tiime;;20250417;61350000;CompteLib_0032;;;93529253;20250417;EcritureLib_0045;;94,50;0,00;D;;;
AT;Achats Tiime;;20250417;44566000;CompteLib_0014;;;93529253;20250417;EcritureLib_0045;;18,90;0,00;D;;;
AT;Achats Tiime;;20250417;40100000;CompteLib_0025;FAVEM;AVEM;93529253;20250417;EcritureLib_0045;;0,00;113,40;C;;D;20250521
AT;Achats Tiime;;20250418;60100000;CompteLib_0026;;;591189;20250418;EcritureLib_0025;;53,95;0,00;D;;;
AT;Achats Tiime;;20250418;44566000;CompteLib_0014;;;591189;20250418;EcritureLib_0025;;2,97;0,00;D;;;
AT;Achats Tiime;;20250418;40100000;CompteLib_0025;PROMOCASH;PROMOCASH;591189;20250418;EcritureLib_0025;;0,00;56,92;C;;AS;20250521
AT;Achats Tiime;;20250422;60100000;CompteLib_0026;;;591499;20250422;EcritureLib_0025;;151,38;0,00;D;;;
AT;Achats Tiime;;20250422;44566000;CompteLib_0014;;;591499;20250422;EcritureLib_0025;;12,25;0,00;D;;;
AT;Achats Tiime;;20250422;40100000;CompteLib_0025;PROMOCASH;PROMOCASH;591499;20250422;EcritureLib_0025;;0,00;163,63;C;;AR;20250521
AT;Achats Tiime;;20250422;62810000;CompteLib_0033;;;#497229-80;20250422;EcritureLib_0046;;80,00;0,00;D;;;
AT;Achats Tiime;;20250422;40100000;CompteLib_0025;FACADEMIEC;ACADEMIE DE DUISINE;#497229-80;20250422;EcritureLib_0046;;0,00;80,00;C;;;
AT;Achats Tiime;;20250424;60100000;CompteLib_0026;;;591980;20250424;EcritureLib_0025;;25,97;0,00;D;;;
AT;Achats Tiime;;20250424;44566000;CompteLib_0014;;;591980;20250424;EcritureLib_0025;;1,43;0,00;D;;;
AT;Achats Tiime;;20250424;40100000;CompteLib_0025;PROMOCASH;PROMOCASH;591980;20250424;EcritureLib_0025;;0,00;27,40;C;;;
AT;Achats Tiime;;20250424;60100000;CompteLib_0026;;;592102;20250424;EcritureLib_0025;;0,00;16,50;C;;;
AT;Achats Tiime;;20250424;40100000;CompteLib_0025;PROMOCASH;PROMOCASH;592102;20250424;EcritureLib_0025;;16,50;0,00;D;;;
AT;Achats Tiime;;20250426;60100000;CompteLib_0026;;;592449;20250426;EcritureLib_0025;;86,81;0,00;D;;;
AT;Achats Tiime;;20250426;44566000;CompteLib_0014;;;592449;20250426;EcritureLib_0025;;5,13;0,00;D;;;
AT;Achats Tiime;;20250426;40100000;CompteLib_0025;PROMOCASH;PROMOCASH;592449;20250426;EcritureLib_0025;;0,00;91,94;C;;AQ;20250521
AT;Achats Tiime;;20250430;61320000;CompteLib_0028;;;37/01.00000124;20250430;EcritureLib_0029;;354,80;0,00;D;;;
AT;Achats Tiime;;20250430;44566000;CompteLib_0014;;;37/01.00000124;20250430;EcritureLib_0029;;70,96;0,00;D;;;
AT;Achats Tiime;;20250430;40100000;CompteLib_0025;FLECEANOTHE;LE CEANOTHE;37/01.00000124;20250430;EcritureLib_0029;;0,00;425,76;C;;C;20250708
AT;Achats Tiime;;20250430;60710000;CompteLib_0027;;;02/02.00018428;20250430;EcritureLib_0047;;114,48;0,00;D;;;
AT;Achats Tiime;;20250430;44566000;CompteLib_0014;;;02/02.00018428;20250430;EcritureLib_0047;;22,90;0,00;D;;;
AT;Achats Tiime;;20250430;40100000;CompteLib_0025;FMALECO;MALECO;02/02.00018428;20250430;EcritureLib_0047;;0,00;137,38;C;;;
AT;Achats Tiime;;20250502;60100000;CompteLib_0026;;;593446;20250502;EcritureLib_0025;;22,51;0,00;D;;;
AT;Achats Tiime;;20250502;44566000;CompteLib_0014;;;593446;20250502;EcritureLib_0025;;3,41;0,00;D;;;
AT;Achats Tiime;;20250502;40100000;CompteLib_0025;PROMOCASH;PROMOCASH;593446;20250502;EcritureLib_0025;;0,00;25,92;C;;AO;20250521
AT;Achats Tiime;;20250502;60100000;CompteLib_0026;;;593436;20250502;EcritureLib_0025;;325,08;0,00;D;;;
AT;Achats Tiime;;20250502;44566000;CompteLib_0014;;;593436;20250502;EcritureLib_0025;;27,62;0,00;D;;;
AT;Achats Tiime;;20250502;40100000;CompteLib_0025;PROMOCASH;PROMOCASH;593436;20250502;EcritureLib_0025;;0,00;352,70;C;;AP;20250521
AT;Achats Tiime;;20250506;60100000;CompteLib_0026;;;594040;20250506;EcritureLib_0025;;128,45;0,00;D;;;
AT;Achats Tiime;;20250506;44566000;CompteLib_0014;;;594040;20250506;EcritureLib_0025;;9,28;0,00;D;;;
AT;Achats Tiime;;20250506;40100000;CompteLib_0025;PROMOCASH;PROMOCASH;594040;20250506;EcritureLib_0025;;0,00;137,73;C;;AN;20250527
AT;Achats Tiime;;20250507;60100000;CompteLib_0026;;;594239;20250507;EcritureLib_0025;;180,85;0,00;D;;;
AT;Achats Tiime;;20250507;44566000;CompteLib_0014;;;594239;20250507;EcritureLib_0025;;9,95;0,00;D;;;
AT;Achats Tiime;;20250507;40100000;CompteLib_0025;PROMOCASH;PROMOCASH;594239;20250507;EcritureLib_0025;;0,00;190,80;C;;AM;20250521
AT;Achats Tiime;;20250509;60100000;CompteLib_0026;;;594562;20250509;EcritureLib_0025;;146,89;0,00;D;;;
AT;Achats Tiime;;20250509;44566000;CompteLib_0014;;;594562;20250509;EcritureLib_0025;;18,24;0,00;D;;;
AT;Achats Tiime;;20250509;40100000;CompteLib_0025;PROMOCASH;PROMOCASH;594562;20250509;EcritureLib_0025;;0,00;165,13;C;;AL;20250521
AT;Achats Tiime;;20250513;60100000;CompteLib_0026;;;595206;20250513;EcritureLib_0025;;77,93;0,00;D;;;
AT;Achats Tiime;;20250513;44566000;CompteLib_0014;;;595206;20250513;EcritureLib_0025;;4,29;0,00;D;;;
AT;Achats Tiime;;20250513;40100000;CompteLib_0025;PROMOCASH;PROMOCASH;595206;20250513;EcritureLib_0025;;0,00;82,22;C;;AK;20250521
AT;Achats Tiime;;20250513;60100000;CompteLib_0026;;;17;20250513;EcritureLib_0048;;117,65;0,00;D;;;
AT;Achats Tiime;;20250513;44566000;CompteLib_0014;;;17;20250513;EcritureLib_0048;;7,00;0,00;D;;;
AT;Achats Tiime;;20250513;40100000;CompteLib_0025;FASIAFRICA;ASIAFRICA;17;20250513;EcritureLib_0048;;0,00;124,65;C;;J;20250701
AT;Achats Tiime;;20250514;60100000;CompteLib_0026;;;595426;20250514;EcritureLib_0025;;110,96;0,00;D;;;
AT;Achats Tiime;;20250514;44566000;CompteLib_0014;;;595426;20250514;EcritureLib_0025;;10,72;0,00;D;;;
AT;Achats Tiime;;20250514;40100000;CompteLib_0025;PROMOCASH;PROMOCASH;595426;20250514;EcritureLib_0025;;0,00;121,68;C;;AX;20250701
AT;Achats Tiime;;20250516;60100000;CompteLib_0026;;;595919;20250516;EcritureLib_0025;;155,76;0,00;D;;;
AT;Achats Tiime;;20250516;44566000;CompteLib_0014;;;595919;20250516;EcritureLib_0025;;24,97;0,00;D;;;
AT;Achats Tiime;;20250516;40100000;CompteLib_0025;PROMOCASH;PROMOCASH;595919;20250516;EcritureLib_0025;;0,00;180,73;C;;AW;20250701
AT;Achats Tiime;;20250518;60616000;CompteLib_0029;;;25E67;20250518;EcritureLib_0041;;75,84;0,00;D;;;
AT;Achats Tiime;;20250518;44566000;CompteLib_0014;;;25E67;20250518;EcritureLib_0041;;15,17;0,00;D;;;
AT;Achats Tiime;;20250518;40100000;CompteLib_0025;FCARBU;CARBURANT;25E67;20250518;EcritureLib_0041;;0,00;91,01;C;;J;20250527
AT;Achats Tiime;;20250522;60100000;CompteLib_0026;;;596913;20250522;EcritureLib_0025;;90,73;0,00;D;;;
AT;Achats Tiime;;20250522;44566000;CompteLib_0014;;;596913;20250522;EcritureLib_0025;;4,57;0,00;D;;;
AT;Achats Tiime;;20250522;40100000;CompteLib_0025;PROMOCASH;PROMOCASH;596913;20250522;EcritureLib_0025;;0,00;95,30;C;;AV;20250527
AT;Achats Tiime;;20250523;60100000;CompteLib_0026;;;UF-2025-05-2336168;20250523;EcritureLib_0049;;42,09;0,00;D;;;
AT;Achats Tiime;;20250523;44566000;CompteLib_0014;;;UF-2025-05-2336168;20250523;EcritureLib_0049;;2,31;0,00;D;;;
AT;Achats Tiime;;20250523;40100000;CompteLib_0025;FLEFOURGON;LE FOURGON;UF-2025-05-2336168;20250523;EcritureLib_0049;;0,00;44,40;C;;A;20250701
AT;Achats Tiime;;20250528;61353000;CompteLib_0034;;;FAC00950;20250528;EcritureLib_0050;;75,00;0,00;D;;;
AT;Achats Tiime;;20250528;44566000;CompteLib_0014;;;FAC00950;20250528;EcritureLib_0050;;15,00;0,00;D;;;
AT;Achats Tiime;;20250528;40100000;CompteLib_0025;FLIVE;LIVE ADVICE;FAC00950;20250528;EcritureLib_0050;;0,00;90,00;C;;J;20250707
AT;Achats Tiime;;20250605;60100000;CompteLib_0026;;;599295;20250605;EcritureLib_0025;;107,18;0,00;D;;;
AT;Achats Tiime;;20250605;44566000;CompteLib_0014;;;599295;20250605;EcritureLib_0025;;5,89;0,00;D;;;
AT;Achats Tiime;;20250605;40100000;CompteLib_0025;PROMOCASH;PROMOCASH;599295;20250605;EcritureLib_0025;;0,00;113,07;C;;BC;20250707
AT;Achats Tiime;;20250606;60100000;CompteLib_0026;;;599550;20250606;EcritureLib_0025;;47,64;0,00;D;;;
AT;Achats Tiime;;20250606;44566000;CompteLib_0014;;;599550;20250606;EcritureLib_0025;;2,62;0,00;D;;;
AT;Achats Tiime;;20250606;40100000;CompteLib_0025;PROMOCASH;PROMOCASH;599550;20250606;EcritureLib_0025;;0,00;50,26;C;;BD;20250707
AT;Achats Tiime;;20250610;60100000;CompteLib_0026;;;600031;20250610;EcritureLib_0025;;70,70;0,00;D;;;
AT;Achats Tiime;;20250610;44566000;CompteLib_0014;;;600031;20250610;EcritureLib_0025;;3,89;0,00;D;;;
AT;Achats Tiime;;20250610;40100000;CompteLib_0025;PROMOCASH;PROMOCASH;600031;20250610;EcritureLib_0025;;0,00;74,59;C;;BB;20250707
AT;Achats Tiime;;20250612;60100000;CompteLib_0026;;;600495;20250612;EcritureLib_0025;;69,26;0,00;D;;;
AT;Achats Tiime;;20250612;44566000;CompteLib_0014;;;600495;20250612;EcritureLib_0025;;3,81;0,00;D;;;
AT;Achats Tiime;;20250612;40100000;CompteLib_0025;PROMOCASH;PROMOCASH;600495;20250612;EcritureLib_0025;;0,00;73,07;C;;BE;20250707
AT;Achats Tiime;;20250613;60100000;CompteLib_0026;;;600766;20250613;EcritureLib_0025;;57,90;0,00;D;;;
AT;Achats Tiime;;20250613;44566000;CompteLib_0014;;;600766;20250613;EcritureLib_0025;;7,46;0,00;D;;;
AT;Achats Tiime;;20250613;40100000;CompteLib_0025;PROMOCASH;PROMOCASH;600766;20250613;EcritureLib_0025;;0,00;65,36;C;;BG;20250708
AT;Achats Tiime;;20250614;60100000;CompteLib_0026;;;600975;20250614;EcritureLib_0025;;147,86;0,00;D;;;
AT;Achats Tiime;;20250614;44566000;CompteLib_0014;;;600975;20250614;EcritureLib_0025;;8,54;0,00;D;;;
AT;Achats Tiime;;20250614;40100000;CompteLib_0025;PROMOCASH;PROMOCASH;600975;20250614;EcritureLib_0025;;0,00;156,40;C;;BF;20250707
AT;Achats Tiime;;20250616;60100000;CompteLib_0026;;;601126;20250616;EcritureLib_0025;;22,93;0,00;D;;;
AT;Achats Tiime;;20250616;44566000;CompteLib_0014;;;601126;20250616;EcritureLib_0025;;1,26;0,00;D;;;
AT;Achats Tiime;;20250616;40100000;CompteLib_0025;PROMOCASH;PROMOCASH;601126;20250616;EcritureLib_0025;;0,00;24,19;C;;BH;20250707
AT;Achats Tiime;;20250616;60100000;CompteLib_0026;;;601128;20250616;EcritureLib_0025;;33,98;0,00;D;;;
AT;Achats Tiime;;20250616;44566000;CompteLib_0014;;;601128;20250616;EcritureLib_0025;;1,87;0,00;D;;;
AT;Achats Tiime;;20250616;40100000;CompteLib_0025;PROMOCASH;PROMOCASH;601128;20250616;EcritureLib_0025;;0,00;35,85;C;;BI;20250707
AT;Achats Tiime;;20250620;60100000;CompteLib_0026;;;602175;20250620;EcritureLib_0025;;347,71;0,00;D;;;
AT;Achats Tiime;;20250620;44566000;CompteLib_0014;;;602175;20250620;EcritureLib_0025;;19,12;0,00;D;;;
AT;Achats Tiime;;20250620;40100000;CompteLib_0025;PROMOCASH;PROMOCASH;602175;20250620;EcritureLib_0025;;0,00;366,83;C;;BA;20250707
AT;Achats Tiime;;20250620;60100000;CompteLib_0026;;;602334;20250620;EcritureLib_0025;;60,92;0,00;D;;;
AT;Achats Tiime;;20250620;44566000;CompteLib_0014;;;602334;20250620;EcritureLib_0025;;7,84;0,00;D;;;
AT;Achats Tiime;;20250620;40100000;CompteLib_0025;PROMOCASH;PROMOCASH;602334;20250620;EcritureLib_0025;;0,00;68,76;C;;BK;20250707
AT;Achats Tiime;;20250620;60100000;CompteLib_0026;;;009205;20250620;EcritureLib_0038;;11,81;0,00;D;;;
AT;Achats Tiime;;20250620;44566000;CompteLib_0014;;;009205;20250620;EcritureLib_0038;;0,65;0,00;D;;;
AT;Achats Tiime;;20250620;40100000;CompteLib_0025;FGRAND;GRAND FRAIS;009205;20250620;EcritureLib_0038;;0,00;12,46;C;;L;20250707
AT;Achats Tiime;;20250622;60616000;CompteLib_0029;;;25F90;20250622;EcritureLib_0051;;41,69;0,00;D;;;
AT;Achats Tiime;;20250622;44566000;CompteLib_0014;;;25F90;20250622;EcritureLib_0051;;8,34;0,00;D;;;
AT;Achats Tiime;;20250622;40100000;CompteLib_0025;FCARBU;CARBURANT;25F90;20250622;EcritureLib_0051;;0,00;50,03;C;;L;20250729
AT;Achats Tiime;;20250623;60100000;CompteLib_0026;;;602553;20250623;EcritureLib_0025;;114,24;0,00;D;;;
AT;Achats Tiime;;20250623;44566000;CompteLib_0014;;;602553;20250623;EcritureLib_0025;;13,03;0,00;D;;;
AT;Achats Tiime;;20250623;40100000;CompteLib_0025;PROMOCASH;PROMOCASH;602553;20250623;EcritureLib_0025;;0,00;127,27;C;;AZ;20250708
AT;Achats Tiime;;20250624;60100000;CompteLib_0026;;;25;20250624;EcritureLib_0052;;35,00;0,00;D;;;
AT;Achats Tiime;;20250624;40100000;CompteLib_0025;FASIAFRICA;ASIAFRICA;25;20250624;EcritureLib_0052;;0,00;35,00;C;;L;20251014
AT;Achats Tiime;;20250624;60100000;CompteLib_0026;;;24;20250624;EcritureLib_0052;;278,01;0,00;D;;;
AT;Achats Tiime;;20250624;44566000;CompteLib_0014;;;24;20250624;EcritureLib_0052;;15,29;0,00;D;;;
AT;Achats Tiime;;20250624;40100000;CompteLib_0025;FASIAFRICA;ASIAFRICA;24;20250624;EcritureLib_0052;;0,00;293,30;C;;K;20250708
AT;Achats Tiime;;20250626;60100000;CompteLib_0026;;;603304;20250626;EcritureLib_0025;;93,54;0,00;D;;;
AT;Achats Tiime;;20250626;44566000;CompteLib_0014;;;603304;20250626;EcritureLib_0025;;7,36;0,00;D;;;
AT;Achats Tiime;;20250626;40100000;CompteLib_0025;PROMOCASH;PROMOCASH;603304;20250626;EcritureLib_0025;;0,00;100,90;C;;BJ;20250708
AT;Achats Tiime;;20250627;60100000;CompteLib_0026;;;0/0(1013/0008/03902;20250627;EcritureLib_0053;;167,64;0,00;D;;;
AT;Achats Tiime;;20250627;44566000;CompteLib_0014;;;0/0(1013/0008/03902;20250627;EcritureLib_0053;;9,22;0,00;D;;;
AT;Achats Tiime;;20250627;40100000;CompteLib_0025;FMETRO;METRO;0/0(1013/0008/03902;20250627;EcritureLib_0053;;0,00;176,86;C;;A;20250729
AT;Achats Tiime;;20250628;61352000;CompteLib_0035;;;425019609506;20250628;EcritureLib_0054;;290,49;0,00;D;;;
AT;Achats Tiime;;20250628;44566000;CompteLib_0014;;;425019609506;20250628;EcritureLib_0054;;58,10;0,00;D;;;
AT;Achats Tiime;;20250628;40100000;CompteLib_0025;FENTERPRISE;ENTERPRISE;425019609506;20250628;EcritureLib_0054;;0,00;348,59;C;;A;20250729
AT;Achats Tiime;;20250701;62220000;CompteLib_0036;;;MDRLNN3A-202506;20250701;EcritureLib_0055;;0,53;0,00;D;;;
AT;Achats Tiime;;20250701;40100000;CompteLib_0025;FSUMUP;FSUMUPO;MDRLNN3A-202506;20250701;EcritureLib_0055;;0,00;0,53;C;;;
EX;Extourne;;20250101;48600000;CompteLib_0020;;;25A2;20250101;EcritureLib_0056;;0,00;56,40;C;;;
EX;Extourne;;20250101;61350000;CompteLib_0032;;;25A2;20250101;EcritureLib_0056;;56,40;0,00;D;;;
EX;Extourne;;20250101;16884000;CompteLib_0003;;;25A3;20250101;EcritureLib_0057;;100,22;0,00;D;;;
EX;Extourne;;20250101;66110000;CompteLib_0037;;;25A3;20250101;EcritureLib_0057;;0,00;100,22;C;;;
LC;Banque LC;;20250102;62700000;CompteLib_0038;;;25A4;20250102;EcritureLib_0058;;5,15;0,00;D;;;
LC;Banque LC;;20250102;51200000;CompteLib_0021;;;25A4;20250102;EcritureLib_0058;;0,00;5,15;C;;;
LC;Banque LC;;20250106;40100000;CompteLib_0025;PROMOCASH;PROMOCASH;25A6;20250106;EcritureLib_0059;;285,49;0,00;D;;;
LC;Banque LC;;20250106;51200000;CompteLib_0021;;;25A6;20250106;EcritureLib_0059;;0,00;285,49;C;;;
LC;Banque LC;;20250106;40100000;CompteLib_0025;FTRIANGLE;TRIANGLE;25A7;20250106;EcritureLib_0060;;105,24;0,00;D;;;
LC;Banque LC;;20250106;51200000;CompteLib_0021;;;25A7;20250106;EcritureLib_0060;;0,00;105,24;C;;;
LC;Banque LC;;20250106;40100000;CompteLib_0025;FCARREFOUR;CARREFOUR;25A8;20250106;EcritureLib_0061;;48,30;0,00;D;;;
LC;Banque LC;;20250106;51200000;CompteLib_0021;;;25A8;20250106;EcritureLib_0061;;0,00;48,30;C;;;
LC;Banque LC;;20250106;61600000;CompteLib_0039;;;25A9;20250106;EcritureLib_0062;;4,41;0,00;D;;;
LC;Banque LC;;20250106;51200000;CompteLib_0021;;;25A9;20250106;EcritureLib_0062;;0,00;4,41;C;;;
LC;Banque LC;;20250108;51180000;CompteLib_0040;;;25A10;20250108;EcritureLib_0063;;0,00;96,50;C;;;
LC;Banque LC;;20250108;51200000;CompteLib_0021;;;25A10;20250108;EcritureLib_0063;;96,50;0,00;D;;;
LC;Banque LC;;20250108;40100000;CompteLib_0025;PROMOCASH;PROMOCASH;25A11;20250108;EcritureLib_0064;;380,87;0,00;D;;;
LC;Banque LC;;20250108;51200000;CompteLib_0021;;;25A11;20250108;EcritureLib_0064;;0,00;380,87;C;;;
LC;Banque LC;;20250108;62700000;CompteLib_0038;;;25A12;20250108;EcritureLib_0065;;0,32;0,00;D;;;
LC;Banque LC;;20250108;51200000;CompteLib_0021;;;25A12;20250108;EcritureLib_0065;;0,00;0,32;C;;;
LC;Banque LC;;20250109;51180000;CompteLib_0040;;;25A15;20250109;EcritureLib_0066;;0,00;83,10;C;;;
LC;Banque LC;;20250109;51200000;CompteLib_0021;;;25A15;20250109;EcritureLib_0066;;83,10;0,00;D;;;
LC;Banque LC;;20250109;51180000;CompteLib_0040;;;25A16;20250109;EcritureLib_0067;;0,00;1,00;C;;;
LC;Banque LC;;20250109;51200000;CompteLib_0021;;;25A16;20250109;EcritureLib_0067;;1,00;0,00;D;;;
LC;Banque LC;;20250109;40100000;CompteLib_0025;FPARISSTORE;PARIS STORE;25A17;20250109;EcritureLib_0068;;267,92;0,00;D;;;
LC;Banque LC;;20250109;51200000;CompteLib_0021;;;25A17;20250109;EcritureLib_0068;;0,00;267,92;C;;;
LC;Banque LC;;20250109;40100000;CompteLib_0025;PROMOCASH;PROMOCASH;25A18;20250109;EcritureLib_0069;;47,76;0,00;D;;AE;20250521
LC;Banque LC;;20250109;51200000;CompteLib_0021;;;25A18;20250109;EcritureLib_0069;;0,00;47,76;C;;;
LC;Banque LC;;20250109;40100000;CompteLib_0025;PROMOCASH;PROMOCASH;25A19;20250109;EcritureLib_0069;;6,68;0,00;D;;AF;20250521
LC;Banque LC;;20250109;51200000;CompteLib_0021;;;25A19;20250109;EcritureLib_0069;;0,00;6,68;C;;;
LC;Banque LC;;20250109;62700000;CompteLib_0038;;;25A20;20250109;EcritureLib_0065;;0,28;0,00;D;;;
LC;Banque LC;;20250109;51200000;CompteLib_0021;;;25A20;20250109;EcritureLib_0065;;0,00;0,28;C;;;
LC;Banque LC;;20250110;51180000;CompteLib_0040;;;25A22;20250110;EcritureLib_0070;;0,00;169,00;C;;;
LC;Banque LC;;20250110;51200000;CompteLib_0021;;;25A22;20250110;EcritureLib_0070;;169,00;0,00;D;;;
LC;Banque LC;;20250110;51180000;CompteLib_0040;;;25A23;20250110;EcritureLib_0071;;0,00;167,50;C;;;
LC;Banque LC;;20250110;51200000;CompteLib_0021;;;25A23;20250110;EcritureLib_0071;;167,50;0,00;D;;;
LC;Banque LC;;20250110;40100000;CompteLib_0025;PROMOCASH;PROMOCASH;25A24;20250110;EcritureLib_0072;;49,21;0,00;D;;AD;20250521
LC;Banque LC;;20250110;51200000;CompteLib_0021;;;25A24;20250110;EcritureLib_0072;;0,00;49,21;C;;;
LC;Banque LC;;20250110;62700000;CompteLib_0038;;;25A25;20250110;EcritureLib_0065;;0,59;0,00;D;;;
LC;Banque LC;;20250110;51200000;CompteLib_0021;;;25A25;20250110;EcritureLib_0065;;0,00;0,59;C;;;
LC;Banque LC;;20250110;62700000;CompteLib_0038;;;25A26;20250110;EcritureLib_0065;;0,59;0,00;D;;;
LC;Banque LC;;20250110;51200000;CompteLib_0021;;;25A26;20250110;EcritureLib_0065;;0,00;0,59;C;;;
LC;Banque LC;;20250113;51180000;CompteLib_0040;;;25A30;20250113;EcritureLib_0073;;0,00;140,00;C;;;
LC;Banque LC;;20250113;51200000;CompteLib_0021;;;25A30;20250113;EcritureLib_0073;;140,00;0,00;D;;;
LC;Banque LC;;20250113;40100000;CompteLib_0025;PROMOCASH;PROMOCASH;25A31;20250113;EcritureLib_0074;;273,54;0,00;D;;N;20250311
LC;Banque LC;;20250113;51200000;CompteLib_0021;;;25A31;20250113;EcritureLib_0074;;0,00;273,54;C;;;
LC;Banque LC;;20250113;40100000;CompteLib_0025;PROMOCASH;PROMOCASH;25A32;20250113;EcritureLib_0074;;80,54;0,00;D;;M;20250311
LC;Banque LC;;20250113;51200000;CompteLib_0021;;;25A32;20250113;EcritureLib_0074;;0,00;80,54;C;;;
LC;Banque LC;;20250113;62700000;CompteLib_0038;;;25A33;20250113;EcritureLib_0065;;0,70;0,00;D;;;
LC;Banque LC;;20250113;51200000;CompteLib_0021;;;25A33;20250113;EcritureLib_0065;;0,00;0,70;C;;;
LC;Banque LC;;20250115;51180000;CompteLib_0040;;;25A34;20250115;EcritureLib_0075;;0,00;274,00;C;;;
LC;Banque LC;;20250115;51200000;CompteLib_0021;;;25A34;20250115;EcritureLib_0075;;274,00;0,00;D;;;
LC;Banque LC;;20250115;51180000;CompteLib_0040;;;25A35;20250115;EcritureLib_0076;;0,00;74,00;C;;;
LC;Banque LC;;20250115;51200000;CompteLib_0021;;;25A35;20250115;EcritureLib_0076;;74,00;0,00;D;;;
LC;Banque LC;;20250115;61610000;CompteLib_0041;;;25A36;20250115;EcritureLib_0077;;230,37;0,00;D;;;
LC;Banque LC;;20250115;51200000;CompteLib_0021;;;25A36;20250115;EcritureLib_0077;;0,00;230,37;C;;;
LC;Banque LC;;20250115;40100000;CompteLib_0025;PROMOCASH;PROMOCASH;25A37;20250115;EcritureLib_0078;;108,38;0,00;D;;;
LC;Banque LC;;20250115;51200000;CompteLib_0021;;;25A37;20250115;EcritureLib_0078;;0,00;108,38;C;;;
LC;Banque LC;;20250115;40100000;CompteLib_0025;FLEROY;LEROY MERLIN;25A38;20250115;EcritureLib_0079;;46,80;0,00;D;;;
LC;Banque LC;;20250115;51200000;CompteLib_0021;;;25A38;20250115;EcritureLib_0079;;0,00;46,80;C;;;
LC;Banque LC;;20250115;62700000;CompteLib_0038;;;25A39;20250115;EcritureLib_0065;;0,96;0,00;D;;;
LC;Banque LC;;20250115;51200000;CompteLib_0021;;;25A39;20250115;EcritureLib_0065;;0,00;0,96;C;;;
LC;Banque LC;;20250115;62700000;CompteLib_0038;;;25A40;20250115;EcritureLib_0065;;0,26;0,00;D;;;
LC;Banque LC;;20250115;51200000;CompteLib_0021;;;25A40;20250115;EcritureLib_0065;;0,00;0,26;C;;;
LC;Banque LC;;20250116;51180000;CompteLib_0040;;;25A41;20250116;EcritureLib_0080;;0,00;70,50;C;;;
LC;Banque LC;;20250116;51200000;CompteLib_0021;;;25A41;20250116;EcritureLib_0080;;70,50;0,00;D;;;
LC;Banque LC;;20250116;51180000;CompteLib_0040;;;25A42;20250116;EcritureLib_0081;;0,00;45,00;C;;;
LC;Banque LC;;20250116;51200000;CompteLib_0021;;;25A42;20250116;EcritureLib_0081;;45,00;0,00;D;;;
LC;Banque LC;;20250116;43100000;CompteLib_0009;;;25A43;20250116;EcritureLib_0082;;295,00;0,00;D;;O;20250708
LC;Banque LC;;20250116;51200000;CompteLib_0021;;;25A43;20250116;EcritureLib_0082;;0,00;295,00;C;;;
LC;Banque LC;;20250116;40100000;CompteLib_0025;FLEROY;LEROY MERLIN;25A44;20250116;EcritureLib_0083;;114,79;0,00;D;;;
LC;Banque LC;;20250116;51200000;CompteLib_0021;;;25A44;20250116;EcritureLib_0083;;0,00;114,79;C;;;
LC;Banque LC;;20250116;40100000;CompteLib_0025;CENTRAKOR;CENTRAKOR;25A45;20250116;EcritureLib_0084;;97,35;0,00;D;;;
LC;Banque LC;;20250116;51200000;CompteLib_0021;;;25A45;20250116;EcritureLib_0084;;0,00;97,35;C;;;
LC;Banque LC;;20250116;62700000;CompteLib_0038;;;25A46;20250116;EcritureLib_0065;;0,25;0,00;D;;;
LC;Banque LC;;20250116;51200000;CompteLib_0021;;;25A46;20250116;EcritureLib_0065;;0,00;0,25;C;;;
LC;Banque LC;;20250116;62700000;CompteLib_0038;;;25A47;20250116;EcritureLib_0065;;0,16;0,00;D;;;
LC;Banque LC;;20250116;51200000;CompteLib_0021;;;25A47;20250116;EcritureLib_0065;;0,00;0,16;C;;;
LC;Banque LC;;20250117;51180000;CompteLib_0040;;;25A50;20250117;EcritureLib_0085;;0,00;241,50;C;;;
LC;Banque LC;;20250117;51200000;CompteLib_0021;;;25A50;20250117;EcritureLib_0085;;241,50;0,00;D;;;
LC;Banque LC;;20250117;51180000;CompteLib_0040;;;25A51;20250117;EcritureLib_0086;;0,00;115,00;C;;;
LC;Banque LC;;20250117;51200000;CompteLib_0021;;;25A51;20250117;EcritureLib_0086;;115,00;0,00;D;;;
LC;Banque LC;;20250117;40100000;CompteLib_0025;PROMOCASH;PROMOCASH;25A52;20250117;EcritureLib_0087;;84,55;0,00;D;;L;20250311
LC;Banque LC;;20250117;51200000;CompteLib_0021;;;25A52;20250117;EcritureLib_0087;;0,00;84,55;C;;;
LC;Banque LC;;20250117;62700000;CompteLib_0038;;;25A53;20250117;EcritureLib_0065;;0,83;0,00;D;;;
LC;Banque LC;;20250117;51200000;CompteLib_0021;;;25A53;20250117;EcritureLib_0065;;0,00;0,83;C;;;
LC;Banque LC;;20250117;62700000;CompteLib_0038;;;25A54;20250117;EcritureLib_0065;;0,40;0,00;D;;;
LC;Banque LC;;20250117;51200000;CompteLib_0021;;;25A54;20250117;EcritureLib_0065;;0,00;0,40;C;;;
LC;Banque LC;;20250119;16400000;CompteLib_0002;;;25A55;20250119;EcritureLib_0088;;930,93;0,00;D;;;
LC;Banque LC;;20250119;51200000;CompteLib_0021;;;25A55;20250119;EcritureLib_0088;;0,00;930,93;C;;;
LC;Banque LC;;20250120;51180000;CompteLib_0040;;;25A56;20250120;EcritureLib_0089;;0,00;248,01;C;;;
LC;Banque LC;;20250120;51200000;CompteLib_0021;;;25A56;20250120;EcritureLib_0089;;248,01;0,00;D;;;
LC;Banque LC;;20250120;61350000;CompteLib_0032;;;25A57;20250120;EcritureLib_0090;;80,63;0,00;D;;;
LC;Banque LC;;20250120;44566000;CompteLib_0014;;;25A57;20250120;EcritureLib_0090;;16,13;0,00;D;;;
LC;Banque LC;;20250120;51200000;CompteLib_0021;;;25A57;20250120;EcritureLib_0090;;0,00;96,76;C;;;
LC;Banque LC;;20250120;62700000;CompteLib_0038;;;25A58;20250120;EcritureLib_0065;;0,85;0,00;D;;;
LC;Banque LC;;20250120;51200000;CompteLib_0021;;;25A58;20250120;EcritureLib_0065;;0,00;0,85;C;;;
LC;Banque LC;;20250121;40100000;CompteLib_0025;FPARISSTORE;PARIS STORE;25A59;20250121;EcritureLib_0091;;191,51;0,00;D;;;
LC;Banque LC;;20250121;51200000;CompteLib_0021;;;25A59;20250121;EcritureLib_0091;;0,00;191,51;C;;;
LC;Banque LC;;20250122;51180000;CompteLib_0040;;;25A60;20250122;EcritureLib_0092;;0,00;31,00;C;;;
LC;Banque LC;;20250122;51200000;CompteLib_0021;;;25A60;20250122;EcritureLib_0092;;31,00;0,00;D;;;
LC;Banque LC;;20250122;62700000;CompteLib_0038;;;25A61;20250122;EcritureLib_0065;;0,11;0,00;D;;;
LC;Banque LC;;20250122;51200000;CompteLib_0021;;;25A61;20250122;EcritureLib_0065;;0,00;0,11;C;;;
LC;Banque LC;;20250122;51120000;CompteLib_0042;;;25A62;20250122;EcritureLib_0093;;0,00;329,00;C;;;
LC;Banque LC;;20250122;51200000;CompteLib_0021;;;25A62;20250122;EcritureLib_0093;;329,00;0,00;D;;;
LC;Banque LC;;20250122;45500001;CompteLib_0019;;;25A63;20250122;EcritureLib_0094;;0,00;600,00;C;;;
LC;Banque LC;;20250122;51200000;CompteLib_0021;;;25A63;20250122;EcritureLib_0094;;600,00;0,00;D;;;
LC;Banque LC;;20250123;51180000;CompteLib_0040;;;25A64;20250123;EcritureLib_0095;;0,00;124,00;C;;;
LC;Banque LC;;20250123;51200000;CompteLib_0021;;;25A64;20250123;EcritureLib_0095;;124,00;0,00;D;;;
LC;Banque LC;;20250123;40100000;CompteLib_0025;FSTC;STC DIGIT;25A65;20250123;EcritureLib_0096;;253,20;0,00;D;;;
LC;Banque LC;;20250123;51200000;CompteLib_0021;;;25A65;20250123;EcritureLib_0096;;0,00;253,20;C;;;
LC;Banque LC;;20250123;40100000;CompteLib_0025;FSTC;STC DIGIT;25A66;20250123;EcritureLib_0096;;154,80;0,00;D;;;
LC;Banque LC;;20250123;51200000;CompteLib_0021;;;25A66;20250123;EcritureLib_0096;;0,00;154,80;C;;;
LC;Banque LC;;20250123;62700000;CompteLib_0038;;;25A67;20250123;EcritureLib_0065;;0,79;0,00;D;;;
LC;Banque LC;;20250123;51200000;CompteLib_0021;;;25A67;20250123;EcritureLib_0065;;0,00;0,79;C;;;
LC;Banque LC;;20250124;51180000;CompteLib_0040;;;25A68;20250124;EcritureLib_0097;;0,00;98,00;C;;;
LC;Banque LC;;20250124;51200000;CompteLib_0021;;;25A68;20250124;EcritureLib_0097;;98,00;0,00;D;;;
LC;Banque LC;;20250124;51180000;CompteLib_0040;;;25A69;20250124;EcritureLib_0098;;0,00;38,00;C;;;
LC;Banque LC;;20250124;51200000;CompteLib_0021;;;25A69;20250124;EcritureLib_0098;;38,00;0,00;D;;;
LC;Banque LC;;20250124;62700000;CompteLib_0038;;;25A70;20250124;EcritureLib_0065;;0,33;0,00;D;;;
LC;Banque LC;;20250124;51200000;CompteLib_0021;;;25A70;20250124;EcritureLib_0065;;0,00;0,33;C;;;
LC;Banque LC;;20250124;62700000;CompteLib_0038;;;25A71;20250124;EcritureLib_0065;;0,13;0,00;D;;;
LC;Banque LC;;20250124;51200000;CompteLib_0021;;;25A71;20250124;EcritureLib_0065;;0,00;0,13;C;;;
LC;Banque LC;;20250127;51180000;CompteLib_0040;;;25A72;20250127;EcritureLib_0099;;0,00;120,00;C;;;
LC;Banque LC;;20250127;51200000;CompteLib_0021;;;25A72;20250127;EcritureLib_0099;;120,00;0,00;D;;;
LC;Banque LC;;20250127;43703000;CompteLib_0011;;;25A73;20250127;EcritureLib_0100;;65,84;0,00;D;;N;20250708
LC;Banque LC;;20250127;51200000;CompteLib_0021;;;25A73;20250127;EcritureLib_0100;;0,00;65,84;C;;;
LC;Banque LC;;20250127;62700000;CompteLib_0038;;;25A74;20250127;EcritureLib_0065;;0,40;0,00;D;;;
LC;Banque LC;;20250127;51200000;CompteLib_0021;;;25A74;20250127;EcritureLib_0065;;0,00;0,40;C;;;
LC;Banque LC;;20250128;40100000;CompteLib_0025;FLIVE;LIVE ADVICE;25A75;20250128;EcritureLib_0101;;90,00;0,00;D;;;
LC;Banque LC;;20250128;51200000;CompteLib_0021;;;25A75;20250128;EcritureLib_0101;;0,00;90,00;C;;;
LC;Banque LC;;20250128;62700000;CompteLib_0038;;;25A76;20250128;EcritureLib_0102;;12,20;0,00;D;;;
LC;Banque LC;;20250128;51200000;CompteLib_0021;;;25A76;20250128;EcritureLib_0102;;0,00;12,20;C;;;
LC;Banque LC;;20250129;51180000;CompteLib_0040;;;25A77;20250129;EcritureLib_0103;;0,00;201,00;C;;;
LC;Banque LC;;20250129;51200000;CompteLib_0021;;;25A77;20250129;EcritureLib_0103;;201,00;0,00;D;;;
LC;Banque LC;;20250129;51180000;CompteLib_0040;;;25A78;20250129;EcritureLib_0104;;0,00;50,50;C;;;
LC;Banque LC;;20250129;51200000;CompteLib_0021;;;25A78;20250129;EcritureLib_0104;;50,50;0,00;D;;;
LC;Banque LC;;20250129;40100000;CompteLib_0025;FGRAND;GRAND FRAIS;25A79;20250129;EcritureLib_0105;;51,65;0,00;D;;;
LC;Banque LC;;20250129;51200000;CompteLib_0021;;;25A79;20250129;EcritureLib_0105;;0,00;51,65;C;;;
LC;Banque LC;;20250129;62700000;CompteLib_0038;;;25A80;20250129;EcritureLib_0065;;1,38;0,00;D;;;
LC;Banque LC;;20250129;51200000;CompteLib_0021;;;25A80;20250129;EcritureLib_0065;;0,00;1,38;C;;;
LC;Banque LC;;20250129;62700000;CompteLib_0038;;;25A81;20250129;EcritureLib_0065;;0,18;0,00;D;;;
LC;Banque LC;;20250129;51200000;CompteLib_0021;;;25A81;20250129;EcritureLib_0065;;0,00;0,18;C;;;
LC;Banque LC;;20250130;51180000;CompteLib_0040;;;25A85;20250130;EcritureLib_0106;;0,00;140,50;C;;;
LC;Banque LC;;20250130;51200000;CompteLib_0021;;;25A85;20250130;EcritureLib_0106;;140,50;0,00;D;;;
LC;Banque LC;;20250130;51180000;CompteLib_0040;;;25A86;20250130;EcritureLib_0107;;0,00;56,00;C;;;
LC;Banque LC;;20250130;51200000;CompteLib_0021;;;25A86;20250130;EcritureLib_0107;;56,00;0,00;D;;;
LC;Banque LC;;20250130;40100000;CompteLib_0025;FPARISSTORE;PARIS STORE;25A87;20250130;EcritureLib_0108;;72,37;0,00;D;;W;20250311
LC;Banque LC;;20250130;51200000;CompteLib_0021;;;25A87;20250130;EcritureLib_0108;;0,00;72,37;C;;;
LC;Banque LC;;20250130;40100000;CompteLib_0025;PROMOCASH;PROMOCASH;25A88;20250130;EcritureLib_0109;;64,97;0,00;D;;AB;20250521
LC;Banque LC;;20250130;51200000;CompteLib_0021;;;25A88;20250130;EcritureLib_0109;;0,00;64,97;C;;;
LC;Banque LC;;20250130;40100000;CompteLib_0025;PROMOCASH;PROMOCASH;25A89;20250130;EcritureLib_0109;;58,69;0,00;D;;AC;20250521
LC;Banque LC;;20250130;51200000;CompteLib_0021;;;25A89;20250130;EcritureLib_0109;;0,00;58,69;C;;;
LC;Banque LC;;20250130;62700000;CompteLib_0038;;;25A90;20250130;EcritureLib_0065;;0,48;0,00;D;;;
LC;Banque LC;;20250130;51200000;CompteLib_0021;;;25A90;20250130;EcritureLib_0065;;0,00;0,48;C;;;
LC;Banque LC;;20250130;62700000;CompteLib_0038;;;25A91;20250130;EcritureLib_0065;;0,20;0,00;D;;;
LC;Banque LC;;20250130;51200000;CompteLib_0021;;;25A91;20250130;EcritureLib_0065;;0,00;0,20;C;;;
LC;Banque LC;;20250130;62700000;CompteLib_0038;;;25A92;20250130;EcritureLib_0110;;0,00;0,87;C;;;
LC;Banque LC;;20250130;51200000;CompteLib_0021;;;25A92;20250130;EcritureLib_0110;;0,87;0,00;D;;;
LC;Banque LC;;20250130;62700000;CompteLib_0038;;;25A93;20250130;EcritureLib_0111;;19,43;0,00;D;;;
LC;Banque LC;;20250130;51200000;CompteLib_0021;;;25A93;20250130;EcritureLib_0111;;0,00;19,43;C;;;
LC;Banque LC;;20250131;51180000;CompteLib_0040;;;25A94;20250131;EcritureLib_0112;;0,00;249,00;C;;;
LC;Banque LC;;20250131;51200000;CompteLib_0021;;;25A94;20250131;EcritureLib_0112;;249,00;0,00;D;;;
LC;Banque LC;;20250131;51180000;CompteLib_0040;;;25A95;20250131;EcritureLib_0113;;0,00;27,00;C;;;
LC;Banque LC;;20250131;51200000;CompteLib_0021;;;25A95;20250131;EcritureLib_0113;;27,00;0,00;D;;;
LC;Banque LC;;20250131;62700000;CompteLib_0038;;;25A96;20250131;EcritureLib_0065;;1,36;0,00;D;;;
LC;Banque LC;;20250131;51200000;CompteLib_0021;;;25A96;20250131;EcritureLib_0065;;0,00;1,36;C;;;
LC;Banque LC;;20250131;62700000;CompteLib_0038;;;25A97;20250131;EcritureLib_0065;;0,09;0,00;D;;;
LC;Banque LC;;20250131;51200000;CompteLib_0021;;;25A97;20250131;EcritureLib_0065;;0,00;0,09;C;;;
LC;Banque LC;;20250202;40100000;CompteLib_0025;HAART;HAART;25B1;20250202;EcritureLib_0114;;172,50;0,00;D;;D;20250701
LC;Banque LC;;20250202;51200000;CompteLib_0021;;;25B1;20250202;EcritureLib_0114;;0,00;172,50;C;;;
LC;Banque LC;;20250203;51180000;CompteLib_0040;;;25B2;20250203;EcritureLib_0115;;0,00;304,00;C;;;
LC;Banque LC;;20250203;51200000;CompteLib_0021;;;25B2;20250203;EcritureLib_0115;;304,00;0,00;D;;;
LC;Banque LC;;20250203;51180000;CompteLib_0040;;;25B3;20250203;EcritureLib_0116;;0,00;204,00;C;;;
LC;Banque LC;;20250203;51200000;CompteLib_0021;;;25B3;20250203;EcritureLib_0116;;204,00;0,00;D;;;
LC;Banque LC;;20250203;51180000;CompteLib_0040;;;25B4;20250203;EcritureLib_0117;;0,00;178,00;C;;;
LC;Banque LC;;20250203;51200000;CompteLib_0021;;;25B4;20250203;EcritureLib_0117;;178,00;0,00;D;;;
LC;Banque LC;;20250203;40100000;CompteLib_0025;PROMOCASH;PROMOCASH;25B5;20250203;EcritureLib_0118;;196,38;0,00;D;;K;20250311
LC;Banque LC;;20250203;51200000;CompteLib_0021;;;25B5;20250203;EcritureLib_0118;;0,00;196,38;C;;;
LC;Banque LC;;20250203;47100000;CompteLib_0043;;;25B6;20250203;EcritureLib_0119;;110,77;0,00;D;;;
LC;Banque LC;;20250203;51200000;CompteLib_0021;;;25B6;20250203;EcritureLib_0119;;0,00;110,77;C;;;
LC;Banque LC;;20250203;40100000;CompteLib_0025;FLINCROYABLE;L'INCROYABLE;25B7;20250203;EcritureLib_0120;;75,63;0,00;D;;;
LC;Banque LC;;20250203;51200000;CompteLib_0021;;;25B7;20250203;EcritureLib_0120;;0,00;75,63;C;;;
LC;Banque LC;;20250203;40100000;CompteLib_0025;FLECLERC;LECLERC;25B8;20250203;EcritureLib_0121;;59,26;0,00;D;;;
LC;Banque LC;;20250203;51200000;CompteLib_0021;;;25B8;20250203;EcritureLib_0121;;0,00;59,26;C;;;
LC;Banque LC;;20250203;47100000;CompteLib_0043;;;25B9;20250203;EcritureLib_0119;;51,14;0,00;D;;;
LC;Banque LC;;20250203;51200000;CompteLib_0021;;;25B9;20250203;EcritureLib_0119;;0,00;51,14;C;;;
LC;Banque LC;;20250203;62700000;CompteLib_0038;;;25B10;20250203;EcritureLib_0065;;1,44;0,00;D;;;
LC;Banque LC;;20250203;51200000;CompteLib_0021;;;25B10;20250203;EcritureLib_0065;;0,00;1,44;C;;;
LC;Banque LC;;20250203;62700000;CompteLib_0038;;;25B11;20250203;EcritureLib_0065;;0,71;0,00;D;;;
LC;Banque LC;;20250203;51200000;CompteLib_0021;;;25B11;20250203;EcritureLib_0065;;0,00;0,71;C;;;
LC;Banque LC;;20250203;62700000;CompteLib_0038;;;25B12;20250203;EcritureLib_0065;;0,62;0,00;D;;;
LC;Banque LC;;20250203;51200000;CompteLib_0021;;;25B12;20250203;EcritureLib_0065;;0,00;0,62;C;;;
LC;Banque LC;;20250203;62700000;CompteLib_0038;;;25B13;20250203;EcritureLib_0122;;5,25;0,00;D;;;
LC;Banque LC;;20250203;51200000;CompteLib_0021;;;25B13;20250203;EcritureLib_0122;;0,00;5,25;C;;;
LC;Banque LC;;20250204;51180000;CompteLib_0040;;;25B15;20250204;EcritureLib_0123;;0,00;42,00;C;;;
LC;Banque LC;;20250204;51200000;CompteLib_0021;;;25B15;20250204;EcritureLib_0123;;42,00;0,00;D;;;
LC;Banque LC;;20250204;40100000;CompteLib_0025;PROMOCASH;PROMOCASH;25B16;20250204;EcritureLib_0124;;80,76;0,00;D;;AG;20250521
LC;Banque LC;;20250204;51200000;CompteLib_0021;;;25B16;20250204;EcritureLib_0124;;0,00;80,76;C;;;
LC;Banque LC;;20250204;40100000;CompteLib_0025;FGRAND;GRAND FRAIS;25B17;20250204;EcritureLib_0125;;20,00;0,00;D;;;
LC;Banque LC;;20250204;51200000;CompteLib_0021;;;25B17;20250204;EcritureLib_0125;;0,00;20,00;C;;;
LC;Banque LC;;20250204;40100000;CompteLib_0025;FALDI;ALDI;25B18;20250204;EcritureLib_0126;;5,68;0,00;D;;;
LC;Banque LC;;20250204;51200000;CompteLib_0021;;;25B18;20250204;EcritureLib_0126;;0,00;5,68;C;;;
LC;Banque LC;;20250204;62700000;CompteLib_0038;;;25B19;20250204;EcritureLib_0065;;0,33;0,00;D;;;
LC;Banque LC;;20250204;51200000;CompteLib_0021;;;25B19;20250204;EcritureLib_0065;;0,00;0,33;C;;;
LC;Banque LC;;20250204;42100000;CompteLib_0007;;;25B20;20250204;EcritureLib_0127;;600,00;0,00;D;;;
LC;Banque LC;;20250204;51200000;CompteLib_0021;;;25B20;20250204;EcritureLib_0127;;0,00;600,00;C;;;
LC;Banque LC;;20250205;51180000;CompteLib_0040;;;25B21;20250205;EcritureLib_0128;;0,00;21,00;C;;;
LC;Banque LC;;20250205;51200000;CompteLib_0021;;;25B21;20250205;EcritureLib_0128;;21,00;0,00;D;;;
LC;Banque LC;;20250205;61600000;CompteLib_0039;;;25B22;20250205;EcritureLib_0062;;4,41;0,00;D;;;
LC;Banque LC;;20250205;51200000;CompteLib_0021;;;25B22;20250205;EcritureLib_0062;;0,00;4,41;C;;;
LC;Banque LC;;20250205;62700000;CompteLib_0038;;;25B23;20250205;EcritureLib_0065;;0,06;0,00;D;;;
LC;Banque LC;;20250205;51200000;CompteLib_0021;;;25B23;20250205;EcritureLib_0065;;0,00;0,06;C;;;
LC;Banque LC;;20250205;51120000;CompteLib_0042;;;25B24;20250205;EcritureLib_0129;;0,00;958,50;C;;;
LC;Banque LC;;20250205;51200000;CompteLib_0021;;;25B24;20250205;EcritureLib_0129;;958,50;0,00;D;;;
LC;Banque LC;;20250206;51180000;CompteLib_0040;;;25B25;20250206;EcritureLib_0130;;0,00;24,00;C;;;
LC;Banque LC;;20250206;51200000;CompteLib_0021;;;25B25;20250206;EcritureLib_0130;;24,00;0,00;D;;;
LC;Banque LC;;20250206;51180000;CompteLib_0040;;;25B26;20250206;EcritureLib_0131;;0,00;5,00;C;;;
LC;Banque LC;;20250206;51200000;CompteLib_0021;;;25B26;20250206;EcritureLib_0131;;5,00;0,00;D;;;
LC;Banque LC;;20250206;40100000;CompteLib_0025;FAVEM;AVEM;25B27;20250206;EcritureLib_0132;;113,40;0,00;D;;;
LC;Banque LC;;20250206;51200000;CompteLib_0021;;;25B27;20250206;EcritureLib_0132;;0,00;113,40;C;;;
LC;Banque LC;;20250206;62700000;CompteLib_0038;;;25B28;20250206;EcritureLib_0065;;0,08;0,00;D;;;
LC;Banque LC;;20250206;51200000;CompteLib_0021;;;25B28;20250206;EcritureLib_0065;;0,00;0,08;C;;;
LC;Banque LC;;20250206;62700000;CompteLib_0038;;;25B29;20250206;EcritureLib_0065;;0,02;0,00;D;;;
LC;Banque LC;;20250206;51200000;CompteLib_0021;;;25B29;20250206;EcritureLib_0065;;0,00;0,02;C;;;
LC;Banque LC;;20250207;51180000;CompteLib_0040;;;25B31;20250207;EcritureLib_0133;;0,00;98,50;C;;;
LC;Banque LC;;20250207;51200000;CompteLib_0021;;;25B31;20250207;EcritureLib_0133;;98,50;0,00;D;;;
LC;Banque LC;;20250207;51180000;CompteLib_0040;;;25B32;20250207;EcritureLib_0134;;0,00;41,00;C;;;
LC;Banque LC;;20250207;51200000;CompteLib_0021;;;25B32;20250207;EcritureLib_0134;;41,00;0,00;D;;;
LC;Banque LC;;20250207;51180000;CompteLib_0040;;;25B33;20250207;EcritureLib_0135;;0,00;1,00;C;;;
LC;Banque LC;;20250207;51200000;CompteLib_0021;;;25B33;20250207;EcritureLib_0135;;1,00;0,00;D;;;
LC;Banque LC;;20250207;40100000;CompteLib_0025;FALDI;ALDI;25B34;20250207;EcritureLib_0136;;9,17;0,00;D;;;
LC;Banque LC;;20250207;51200000;CompteLib_0021;;;25B34;20250207;EcritureLib_0136;;0,00;9,17;C;;;
LC;Banque LC;;20250207;62700000;CompteLib_0038;;;25B35;20250207;EcritureLib_0065;;0,33;0,00;D;;;
LC;Banque LC;;20250207;51200000;CompteLib_0021;;;25B35;20250207;EcritureLib_0065;;0,00;0,33;C;;;
LC;Banque LC;;20250207;62700000;CompteLib_0038;;;25B36;20250207;EcritureLib_0065;;0,14;0,00;D;;;
LC;Banque LC;;20250207;51200000;CompteLib_0021;;;25B36;20250207;EcritureLib_0065;;0,00;0,14;C;;;
LC;Banque LC;;20250207;51120000;CompteLib_0042;;;25B37;20250207;EcritureLib_0137;;0,00;472,00;C;;;
LC;Banque LC;;20250207;51200000;CompteLib_0021;;;25B37;20250207;EcritureLib_0137;;472,00;0,00;D;;;
LC;Banque LC;;20250207;51120000;CompteLib_0042;;;25B38;20250207;EcritureLib_0138;;0,00;207,00;C;;;
LC;Banque LC;;20250207;51200000;CompteLib_0021;;;25B38;20250207;EcritureLib_0138;;207,00;0,00;D;;;
LC;Banque LC;;20250210;51180000;CompteLib_0040;;;25B42;20250210;EcritureLib_0139;;0,00;256,50;C;;;
LC;Banque LC;;20250210;51200000;CompteLib_0021;;;25B42;20250210;EcritureLib_0139;;256,50;0,00;D;;;
LC;Banque LC;;20250210;51180000;CompteLib_0040;;;25B43;20250210;EcritureLib_0140;;0,00;159,50;C;;;
LC;Banque LC;;20250210;51200000;CompteLib_0021;;;25B43;20250210;EcritureLib_0140;;159,50;0,00;D;;;
LC;Banque LC;;20250210;51180000;CompteLib_0040;;;25B44;20250210;EcritureLib_0141;;0,00;122,50;C;;;
LC;Banque LC;;20250210;51200000;CompteLib_0021;;;25B44;20250210;EcritureLib_0141;;122,50;0,00;D;;;
LC;Banque LC;;20250210;40100000;CompteLib_0025;FASIAFRICA;ASIAFRICA;25B45;20250210;EcritureLib_0142;;211,00;0,00;D;;;
LC;Banque LC;;20250210;51200000;CompteLib_0021;;;25B45;20250210;EcritureLib_0142;;0,00;211,00;C;;;
LC;Banque LC;;20250210;40100000;CompteLib_0025;FALDI;ALDI;25B46;20250210;EcritureLib_0143;;47,94;0,00;D;;;
LC;Banque LC;;20250210;51200000;CompteLib_0021;;;25B46;20250210;EcritureLib_0143;;0,00;47,94;C;;;
LC;Banque LC;;20250210;62700000;CompteLib_0038;;;25B47;20250210;EcritureLib_0065;;0,90;0,00;D;;;
LC;Banque LC;;20250210;51200000;CompteLib_0021;;;25B47;20250210;EcritureLib_0065;;0,00;0,90;C;;;
LC;Banque LC;;20250210;62700000;CompteLib_0038;;;25B48;20250210;EcritureLib_0065;;0,56;0,00;D;;;
LC;Banque LC;;20250210;51200000;CompteLib_0021;;;25B48;20250210;EcritureLib_0065;;0,00;0,56;C;;;
LC;Banque LC;;20250210;62700000;CompteLib_0038;;;25B49;20250210;EcritureLib_0065;;0,38;0,00;D;;;
LC;Banque LC;;20250210;51200000;CompteLib_0021;;;25B49;20250210;EcritureLib_0065;;0,00;0,38;C;;;
LC;Banque LC;;20250211;40100000;CompteLib_0025;FCARREFOUR;CARREFOUR;25B50;20250211;EcritureLib_0144;;59,97;0,00;D;;;
LC;Banque LC;;20250211;51200000;CompteLib_0021;;;25B50;20250211;EcritureLib_0144;;0,00;59,97;C;;;
LC;Banque LC;;20250212;51180000;CompteLib_0040;;;25B54;20250212;EcritureLib_0145;;0,00;251,00;C;;;
LC;Banque LC;;20250212;51200000;CompteLib_0021;;;25B54;20250212;EcritureLib_0145;;251,00;0,00;D;;;
LC;Banque LC;;20250212;40100000;CompteLib_0025;PROMOCASH;PROMOCASH;25B55;20250212;EcritureLib_0146;;267,08;0,00;D;;P;20250311
LC;Banque LC;;20250212;51200000;CompteLib_0021;;;25B55;20250212;EcritureLib_0146;;0,00;267,08;C;;;
LC;Banque LC;;20250212;40100000;CompteLib_0025;PROMOCASH;PROMOCASH;25B56;20250212;EcritureLib_0146;;12,19;0,00;D;;H;20250217
LC;Banque LC;;20250212;51200000;CompteLib_0021;;;25B56;20250212;EcritureLib_0146;;0,00;12,19;C;;;
LC;Banque LC;;20250212;40100000;CompteLib_0025;FGRAND;GRAND FRAIS;25B57;20250212;EcritureLib_0147;;9,66;0,00;D;;;
LC;Banque LC;;20250212;51200000;CompteLib_0021;;;25B57;20250212;EcritureLib_0147;;0,00;9,66;C;;;
LC;Banque LC;;20250212;62700000;CompteLib_0038;;;25B58;20250212;EcritureLib_0065;;0,87;0,00;D;;;
LC;Banque LC;;20250212;51200000;CompteLib_0021;;;25B58;20250212;EcritureLib_0065;;0,00;0,87;C;;;
LC;Banque LC;;20250213;40100000;CompteLib_0025;PROMOCASH;PROMOCASH;25B61;20250213;EcritureLib_0148;;27,24;0,00;D;;O;20250311
LC;Banque LC;;20250213;51200000;CompteLib_0021;;;25B61;20250213;EcritureLib_0148;;0,00;27,24;C;;;
LC;Banque LC;;20250213;40100000;CompteLib_0025;FGRAND;GRAND FRAIS;25B62;20250213;EcritureLib_0149;;9,50;0,00;D;;;
LC;Banque LC;;20250213;51200000;CompteLib_0021;;;25B62;20250213;EcritureLib_0149;;0,00;9,50;C;;;
LC;Banque LC;;20250214;51180000;CompteLib_0040;;;25B66;20250214;EcritureLib_0150;;0,00;194,00;C;;;
LC;Banque LC;;20250214;51200000;CompteLib_0021;;;25B66;20250214;EcritureLib_0150;;194,00;0,00;D;;;
LC;Banque LC;;20250214;51180000;CompteLib_0040;;;25B67;20250214;EcritureLib_0151;;0,00;140,00;C;;;
LC;Banque LC;;20250214;51200000;CompteLib_0021;;;25B67;20250214;EcritureLib_0151;;140,00;0,00;D;;;
LC;Banque LC;;20250214;40100000;CompteLib_0025;FASIAFRICA;ASIAFRICA;25B68;20250214;EcritureLib_0152;;107,00;0,00;D;;I;20250325
LC;Banque LC;;20250214;51200000;CompteLib_0021;;;25B68;20250214;EcritureLib_0152;;0,00;107,00;C;;;
LC;Banque LC;;20250214;40100000;CompteLib_0025;FPARISSTORE;PARIS STORE;25B69;20250214;EcritureLib_0153;;101,86;0,00;D;;V;20250311
LC;Banque LC;;20250214;51200000;CompteLib_0021;;;25B69;20250214;EcritureLib_0153;;0,00;101,86;C;;;
LC;Banque LC;;20250214;40100000;CompteLib_0025;FALDI;ALDI;25B70;20250214;EcritureLib_0154;;7,17;0,00;D;;A;20250521
LC;Banque LC;;20250214;51200000;CompteLib_0021;;;25B70;20250214;EcritureLib_0154;;0,00;7,17;C;;;
LC;Banque LC;;20250214;62700000;CompteLib_0038;;;25B71;20250214;EcritureLib_0065;;0,68;0,00;D;;;
LC;Banque LC;;20250214;51200000;CompteLib_0021;;;25B71;20250214;EcritureLib_0065;;0,00;0,68;C;;;
LC;Banque LC;;20250214;62700000;CompteLib_0038;;;25B72;20250214;EcritureLib_0065;;0,49;0,00;D;;;
LC;Banque LC;;20250214;51200000;CompteLib_0021;;;25B72;20250214;EcritureLib_0065;;0,00;0,49;C;;;
LC;Banque LC;;20250216;40100000;CompteLib_0025;FANGLEDROIT;ANGLE DROIT;25B76;20250216;EcritureLib_0155;;570,00;0,00;D;;A;20250701
LC;Banque LC;;20250216;51200000;CompteLib_0021;;;25B76;20250216;EcritureLib_0155;;0,00;570,00;C;;;
LC;Banque LC;;20250217;41100000;CompteLib_0044;CCRIDONN;CRIDON DU NORD;25B77;20250217;EcritureLib_0156;;0,00;579,95;C;;A;20250701
LC;Banque LC;;20250217;51200000;CompteLib_0021;;;25B77;20250217;EcritureLib_0156;;579,95;0,00;D;;;
LC;Banque LC;;20250217;51180000;CompteLib_0040;;;25B78;20250217;EcritureLib_0157;;0,00;210,50;C;;;
LC;Banque LC;;20250217;51200000;CompteLib_0021;;;25B78;20250217;EcritureLib_0157;;210,50;0,00;D;;;
LC;Banque LC;;20250217;51180000;CompteLib_0040;;;25B79;20250217;EcritureLib_0158;;0,00;114,50;C;;;
LC;Banque LC;;20250217;51200000;CompteLib_0021;;;25B79;20250217;EcritureLib_0158;;114,50;0,00;D;;;
LC;Banque LC;;20250217;61610000;CompteLib_0041;;;25B80;20250217;EcritureLib_0077;;374,68;0,00;D;;;
LC;Banque LC;;20250217;51200000;CompteLib_0021;;;25B80;20250217;EcritureLib_0077;;0,00;374,68;C;;;
LC;Banque LC;;20250217;40100000;CompteLib_0025;FCARBU;CARBURANT;25B81;20250217;EcritureLib_0159;;53,61;0,00;D;;K;20250701
LC;Banque LC;;20250217;51200000;CompteLib_0021;;;25B81;20250217;EcritureLib_0159;;0,00;53,61;C;;;
LC;Banque LC;;20250217;40100000;CompteLib_0025;PROMOCASH;PROMOCASH;25B82;20250217;EcritureLib_0160;;27,34;0,00;D;;R;20250311
LC;Banque LC;;20250217;51200000;CompteLib_0021;;;25B82;20250217;EcritureLib_0160;;0,00;27,34;C;;;
LC;Banque LC;;20250217;62700000;CompteLib_0038;;;25B83;20250217;EcritureLib_0065;;0,79;0,00;D;;;
LC;Banque LC;;20250217;51200000;CompteLib_0021;;;25B83;20250217;EcritureLib_0065;;0,00;0,79;C;;;
LC;Banque LC;;20250217;62700000;CompteLib_0038;;;25B84;20250217;EcritureLib_0065;;0,73;0,00;D;;;
LC;Banque LC;;20250217;51200000;CompteLib_0021;;;25B84;20250217;EcritureLib_0065;;0,00;0,73;C;;;
LC;Banque LC;;20250218;43100000;CompteLib_0009;;;25B85;20250218;EcritureLib_0082;;340,00;0,00;D;;P;20250708
LC;Banque LC;;20250218;51200000;CompteLib_0021;;;25B85;20250218;EcritureLib_0082;;0,00;340,00;C;;;
LC;Banque LC;;20250219;51180000;CompteLib_0040;;;25B87;20250219;EcritureLib_0161;;0,00;139,50;C;;;
LC;Banque LC;;20250219;51200000;CompteLib_0021;;;25B87;20250219;EcritureLib_0161;;139,50;0,00;D;;;
LC;Banque LC;;20250219;16400000;CompteLib_0002;;;25B88;20250219;EcritureLib_0088;;930,93;0,00;D;;;
LC;Banque LC;;20250219;51200000;CompteLib_0021;;;25B88;20250219;EcritureLib_0088;;0,00;930,93;C;;;
LC;Banque LC;;20250219;40100000;CompteLib_0025;FLECLERC;LECLERC;25B89;20250219;EcritureLib_0162;;118,17;0,00;D;;;
LC;Banque LC;;20250219;51200000;CompteLib_0021;;;25B89;20250219;EcritureLib_0162;;0,00;118,17;C;;;
LC;Banque LC;;20250219;62700000;CompteLib_0038;;;25B90;20250219;EcritureLib_0065;;0,49;0,00;D;;;
LC;Banque LC;;20250219;51200000;CompteLib_0021;;;25B90;20250219;EcritureLib_0065;;0,00;0,49;C;;;
LC;Banque LC;;20250220;41100000;CompteLib_0044;CCRIDONN;CRIDON DU NORD;25B93;20250220;EcritureLib_0163;;0,00;579,94;C;;A;20250701
LC;Banque LC;;20250220;51200000;CompteLib_0021;;;25B93;20250220;EcritureLib_0163;;579,94;0,00;D;;;
LC;Banque LC;;20250220;40100000;CompteLib_0025;FBRICODEPOT;BRICO DEPOT;25B94;20250220;EcritureLib_0164;;99,90;0,00;D;;A;20250701
LC;Banque LC;;20250220;51200000;CompteLib_0021;;;25B94;20250220;EcritureLib_0164;;0,00;99,90;C;;;
LC;Banque LC;;20250220;61350000;CompteLib_0032;;;25B95;20250220;EcritureLib_0090;;80,63;0,00;D;;;
LC;Banque LC;;20250220;44566000;CompteLib_0014;;;25B95;20250220;EcritureLib_0090;;16,13;0,00;D;;;
LC;Banque LC;;20250220;51200000;CompteLib_0021;;;25B95;20250220;EcritureLib_0090;;0,00;96,76;C;;;
LC;Banque LC;;20250220;40100000;CompteLib_0025;PROMOCASH;PROMOCASH;25B96;20250220;EcritureLib_0165;;49,91;0,00;D;;Q;20250311
LC;Banque LC;;20250220;51200000;CompteLib_0021;;;25B96;20250220;EcritureLib_0165;;0,00;49,91;C;;;
LC;Banque LC;;20250221;51180000;CompteLib_0040;;;25B100;20250221;EcritureLib_0166;;0,00;302,50;C;;;
LC;Banque LC;;20250221;51200000;CompteLib_0021;;;25B100;20250221;EcritureLib_0166;;302,50;0,00;D;;;
LC;Banque LC;;20250221;51180000;CompteLib_0040;;;25B101;20250221;EcritureLib_0167;;0,00;290,50;C;;;
LC;Banque LC;;20250221;51200000;CompteLib_0021;;;25B101;20250221;EcritureLib_0167;;290,50;0,00;D;;;
LC;Banque LC;;20250221;40100000;CompteLib_0025;PROMOCASH;PROMOCASH;25B102;20250221;EcritureLib_0168;;96,91;0,00;D;;AH;20250521
LC;Banque LC;;20250221;51200000;CompteLib_0021;;;25B102;20250221;EcritureLib_0168;;0,00;96,91;C;;;
LC;Banque LC;;20250221;40100000;CompteLib_0025;PROMOCASH;PROMOCASH;25B103;20250221;EcritureLib_0168;;39,00;0,00;D;;S;20250311
LC;Banque LC;;20250221;51200000;CompteLib_0021;;;25B103;20250221;EcritureLib_0168;;0,00;39,00;C;;;
LC;Banque LC;;20250221;62700000;CompteLib_0038;;;25B104;20250221;EcritureLib_0065;;1,05;0,00;D;;;
LC;Banque LC;;20250221;51200000;CompteLib_0021;;;25B104;20250221;EcritureLib_0065;;0,00;1,05;C;;;
LC;Banque LC;;20250221;62700000;CompteLib_0038;;;25B105;20250221;EcritureLib_0065;;1,02;0,00;D;;;
LC;Banque LC;;20250221;51200000;CompteLib_0021;;;25B105;20250221;EcritureLib_0065;;0,00;1,02;C;;;
LC;Banque LC;;20250224;51180000;CompteLib_0040;;;25B108;20250224;EcritureLib_0169;;0,00;279,00;C;;;
LC;Banque LC;;20250224;51200000;CompteLib_0021;;;25B108;20250224;EcritureLib_0169;;279,00;0,00;D;;;
LC;Banque LC;;20250224;51180000;CompteLib_0040;;;25B109;20250224;EcritureLib_0170;;0,00;261,00;C;;;
LC;Banque LC;;20250224;51200000;CompteLib_0021;;;25B109;20250224;EcritureLib_0170;;261,00;0,00;D;;;
LC;Banque LC;;20250224;40100000;CompteLib_0025;FOHCANADA;OH CANADA;25B110;20250224;EcritureLib_0171;;244,76;0,00;D;;A;20250701
LC;Banque LC;;20250224;51200000;CompteLib_0021;;;25B110;20250224;EcritureLib_0171;;0,00;244,76;C;;;
LC;Banque LC;;20250224;40100000;CompteLib_0025;PROMOCASH;PROMOCASH;25B111;20250224;EcritureLib_0172;;149,29;0,00;D;;T;20250311
LC;Banque LC;;20250224;51200000;CompteLib_0021;;;25B111;20250224;EcritureLib_0172;;0,00;149,29;C;;;
LC;Banque LC;;20250224;40100000;CompteLib_0025;FSOCOVOL;SOCOVOL;25B112;20250224;EcritureLib_0173;;122,12;0,00;D;;A;20250521
LC;Banque LC;;20250224;51200000;CompteLib_0021;;;25B112;20250224;EcritureLib_0173;;0,00;122,12;C;;;
LC;Banque LC;;20250224;40100000;CompteLib_0025;HAART;HAART;25B113;20250224;EcritureLib_0174;;69,00;0,00;D;;C;20250311
LC;Banque LC;;20250224;51200000;CompteLib_0021;;;25B113;20250224;EcritureLib_0174;;0,00;69,00;C;;;
LC;Banque LC;;20250224;62700000;CompteLib_0038;;;25B114;20250224;EcritureLib_0065;;0,95;0,00;D;;;
LC;Banque LC;;20250224;51200000;CompteLib_0021;;;25B114;20250224;EcritureLib_0065;;0,00;0,95;C;;;
LC;Banque LC;;20250224;62700000;CompteLib_0038;;;25B115;20250224;EcritureLib_0065;;0,90;0,00;D;;;
LC;Banque LC;;20250224;51200000;CompteLib_0021;;;25B115;20250224;EcritureLib_0065;;0,00;0,90;C;;;
LC;Banque LC;;20250225;40100000;CompteLib_0025;FSTC;STC DIGIT;25B116;20250225;EcritureLib_0096;;253,20;0,00;D;;;
LC;Banque LC;;20250225;51200000;CompteLib_0021;;;25B116;20250225;EcritureLib_0096;;0,00;253,20;C;;;
LC;Banque LC;;20250225;43703000;CompteLib_0011;;;25B117;20250225;EcritureLib_0100;;67,03;0,00;D;;L;20250703
LC;Banque LC;;20250225;51200000;CompteLib_0021;;;25B117;20250225;EcritureLib_0100;;0,00;67,03;C;;;
LC;Banque LC;;20250225;62700000;CompteLib_0038;;;25B118;20250225;EcritureLib_0102;;12,20;0,00;D;;;
LC;Banque LC;;20250225;51200000;CompteLib_0021;;;25B118;20250225;EcritureLib_0102;;0,00;12,20;C;;;
LC;Banque LC;;20250226;51180000;CompteLib_0040;;;25B122;20250226;EcritureLib_0175;;0,00;141,00;C;;;
LC;Banque LC;;20250226;51200000;CompteLib_0021;;;25B122;20250226;EcritureLib_0175;;141,00;0,00;D;;;
LC;Banque LC;;20250226;51180000;CompteLib_0040;;;25B123;20250226;EcritureLib_0176;;0,00;84,50;C;;;
LC;Banque LC;;20250226;51200000;CompteLib_0021;;;25B123;20250226;EcritureLib_0176;;84,50;0,00;D;;;
LC;Banque LC;;20250226;40100000;CompteLib_0025;PROMOCASH;PROMOCASH;25B124;20250226;EcritureLib_0177;;49,49;0,00;D;;U;20250311
LC;Banque LC;;20250226;51200000;CompteLib_0021;;;25B124;20250226;EcritureLib_0177;;0,00;49,49;C;;;
LC;Banque LC;;20250226;40100000;CompteLib_0025;PROMOCASH;PROMOCASH;25B125;20250226;EcritureLib_0177;;28,40;0,00;D;;AI;20250521
LC;Banque LC;;20250226;51200000;CompteLib_0021;;;25B125;20250226;EcritureLib_0177;;0,00;28,40;C;;;
LC;Banque LC;;20250226;40100000;CompteLib_0025;FGRAND;GRAND FRAIS;25B126;20250226;EcritureLib_0178;;18,50;0,00;D;;G;20250311
LC;Banque LC;;20250226;51200000;CompteLib_0021;;;25B126;20250226;EcritureLib_0178;;0,00;18,50;C;;;
LC;Banque LC;;20250226;62700000;CompteLib_0038;;;25B127;20250226;EcritureLib_0065;;0,49;0,00;D;;;
LC;Banque LC;;20250226;51200000;CompteLib_0021;;;25B127;20250226;EcritureLib_0065;;0,00;0,49;C;;;
LC;Banque LC;;20250226;62700000;CompteLib_0038;;;25B128;20250226;EcritureLib_0065;;0,29;0,00;D;;;
LC;Banque LC;;20250226;51200000;CompteLib_0021;;;25B128;20250226;EcritureLib_0065;;0,00;0,29;C;;;
LC;Banque LC;;20250227;51180000;CompteLib_0040;;;25B129;20250227;EcritureLib_0179;;0,00;88,50;C;;;
LC;Banque LC;;20250227;51200000;CompteLib_0021;;;25B129;20250227;EcritureLib_0179;;88,50;0,00;D;;;
LC;Banque LC;;20250227;62700000;CompteLib_0038;;;25B130;20250227;EcritureLib_0065;;0,65;0,00;D;;;
LC;Banque LC;;20250227;51200000;CompteLib_0021;;;25B130;20250227;EcritureLib_0065;;0,00;0,65;C;;;
LC;Banque LC;;20250227;62700000;CompteLib_0038;;;25B131;20250227;EcritureLib_0110;;0,00;0,87;C;;;
LC;Banque LC;;20250227;51200000;CompteLib_0021;;;25B131;20250227;EcritureLib_0110;;0,87;0,00;D;;;
LC;Banque LC;;20250227;62700000;CompteLib_0038;;;25B132;20250227;EcritureLib_0111;;19,43;0,00;D;;;
LC;Banque LC;;20250227;51200000;CompteLib_0021;;;25B132;20250227;EcritureLib_0111;;0,00;19,43;C;;;
LC;Banque LC;;20250228;51180000;CompteLib_0040;;;25B134;20250228;EcritureLib_0180;;0,00;342,00;C;;;
LC;Banque LC;;20250228;51200000;CompteLib_0021;;;25B134;20250228;EcritureLib_0180;;342,00;0,00;D;;;
LC;Banque LC;;20250228;51180000;CompteLib_0040;;;25B135;20250228;EcritureLib_0181;;0,00;150,00;C;;;
LC;Banque LC;;20250228;51200000;CompteLib_0021;;;25B135;20250228;EcritureLib_0181;;150,00;0,00;D;;;
LC;Banque LC;;20250228;40100000;CompteLib_0025;PROMOCASH;PROMOCASH;25B136;20250228;EcritureLib_0182;;257,09;0,00;D;;V;20250311
LC;Banque LC;;20250228;51200000;CompteLib_0021;;;25B136;20250228;EcritureLib_0182;;0,00;257,09;C;;;
LC;Banque LC;;20250228;40100000;CompteLib_0025;FLIVE;LIVE ADVICE;25B137;20250228;EcritureLib_0101;;90,00;0,00;D;;;
LC;Banque LC;;20250228;51200000;CompteLib_0021;;;25B137;20250228;EcritureLib_0101;;0,00;90,00;C;;;
LC;Banque LC;;20250228;62700000;CompteLib_0038;;;25B138;20250228;EcritureLib_0065;;3,06;0,00;D;;;
LC;Banque LC;;20250228;51200000;CompteLib_0021;;;25B138;20250228;EcritureLib_0065;;0,00;3,06;C;;;
LC;Banque LC;;20250228;62700000;CompteLib_0038;;;25B139;20250228;EcritureLib_0065;;0,95;0,00;D;;;
LC;Banque LC;;20250228;51200000;CompteLib_0021;;;25B139;20250228;EcritureLib_0065;;0,00;0,95;C;;;
LC;Banque LC;;20250303;51180000;CompteLib_0040;;;25C6;20250303;EcritureLib_0183;;0,00;813,50;C;;;
LC;Banque LC;;20250303;51200000;CompteLib_0021;;;25C6;20250303;EcritureLib_0183;;813,50;0,00;D;;;
LC;Banque LC;;20250303;51180000;CompteLib_0040;;;25C7;20250303;EcritureLib_0184;;0,00;510,50;C;;;
LC;Banque LC;;20250303;51200000;CompteLib_0021;;;25C7;20250303;EcritureLib_0184;;510,50;0,00;D;;;
LC;Banque LC;;20250303;51180000;CompteLib_0040;;;25C8;20250303;EcritureLib_0185;;0,00;402,00;C;;;
LC;Banque LC;;20250303;51200000;CompteLib_0021;;;25C8;20250303;EcritureLib_0185;;402,00;0,00;D;;;
LC;Banque LC;;20250303;51180000;CompteLib_0040;;;25C9;20250303;EcritureLib_0186;;0,00;40,00;C;;;
LC;Banque LC;;20250303;51200000;CompteLib_0021;;;25C9;20250303;EcritureLib_0186;;40,00;0,00;D;;;
LC;Banque LC;;20250303;40100000;CompteLib_0025;PROMOCASH;PROMOCASH;25C10;20250303;EcritureLib_0187;;151,99;0,00;D;;W;20250311
LC;Banque LC;;20250303;51200000;CompteLib_0021;;;25C10;20250303;EcritureLib_0187;;0,00;151,99;C;;;
LC;Banque LC;;20250303;40100000;CompteLib_0025;FCARBU;CARBURANT;25C11;20250303;EcritureLib_0188;;50,82;0,00;D;;H;20250311
LC;Banque LC;;20250303;51200000;CompteLib_0021;;;25C11;20250303;EcritureLib_0188;;0,00;50,82;C;;;
LC;Banque LC;;20250303;40100000;CompteLib_0025;PROMOCASH;PROMOCASH;25C12;20250303;EcritureLib_0189;;34,68;0,00;D;;Z;20250311
LC;Banque LC;;20250303;51200000;CompteLib_0021;;;25C12;20250303;EcritureLib_0189;;0,00;34,68;C;;;
LC;Banque LC;;20250303;40100000;CompteLib_0025;PROMOCASH;PROMOCASH;25C13;20250303;EcritureLib_0189;;25,92;0,00;D;;X;20250311
LC;Banque LC;;20250303;51200000;CompteLib_0021;;;25C13;20250303;EcritureLib_0189;;0,00;25,92;C;;;
LC;Banque LC;;20250303;40100000;CompteLib_0025;FGRAND;GRAND FRAIS;25C14;20250303;EcritureLib_0190;;22,49;0,00;D;;I;20250311
LC;Banque LC;;20250303;51200000;CompteLib_0021;;;25C14;20250303;EcritureLib_0190;;0,00;22,49;C;;;
LC;Banque LC;;20250303;40100000;CompteLib_0025;FGRAND;GRAND FRAIS;25C15;20250303;EcritureLib_0191;;10,33;0,00;D;;H;20250311
LC;Banque LC;;20250303;51200000;CompteLib_0021;;;25C15;20250303;EcritureLib_0191;;0,00;10,33;C;;;
LC;Banque LC;;20250303;62700000;CompteLib_0038;;;25C16;20250303;EcritureLib_0065;;3,77;0,00;D;;;
LC;Banque LC;;20250303;51200000;CompteLib_0021;;;25C16;20250303;EcritureLib_0065;;0,00;3,77;C;;;
LC;Banque LC;;20250303;62700000;CompteLib_0038;;;25C17;20250303;EcritureLib_0065;;1,62;0,00;D;;;
LC;Banque LC;;20250303;51200000;CompteLib_0021;;;25C17;20250303;EcritureLib_0065;;0,00;1,62;C;;;
LC;Banque LC;;20250303;62700000;CompteLib_0038;;;25C18;20250303;EcritureLib_0065;;1,38;0,00;D;;;
LC;Banque LC;;20250303;51200000;CompteLib_0021;;;25C18;20250303;EcritureLib_0065;;0,00;1,38;C;;;
LC;Banque LC;;20250303;62700000;CompteLib_0038;;;25C19;20250303;EcritureLib_0065;;0,12;0,00;D;;;
LC;Banque LC;;20250303;51200000;CompteLib_0021;;;25C19;20250303;EcritureLib_0065;;0,00;0,12;C;;;
LC;Banque LC;;20250303;62700000;CompteLib_0038;;;25C20;20250303;EcritureLib_0122;;5,25;0,00;D;;;
LC;Banque LC;;20250303;51200000;CompteLib_0021;;;25C20;20250303;EcritureLib_0122;;0,00;5,25;C;;;
LC;Banque LC;;20250304;42100000;CompteLib_0007;;;25C21;20250304;EcritureLib_0192;;149,98;0,00;D;;L;20250710
LC;Banque LC;;20250304;51200000;CompteLib_0021;;;25C21;20250304;EcritureLib_0192;;0,00;149,98;C;;;
LC;Banque LC;;20250304;42100000;CompteLib_0007;;;25C22;20250304;EcritureLib_0192;;144,45;0,00;D;;M;20250710
LC;Banque LC;;20250304;51200000;CompteLib_0021;;;25C22;20250304;EcritureLib_0192;;0,00;144,45;C;;;
LC;Banque LC;;20250304;42100000;CompteLib_0007;;;25C23;20250304;EcritureLib_0127;;635,85;0,00;D;;N;20250710
LC;Banque LC;;20250304;51200000;CompteLib_0021;;;25C23;20250304;EcritureLib_0127;;0,00;635,85;C;;;
LC;Banque LC;;20250304;42100000;CompteLib_0007;;;25C24;20250304;EcritureLib_0127;;109,68;0,00;D;;P;20250710
LC;Banque LC;;20250304;51200000;CompteLib_0021;;;25C24;20250304;EcritureLib_0127;;0,00;109,68;C;;;
LC;Banque LC;;20250305;51180000;CompteLib_0040;;;25C27;20250305;EcritureLib_0193;;0,00;66,00;C;;;
LC;Banque LC;;20250305;51200000;CompteLib_0021;;;25C27;20250305;EcritureLib_0193;;66,00;0,00;D;;;
LC;Banque LC;;20250305;42100000;CompteLib_0007;;;25C28;20250305;EcritureLib_0194;;897,60;0,00;D;;W;20250710
LC;Banque LC;;20250305;51200000;CompteLib_0021;;;25C28;20250305;EcritureLib_0194;;0,00;897,60;C;;;
LC;Banque LC;;20250305;40100000;CompteLib_0025;FASIAFRICA;ASIAFRICA;25C29;20250305;EcritureLib_0195;;128,60;0,00;D;;H;20250325
LC;Banque LC;;20250305;51200000;CompteLib_0021;;;25C29;20250305;EcritureLib_0195;;0,00;128,60;C;;;
LC;Banque LC;;20250305;40100000;CompteLib_0025;PROMOCASH;PROMOCASH;25C30;20250305;EcritureLib_0196;;104,36;0,00;D;;Y;20250311
LC;Banque LC;;20250305;51200000;CompteLib_0021;;;25C30;20250305;EcritureLib_0196;;0,00;104,36;C;;;
LC;Banque LC;;20250305;61600000;CompteLib_0039;;;25C31;20250305;EcritureLib_0062;;4,41;0,00;D;;;
LC;Banque LC;;20250305;51200000;CompteLib_0021;;;25C31;20250305;EcritureLib_0062;;0,00;4,41;C;;;
LC;Banque LC;;20250305;62700000;CompteLib_0038;;;25C32;20250305;EcritureLib_0065;;0,59;0,00;D;;;
LC;Banque LC;;20250305;51200000;CompteLib_0021;;;25C32;20250305;EcritureLib_0065;;0,00;0,59;C;;;
LC;Banque LC;;20250306;51180000;CompteLib_0040;;;25C33;20250306;EcritureLib_0197;;0,00;54,00;C;;;
LC;Banque LC;;20250306;51200000;CompteLib_0021;;;25C33;20250306;EcritureLib_0197;;54,00;0,00;D;;;
LC;Banque LC;;20250306;62700000;CompteLib_0038;;;25C34;20250306;EcritureLib_0065;;0,16;0,00;D;;;
LC;Banque LC;;20250306;51200000;CompteLib_0021;;;25C34;20250306;EcritureLib_0065;;0,00;0,16;C;;;
LC;Banque LC;;20250307;51180000;CompteLib_0040;;;25C35;20250307;EcritureLib_0198;;0,00;154,50;C;;;
LC;Banque LC;;20250307;51200000;CompteLib_0021;;;25C35;20250307;EcritureLib_0198;;154,50;0,00;D;;;
LC;Banque LC;;20250307;51180000;CompteLib_0040;;;25C36;20250307;EcritureLib_0199;;0,00;144,50;C;;;
LC;Banque LC;;20250307;51200000;CompteLib_0021;;;25C36;20250307;EcritureLib_0199;;144,50;0,00;D;;;
LC;Banque LC;;20250307;62700000;CompteLib_0038;;;25C37;20250307;EcritureLib_0065;;0,54;0,00;D;;;
LC;Banque LC;;20250307;51200000;CompteLib_0021;;;25C37;20250307;EcritureLib_0065;;0,00;0,54;C;;;
LC;Banque LC;;20250307;62700000;CompteLib_0038;;;25C38;20250307;EcritureLib_0065;;0,47;0,00;D;;;
LC;Banque LC;;20250307;51200000;CompteLib_0021;;;25C38;20250307;EcritureLib_0065;;0,00;0,47;C;;;
LC;Banque LC;;20250310;51180000;CompteLib_0040;;;25C39;20250310;EcritureLib_0200;;0,00;145,00;C;;;
LC;Banque LC;;20250310;51200000;CompteLib_0021;;;25C39;20250310;EcritureLib_0200;;145,00;0,00;D;;;
LC;Banque LC;;20250310;51180000;CompteLib_0040;;;25C40;20250310;EcritureLib_0201;;0,00;64,00;C;;;
LC;Banque LC;;20250310;51200000;CompteLib_0021;;;25C40;20250310;EcritureLib_0201;;64,00;0,00;D;;;
LC;Banque LC;;20250310;40100000;CompteLib_0025;FSOCOVOL;SOCOVOL;25C41;20250310;EcritureLib_0173;;69,89;0,00;D;;C;20250527
LC;Banque LC;;20250310;51200000;CompteLib_0021;;;25C41;20250310;EcritureLib_0173;;0,00;69,89;C;;;
LC;Banque LC;;20250310;62700000;CompteLib_0038;;;25C42;20250310;EcritureLib_0065;;0,51;0,00;D;;;
LC;Banque LC;;20250310;51200000;CompteLib_0021;;;25C42;20250310;EcritureLib_0065;;0,00;0,51;C;;;
LC;Banque LC;;20250310;62700000;CompteLib_0038;;;25C43;20250310;EcritureLib_0065;;0,19;0,00;D;;;
LC;Banque LC;;20250310;51200000;CompteLib_0021;;;25C43;20250310;EcritureLib_0065;;0,00;0,19;C;;;
LC;Banque LC;;20250312;51180000;CompteLib_0040;;;25C45;20250312;EcritureLib_0202;;0,00;64,00;C;;;
LC;Banque LC;;20250312;51200000;CompteLib_0021;;;25C45;20250312;EcritureLib_0202;;64,00;0,00;D;;;
LC;Banque LC;;20250312;40100000;CompteLib_0025;PROMOCASH;PROMOCASH;25C46;20250312;EcritureLib_0203;;47,01;0,00;D;;AA;20250325
LC;Banque LC;;20250312;51200000;CompteLib_0021;;;25C46;20250312;EcritureLib_0203;;0,00;47,01;C;;;
LC;Banque LC;;20250312;40100000;CompteLib_0025;FGRAND;GRAND FRAIS;25C47;20250312;EcritureLib_0204;;11,92;0,00;D;;;
LC;Banque LC;;20250312;51200000;CompteLib_0021;;;25C47;20250312;EcritureLib_0204;;0,00;11,92;C;;;
LC;Banque LC;;20250312;62700000;CompteLib_0038;;;25C48;20250312;EcritureLib_0065;;0,22;0,00;D;;;
LC;Banque LC;;20250312;51200000;CompteLib_0021;;;25C48;20250312;EcritureLib_0065;;0,00;0,22;C;;;
LC;Banque LC;;20250313;51180000;CompteLib_0040;;;25C49;20250313;EcritureLib_0205;;0,00;105,00;C;;;
LC;Banque LC;;20250313;51200000;CompteLib_0021;;;25C49;20250313;EcritureLib_0205;;105,00;0,00;D;;;
LC;Banque LC;;20250313;62700000;CompteLib_0038;;;25C50;20250313;EcritureLib_0065;;0,35;0,00;D;;;
LC;Banque LC;;20250313;51200000;CompteLib_0021;;;25C50;20250313;EcritureLib_0065;;0,00;0,35;C;;;
LC;Banque LC;;20250314;51180000;CompteLib_0040;;;25C52;20250314;EcritureLib_0206;;0,00;16,00;C;;;
LC;Banque LC;;20250314;51200000;CompteLib_0021;;;25C52;20250314;EcritureLib_0206;;16,00;0,00;D;;;
LC;Banque LC;;20250314;40100000;CompteLib_0025;PROMOCASH;PROMOCASH;25C53;20250314;EcritureLib_0207;;52,36;0,00;D;;AT;20250521
LC;Banque LC;;20250314;51200000;CompteLib_0021;;;25C53;20250314;EcritureLib_0207;;0,00;52,36;C;;;
LC;Banque LC;;20250314;62700000;CompteLib_0038;;;25C54;20250314;EcritureLib_0065;;0,05;0,00;D;;;
LC;Banque LC;;20250314;51200000;CompteLib_0021;;;25C54;20250314;EcritureLib_0065;;0,00;0,05;C;;;
LC;Banque LC;;20250316;42100000;CompteLib_0007;;;25C58;20250316;EcritureLib_0127;;1112,30;0,00;D;;V;20250710
LC;Banque LC;;20250316;51200000;CompteLib_0021;;;25C58;20250316;EcritureLib_0127;;0,00;1112,30;C;;;
LC;Banque LC;;20250316;40100000;CompteLib_0025;FSOCOVOL;SOCOVOL;25C59;20250316;EcritureLib_0173;;75,17;0,00;D;;B;20250521
LC;Banque LC;;20250316;51200000;CompteLib_0021;;;25C59;20250316;EcritureLib_0173;;0,00;75,17;C;;;
LC;Banque LC;;20250317;51180000;CompteLib_0040;;;25C60;20250317;EcritureLib_0208;;0,00;560,00;C;;;
LC;Banque LC;;20250317;51200000;CompteLib_0021;;;25C60;20250317;EcritureLib_0208;;560,00;0,00;D;;;
LC;Banque LC;;20250317;51180000;CompteLib_0040;;;25C61;20250317;EcritureLib_0209;;0,00;263,00;C;;;
LC;Banque LC;;20250317;51200000;CompteLib_0021;;;25C61;20250317;EcritureLib_0209;;263,00;0,00;D;;;
LC;Banque LC;;20250317;61610000;CompteLib_0041;;;25C62;20250317;EcritureLib_0077;;374,68;0,00;D;;;
LC;Banque LC;;20250317;51200000;CompteLib_0021;;;25C62;20250317;EcritureLib_0077;;0,00;374,68;C;;;
LC;Banque LC;;20250317;40100000;CompteLib_0025;PROMOCASH;PROMOCASH;25C63;20250317;EcritureLib_0210;;229,88;0,00;D;;AU;20250527
LC;Banque LC;;20250317;51200000;CompteLib_0021;;;25C63;20250317;EcritureLib_0210;;0,00;229,88;C;;;
LC;Banque LC;;20250317;40100000;CompteLib_0025;FCARBU;CARBURANT;25C64;20250317;EcritureLib_0211;;49,19;0,00;D;;I;20250521
LC;Banque LC;;20250317;51200000;CompteLib_0021;;;25C64;20250317;EcritureLib_0211;;0,00;49,19;C;;;
LC;Banque LC;;20250317;40100000;CompteLib_0025;FLECLERC;LECLERC;25C65;20250317;EcritureLib_0211;;14,67;0,00;D;;A;20250521
LC;Banque LC;;20250317;51200000;CompteLib_0021;;;25C65;20250317;EcritureLib_0211;;0,00;14,67;C;;;
LC;Banque LC;;20250317;62700000;CompteLib_0038;;;25C66;20250317;EcritureLib_0065;;1,89;0,00;D;;;
LC;Banque LC;;20250317;51200000;CompteLib_0021;;;25C66;20250317;EcritureLib_0065;;0,00;1,89;C;;;
LC;Banque LC;;20250317;62700000;CompteLib_0038;;;25C67;20250317;EcritureLib_0065;;0,92;0,00;D;;;
LC;Banque LC;;20250317;51200000;CompteLib_0021;;;25C67;20250317;EcritureLib_0065;;0,00;0,92;C;;;
LC;Banque LC;;20250318;43100000;CompteLib_0009;;;25C68;20250318;EcritureLib_0082;;1699,00;0,00;D;;N;20250701
LC;Banque LC;;20250318;51200000;CompteLib_0021;;;25C68;20250318;EcritureLib_0082;;0,00;1699,00;C;;;
LC;Banque LC;;20250319;51180000;CompteLib_0040;;;25C69;20250319;EcritureLib_0212;;0,00;86,00;C;;;
LC;Banque LC;;20250319;51200000;CompteLib_0021;;;25C69;20250319;EcritureLib_0212;;86,00;0,00;D;;;
LC;Banque LC;;20250319;51180000;CompteLib_0040;;;25C70;20250319;EcritureLib_0213;;0,00;48,00;C;;;
LC;Banque LC;;20250319;51200000;CompteLib_0021;;;25C70;20250319;EcritureLib_0213;;48,00;0,00;D;;;
LC;Banque LC;;20250319;16400000;CompteLib_0002;;;25C71;20250319;EcritureLib_0088;;930,93;0,00;D;;;
LC;Banque LC;;20250319;51200000;CompteLib_0021;;;25C71;20250319;EcritureLib_0088;;0,00;930,93;C;;;
LC;Banque LC;;20250319;62700000;CompteLib_0038;;;25C72;20250319;EcritureLib_0065;;0,30;0,00;D;;;
LC;Banque LC;;20250319;51200000;CompteLib_0021;;;25C72;20250319;EcritureLib_0065;;0,00;0,30;C;;;
LC;Banque LC;;20250319;62700000;CompteLib_0038;;;25C73;20250319;EcritureLib_0065;;0,17;0,00;D;;;
LC;Banque LC;;20250319;51200000;CompteLib_0021;;;25C73;20250319;EcritureLib_0065;;0,00;0,17;C;;;
LC;Banque LC;;20250320;51180000;CompteLib_0040;;;25C74;20250320;EcritureLib_0214;;0,00;56,00;C;;;
LC;Banque LC;;20250320;51200000;CompteLib_0021;;;25C74;20250320;EcritureLib_0214;;56,00;0,00;D;;;
LC;Banque LC;;20250320;75800000;CompteLib_0045;;;25C75;20250320;EcritureLib_0215;;0,00;1,00;C;;;
LC;Banque LC;;20250320;51200000;CompteLib_0021;;;25C75;20250320;EcritureLib_0215;;1,00;0,00;D;;;
LC;Banque LC;;20250320;43100000;CompteLib_0009;;;25C76;20250320;EcritureLib_0216;;0,00;1699,00;C;;N;20250701
LC;Banque LC;;20250320;51200000;CompteLib_0021;;;25C76;20250320;EcritureLib_0216;;1699,00;0,00;D;;;
LC;Banque LC;;20250320;61350000;CompteLib_0032;;;25C77;20250320;EcritureLib_0090;;80,63;0,00;D;;;
LC;Banque LC;;20250320;44566000;CompteLib_0014;;;25C77;20250320;EcritureLib_0090;;16,13;0,00;D;;;
LC;Banque LC;;20250320;51200000;CompteLib_0021;;;25C77;20250320;EcritureLib_0090;;0,00;96,76;C;;;
LC;Banque LC;;20250320;62700000;CompteLib_0038;;;25C78;20250320;EcritureLib_0065;;0,19;0,00;D;;;
LC;Banque LC;;20250320;51200000;CompteLib_0021;;;25C78;20250320;EcritureLib_0065;;0,00;0,19;C;;;
LC;Banque LC;;20250321;51180000;CompteLib_0040;;;25C79;20250321;EcritureLib_0217;;0,00;62,00;C;;;
LC;Banque LC;;20250321;51200000;CompteLib_0021;;;25C79;20250321;EcritureLib_0217;;62,00;0,00;D;;;
LC;Banque LC;;20250321;62700000;CompteLib_0038;;;25C80;20250321;EcritureLib_0065;;0,22;0,00;D;;;
LC;Banque LC;;20250321;51200000;CompteLib_0021;;;25C80;20250321;EcritureLib_0065;;0,00;0,22;C;;;
LC;Banque LC;;20250324;51180000;CompteLib_0040;;;25C82;20250324;EcritureLib_0218;;0,00;134,00;C;;;
LC;Banque LC;;20250324;51200000;CompteLib_0021;;;25C82;20250324;EcritureLib_0218;;134,00;0,00;D;;;
LC;Banque LC;;20250324;51180000;CompteLib_0040;;;25C83;20250324;EcritureLib_0219;;0,00;94,00;C;;;
LC;Banque LC;;20250324;51200000;CompteLib_0021;;;25C83;20250324;EcritureLib_0219;;94,00;0,00;D;;;
LC;Banque LC;;20250324;62700000;CompteLib_0038;;;25C84;20250324;EcritureLib_0065;;0,73;0,00;D;;;
LC;Banque LC;;20250324;51200000;CompteLib_0021;;;25C84;20250324;EcritureLib_0065;;0,00;0,73;C;;;
LC;Banque LC;;20250324;62700000;CompteLib_0038;;;25C85;20250324;EcritureLib_0065;;0,33;0,00;D;;;
LC;Banque LC;;20250324;51200000;CompteLib_0021;;;25C85;20250324;EcritureLib_0065;;0,00;0,33;C;;;
LC;Banque LC;;20250325;40100000;CompteLib_0025;FOHCANADA;OH CANADA;25C87;20250325;EcritureLib_0220;;0,00;217,50;C;;;
LC;Banque LC;;20250325;51200000;CompteLib_0021;;;25C87;20250325;EcritureLib_0220;;217,50;0,00;D;;;
LC;Banque LC;;20250325;43703000;CompteLib_0011;;;25C88;20250325;EcritureLib_0100;;368,92;0,00;D;;K;20250703
LC;Banque LC;;20250325;51200000;CompteLib_0021;;;25C88;20250325;EcritureLib_0100;;0,00;368,92;C;;;
LC;Banque LC;;20250325;40100000;CompteLib_0025;FSTC;STC DIGIT;25C89;20250325;EcritureLib_0096;;253,20;0,00;D;;;
LC;Banque LC;;20250325;51200000;CompteLib_0021;;;25C89;20250325;EcritureLib_0096;;0,00;253,20;C;;;
LC;Banque LC;;20250325;40100000;CompteLib_0025;FSTC;STC DIGIT;25C90;20250325;EcritureLib_0096;;23,40;0,00;D;;;
LC;Banque LC;;20250325;51200000;CompteLib_0021;;;25C90;20250325;EcritureLib_0096;;0,00;23,40;C;;;
LC;Banque LC;;20250326;51180000;CompteLib_0040;;;25C91;20250326;EcritureLib_0221;;0,00;19,00;C;;;
LC;Banque LC;;20250326;51200000;CompteLib_0021;;;25C91;20250326;EcritureLib_0221;;19,00;0,00;D;;;
LC;Banque LC;;20250326;62700000;CompteLib_0038;;;25C92;20250326;EcritureLib_0065;;0,06;0,00;D;;;
LC;Banque LC;;20250326;51200000;CompteLib_0021;;;25C92;20250326;EcritureLib_0065;;0,00;0,06;C;;;
LC;Banque LC;;20250326;62700000;CompteLib_0038;;;25C93;20250326;EcritureLib_0102;;12,20;0,00;D;;;
LC;Banque LC;;20250326;51200000;CompteLib_0021;;;25C93;20250326;EcritureLib_0102;;0,00;12,20;C;;;
LC;Banque LC;;20250327;41100000;CompteLib_0044;CLESPAPILLO;LES PAPILLONS BLANCS DE LILLE;25C94;20250327;EcritureLib_0222;;0,00;2131,80;C;;A;20250701
LC;Banque LC;;20250327;51200000;CompteLib_0021;;;25C94;20250327;EcritureLib_0222;;2131,80;0,00;D;;;
LC;Banque LC;;20250327;40100000;CompteLib_0025;FLECEANOTHE;LE CEANOTHE;25C95;20250327;EcritureLib_0223;;249,74;0,00;D;;B;20250701
LC;Banque LC;;20250327;51200000;CompteLib_0021;;;25C95;20250327;EcritureLib_0223;;0,00;249,74;C;;;
LC;Banque LC;;20250328;51180000;CompteLib_0040;;;25C96;20250328;EcritureLib_0224;;0,00;425,50;C;;;
LC;Banque LC;;20250328;51200000;CompteLib_0021;;;25C96;20250328;EcritureLib_0224;;425,50;0,00;D;;;
LC;Banque LC;;20250328;51180000;CompteLib_0040;;;25C97;20250328;EcritureLib_0225;;0,00;320,00;C;;;
LC;Banque LC;;20250328;51200000;CompteLib_0021;;;25C97;20250328;EcritureLib_0225;;320,00;0,00;D;;;
LC;Banque LC;;20250328;40100000;CompteLib_0025;FLIVE;LIVE ADVICE;25C98;20250328;EcritureLib_0101;;90,00;0,00;D;;;
LC;Banque LC;;20250328;51200000;CompteLib_0021;;;25C98;20250328;EcritureLib_0101;;0,00;90,00;C;;;
LC;Banque LC;;20250328;62700000;CompteLib_0038;;;25C99;20250328;EcritureLib_0065;;1,90;0,00;D;;;
LC;Banque LC;;20250328;51200000;CompteLib_0021;;;25C99;20250328;EcritureLib_0065;;0,00;1,90;C;;;
LC;Banque LC;;20250328;62700000;CompteLib_0038;;;25C100;20250328;EcritureLib_0065;;1,66;0,00;D;;;
LC;Banque LC;;20250328;51200000;CompteLib_0021;;;25C100;20250328;EcritureLib_0065;;0,00;1,66;C;;;
LC;Banque LC;;20250328;62700000;CompteLib_0038;;;25C101;20250328;EcritureLib_0110;;0,00;0,87;C;;;
LC;Banque LC;;20250328;51200000;CompteLib_0021;;;25C101;20250328;EcritureLib_0110;;0,87;0,00;D;;;
LC;Banque LC;;20250328;62700000;CompteLib_0038;;;25C102;20250328;EcritureLib_0111;;19,43;0,00;D;;;
LC;Banque LC;;20250328;51200000;CompteLib_0021;;;25C102;20250328;EcritureLib_0111;;0,00;19,43;C;;;
LC;Banque LC;;20250330;42100000;CompteLib_0007;;;25C103;20250330;EcritureLib_0194;;746,72;0,00;D;;X;20250710
LC;Banque LC;;20250330;51200000;CompteLib_0021;;;25C103;20250330;EcritureLib_0194;;0,00;746,72;C;;;
LC;Banque LC;;20250331;51180000;CompteLib_0040;;;25C104;20250331;EcritureLib_0226;;0,00;521,50;C;;;
LC;Banque LC;;20250331;51200000;CompteLib_0021;;;25C104;20250331;EcritureLib_0226;;521,50;0,00;D;;;
LC;Banque LC;;20250331;51180000;CompteLib_0040;;;25C105;20250331;EcritureLib_0227;;0,00;503,00;C;;;
LC;Banque LC;;20250331;51200000;CompteLib_0021;;;25C105;20250331;EcritureLib_0227;;503,00;0,00;D;;;
LC;Banque LC;;20250331;42100000;CompteLib_0007;;;25C106;20250331;EcritureLib_0127;;1056,76;0,00;D;;U;20250710
LC;Banque LC;;20250331;51200000;CompteLib_0021;;;25C106;20250331;EcritureLib_0127;;0,00;1056,76;C;;;
LC;Banque LC;;20250331;40100000;CompteLib_0025;PROMOCASH;PROMOCASH;25C107;20250331;EcritureLib_0228;;379,43;0,00;D;;;
LC;Banque LC;;20250331;51200000;CompteLib_0021;;;25C107;20250331;EcritureLib_0228;;0,00;379,43;C;;;
LC;Banque LC;;20250331;40100000;CompteLib_0025;FLEFOURGON;LE FOURGON;25C108;20250331;EcritureLib_0229;;97,61;0,00;D;;;
LC;Banque LC;;20250331;51200000;CompteLib_0021;;;25C108;20250331;EcritureLib_0229;;0,00;97,61;C;;;
LC;Banque LC;;20250331;40100000;CompteLib_0025;FLECLERC;LECLERC;25C109;20250331;EcritureLib_0230;;47,13;0,00;D;;;
LC;Banque LC;;20250331;51200000;CompteLib_0021;;;25C109;20250331;EcritureLib_0230;;0,00;47,13;C;;;
LC;Banque LC;;20250331;40100000;CompteLib_0025;FGRAND;GRAND FRAIS;25C110;20250331;EcritureLib_0231;;6,35;0,00;D;;;
LC;Banque LC;;20250331;51200000;CompteLib_0021;;;25C110;20250331;EcritureLib_0231;;0,00;6,35;C;;;
LC;Banque LC;;20250331;62700000;CompteLib_0038;;;25C111;20250331;EcritureLib_0065;;2,71;0,00;D;;;
LC;Banque LC;;20250331;51200000;CompteLib_0021;;;25C111;20250331;EcritureLib_0065;;0,00;2,71;C;;;
LC;Banque LC;;20250331;62700000;CompteLib_0038;;;25C112;20250331;EcritureLib_0065;;1,78;0,00;D;;;
LC;Banque LC;;20250331;51200000;CompteLib_0021;;;25C112;20250331;EcritureLib_0065;;0,00;1,78;C;;;
LC;Banque LC;;20250401;40100000;CompteLib_0025;FGRAND;GRAND FRAIS;25D1;20250401;EcritureLib_0232;;45,77;0,00;D;;;
LC;Banque LC;;20250401;51200000;CompteLib_0021;;;25D1;20250401;EcritureLib_0232;;0,00;45,77;C;;;
LC;Banque LC;;20250401;62700000;CompteLib_0038;;;25D2;20250401;EcritureLib_0233;;38,18;0,00;D;;;
LC;Banque LC;;20250401;51200000;CompteLib_0021;;;25D2;20250401;EcritureLib_0233;;0,00;38,18;C;;;
LC;Banque LC;;20250401;62700000;CompteLib_0038;;;25D3;20250401;EcritureLib_0122;;5,25;0,00;D;;;
LC;Banque LC;;20250401;51200000;CompteLib_0021;;;25D3;20250401;EcritureLib_0122;;0,00;5,25;C;;;
LC;Banque LC;;20250402;51180000;CompteLib_0040;;;25D5;20250402;EcritureLib_0234;;0,00;35,00;C;;;
LC;Banque LC;;20250402;51200000;CompteLib_0021;;;25D5;20250402;EcritureLib_0234;;35,00;0,00;D;;;
LC;Banque LC;;20250402;40100000;CompteLib_0025;FLIDL;LIDL;25D6;20250402;EcritureLib_0235;;16,54;0,00;D;;A;20250521
LC;Banque LC;;20250402;51200000;CompteLib_0021;;;25D6;20250402;EcritureLib_0235;;0,00;16,54;C;;;
LC;Banque LC;;20250402;62700000;CompteLib_0038;;;25D7;20250402;EcritureLib_0065;;0,12;0,00;D;;;
LC;Banque LC;;20250402;51200000;CompteLib_0021;;;25D7;20250402;EcritureLib_0065;;0,00;0,12;C;;;
LC;Banque LC;;20250403;51180000;CompteLib_0040;;;25D8;20250403;EcritureLib_0236;;0,00;1261,50;C;;;
LC;Banque LC;;20250403;51200000;CompteLib_0021;;;25D8;20250403;EcritureLib_0236;;1261,50;0,00;D;;;
LC;Banque LC;;20250403;51180000;CompteLib_0040;;;25D9;20250403;EcritureLib_0237;;0,00;41,00;C;;;
LC;Banque LC;;20250403;51200000;CompteLib_0021;;;25D9;20250403;EcritureLib_0237;;41,00;0,00;D;;;
LC;Banque LC;;20250403;40100000;CompteLib_0025;PROMOCASH;PROMOCASH;25D10;20250403;EcritureLib_0238;;24,51;0,00;D;;AJ;20250521
LC;Banque LC;;20250403;51200000;CompteLib_0021;;;25D10;20250403;EcritureLib_0238;;0,00;24,51;C;;;
LC;Banque LC;;20250403;62700000;CompteLib_0038;;;25D11;20250403;EcritureLib_0065;;6,53;0,00;D;;;
LC;Banque LC;;20250403;51200000;CompteLib_0021;;;25D11;20250403;EcritureLib_0065;;0,00;6,53;C;;;
LC;Banque LC;;20250403;62700000;CompteLib_0038;;;25D12;20250403;EcritureLib_0065;;0,12;0,00;D;;;
LC;Banque LC;;20250403;51200000;CompteLib_0021;;;25D12;20250403;EcritureLib_0065;;0,00;0,12;C;;;
LC;Banque LC;;20250404;51180000;CompteLib_0040;;;25D15;20250404;EcritureLib_0239;;0,00;161,50;C;;;
LC;Banque LC;;20250404;51200000;CompteLib_0021;;;25D15;20250404;EcritureLib_0239;;161,50;0,00;D;;;
LC;Banque LC;;20250404;51180000;CompteLib_0040;;;25D16;20250404;EcritureLib_0240;;0,00;18,00;C;;;
LC;Banque LC;;20250404;51200000;CompteLib_0021;;;25D16;20250404;EcritureLib_0240;;18,00;0,00;D;;;
LC;Banque LC;;20250404;40100000;CompteLib_0025;PROMOCASH;PROMOCASH;25D17;20250404;EcritureLib_0241;;99,92;0,00;D;;AY;20250701
LC;Banque LC;;20250404;51200000;CompteLib_0021;;;25D17;20250404;EcritureLib_0241;;0,00;99,92;C;;;
LC;Banque LC;;20250404;40100000;CompteLib_0025;PROMOCASH;PROMOCASH;25D18;20250404;EcritureLib_0241;;50,04;0,00;D;;;
LC;Banque LC;;20250404;51200000;CompteLib_0021;;;25D18;20250404;EcritureLib_0241;;0,00;50,04;C;;;
LC;Banque LC;;20250404;40100000;CompteLib_0025;PROMOCASH;PROMOCASH;25D19;20250404;EcritureLib_0241;;41,62;0,00;D;;;
LC;Banque LC;;20250404;51200000;CompteLib_0021;;;25D19;20250404;EcritureLib_0241;;0,00;41,62;C;;;
LC;Banque LC;;20250404;40100000;CompteLib_0025;FGRAND;GRAND FRAIS;25D20;20250404;EcritureLib_0242;;7,96;0,00;D;;K;20250521
LC;Banque LC;;20250404;51200000;CompteLib_0021;;;25D20;20250404;EcritureLib_0242;;0,00;7,96;C;;;
LC;Banque LC;;20250404;62700000;CompteLib_0038;;;25D21;20250404;EcritureLib_0065;;0,53;0,00;D;;;
LC;Banque LC;;20250404;51200000;CompteLib_0021;;;25D21;20250404;EcritureLib_0065;;0,00;0,53;C;;;
LC;Banque LC;;20250404;62700000;CompteLib_0038;;;25D22;20250404;EcritureLib_0065;;0,05;0,00;D;;;
LC;Banque LC;;20250404;51200000;CompteLib_0021;;;25D22;20250404;EcritureLib_0065;;0,00;0,05;C;;;
LC;Banque LC;;20250406;40100000;CompteLib_0025;FLECEANOTHE;LE CEANOTHE;25D23;20250406;EcritureLib_0243;;612,53;0,00;D;;B;20250701
LC;Banque LC;;20250406;51200000;CompteLib_0021;;;25D23;20250406;EcritureLib_0243;;0,00;612,53;C;;;
LC;Banque LC;;20250407;51180000;CompteLib_0040;;;25D24;20250407;EcritureLib_0244;;0,00;150,00;C;;;
LC;Banque LC;;20250407;51200000;CompteLib_0021;;;25D24;20250407;EcritureLib_0244;;150,00;0,00;D;;;
LC;Banque LC;;20250407;51180000;CompteLib_0040;;;25D25;20250407;EcritureLib_0245;;0,00;109,00;C;;;
LC;Banque LC;;20250407;51200000;CompteLib_0021;;;25D25;20250407;EcritureLib_0245;;109,00;0,00;D;;;
LC;Banque LC;;20250407;42100000;CompteLib_0007;;;25D26;20250407;EcritureLib_0194;;358,95;0,00;D;;R;20250710
LC;Banque LC;;20250407;51200000;CompteLib_0021;;;25D26;20250407;EcritureLib_0194;;0,00;358,95;C;;;
LC;Banque LC;;20250407;40100000;CompteLib_0025;FPARISSTORE;PARIS STORE;25D27;20250407;EcritureLib_0246;;60,38;0,00;D;;;
LC;Banque LC;;20250407;51200000;CompteLib_0021;;;25D27;20250407;EcritureLib_0246;;0,00;60,38;C;;;
LC;Banque LC;;20250407;61600000;CompteLib_0039;;;25D28;20250407;EcritureLib_0062;;4,41;0,00;D;;;
LC;Banque LC;;20250407;51200000;CompteLib_0021;;;25D28;20250407;EcritureLib_0062;;0,00;4,41;C;;;
LC;Banque LC;;20250407;62700000;CompteLib_0038;;;25D29;20250407;EcritureLib_0065;;0,52;0,00;D;;;
LC;Banque LC;;20250407;51200000;CompteLib_0021;;;25D29;20250407;EcritureLib_0065;;0,00;0,52;C;;;
LC;Banque LC;;20250407;62700000;CompteLib_0038;;;25D30;20250407;EcritureLib_0065;;0,37;0,00;D;;;
LC;Banque LC;;20250407;51200000;CompteLib_0021;;;25D30;20250407;EcritureLib_0065;;0,00;0,37;C;;;
LC;Banque LC;;20250410;42100000;CompteLib_0007;;;25D32;20250410;EcritureLib_0127;;699,10;0,00;D;;Z;20250710
LC;Banque LC;;20250410;51200000;CompteLib_0021;;;25D32;20250410;EcritureLib_0127;;0,00;699,10;C;;;
LC;Banque LC;;20250410;40100000;CompteLib_0025;FSTC;STC DIGIT;25D33;20250410;EcritureLib_0096;;229,80;0,00;D;;;
LC;Banque LC;;20250410;51200000;CompteLib_0021;;;25D33;20250410;EcritureLib_0096;;0,00;229,80;C;;;
LC;Banque LC;;20250410;40100000;CompteLib_0025;FRESTAU;RESTAURANT;25D34;20250410;EcritureLib_0247;;77,90;0,00;D;;A;20250701
LC;Banque LC;;20250410;51200000;CompteLib_0021;;;25D34;20250410;EcritureLib_0247;;0,00;77,90;C;;;
LC;Banque LC;;20250411;51180000;CompteLib_0040;;;25D35;20250411;EcritureLib_0248;;0,00;182,00;C;;;
LC;Banque LC;;20250411;51200000;CompteLib_0021;;;25D35;20250411;EcritureLib_0248;;182,00;0,00;D;;;
LC;Banque LC;;20250411;51180000;CompteLib_0040;;;25D36;20250411;EcritureLib_0249;;0,00;124,00;C;;;
LC;Banque LC;;20250411;51200000;CompteLib_0021;;;25D36;20250411;EcritureLib_0249;;124,00;0,00;D;;;
LC;Banque LC;;20250411;40100000;CompteLib_0025;PROMOCASH;PROMOCASH;25D37;20250411;EcritureLib_0250;;98,06;0,00;D;;;
LC;Banque LC;;20250411;51200000;CompteLib_0021;;;25D37;20250411;EcritureLib_0250;;0,00;98,06;C;;;
LC;Banque LC;;20250411;62700000;CompteLib_0038;;;25D38;20250411;EcritureLib_0065;;0,63;0,00;D;;;
LC;Banque LC;;20250411;51200000;CompteLib_0021;;;25D38;20250411;EcritureLib_0065;;0,00;0,63;C;;;
LC;Banque LC;;20250411;62700000;CompteLib_0038;;;25D39;20250411;EcritureLib_0065;;0,43;0,00;D;;;
LC;Banque LC;;20250411;51200000;CompteLib_0021;;;25D39;20250411;EcritureLib_0065;;0,00;0,43;C;;;
LC;Banque LC;;20250414;51180000;CompteLib_0040;;;25D40;20250414;EcritureLib_0251;;0,00;260,50;C;;;
LC;Banque LC;;20250414;51200000;CompteLib_0021;;;25D40;20250414;EcritureLib_0251;;260,50;0,00;D;;;
LC;Banque LC;;20250414;62700000;CompteLib_0038;;;25D41;20250414;EcritureLib_0065;;0,91;0,00;D;;;
LC;Banque LC;;20250414;51200000;CompteLib_0021;;;25D41;20250414;EcritureLib_0065;;0,00;0,91;C;;;
LC;Banque LC;;20250415;61610000;CompteLib_0041;;;25D42;20250415;EcritureLib_0077;;374,68;0,00;D;;;
LC;Banque LC;;20250415;51200000;CompteLib_0021;;;25D42;20250415;EcritureLib_0077;;0,00;374,68;C;;;
LC;Banque LC;;20250416;51180000;CompteLib_0040;;;25D44;20250416;EcritureLib_0252;;0,00;34,00;C;;;
LC;Banque LC;;20250416;51200000;CompteLib_0021;;;25D44;20250416;EcritureLib_0252;;34,00;0,00;D;;;
LC;Banque LC;;20250416;40100000;CompteLib_0025;FGRAND;GRAND FRAIS;25D45;20250416;EcritureLib_0253;;12,15;0,00;D;;J;20250521
LC;Banque LC;;20250416;51200000;CompteLib_0021;;;25D45;20250416;EcritureLib_0253;;0,00;12,15;C;;;
LC;Banque LC;;20250416;62700000;CompteLib_0038;;;25D46;20250416;EcritureLib_0065;;0,12;0,00;D;;;
LC;Banque LC;;20250416;51200000;CompteLib_0021;;;25D46;20250416;EcritureLib_0065;;0,00;0,12;C;;;
LC;Banque LC;;20250417;51180000;CompteLib_0040;;;25D47;20250417;EcritureLib_0254;;0,00;118,00;C;;;
LC;Banque LC;;20250417;51200000;CompteLib_0021;;;25D47;20250417;EcritureLib_0254;;118,00;0,00;D;;;
LC;Banque LC;;20250417;62700000;CompteLib_0038;;;25D48;20250417;EcritureLib_0065;;0,41;0,00;D;;;
LC;Banque LC;;20250417;51200000;CompteLib_0021;;;25D48;20250417;EcritureLib_0065;;0,00;0,41;C;;;
LC;Banque LC;;20250418;51180000;CompteLib_0040;;;25D50;20250418;EcritureLib_0255;;0,00;205,00;C;;;
LC;Banque LC;;20250418;51200000;CompteLib_0021;;;25D50;20250418;EcritureLib_0255;;205,00;0,00;D;;;
LC;Banque LC;;20250418;51180000;CompteLib_0040;;;25D51;20250418;EcritureLib_0256;;0,00;56,50;C;;;
LC;Banque LC;;20250418;51200000;CompteLib_0021;;;25D51;20250418;EcritureLib_0256;;56,50;0,00;D;;;
LC;Banque LC;;20250418;62700000;CompteLib_0038;;;25D52;20250418;EcritureLib_0065;;0,70;0,00;D;;;
LC;Banque LC;;20250418;51200000;CompteLib_0021;;;25D52;20250418;EcritureLib_0065;;0,00;0,70;C;;;
LC;Banque LC;;20250418;62700000;CompteLib_0038;;;25D53;20250418;EcritureLib_0065;;0,20;0,00;D;;;
LC;Banque LC;;20250418;51200000;CompteLib_0021;;;25D53;20250418;EcritureLib_0065;;0,00;0,20;C;;;
LC;Banque LC;;20250419;16400000;CompteLib_0002;;;25D55;20250419;EcritureLib_0088;;930,93;0,00;D;;;
LC;Banque LC;;20250419;51200000;CompteLib_0021;;;25D55;20250419;EcritureLib_0088;;0,00;930,93;C;;;
LC;Banque LC;;20250422;51180000;CompteLib_0040;;;25D56;20250422;EcritureLib_0257;;0,00;212,00;C;;;
LC;Banque LC;;20250422;51200000;CompteLib_0021;;;25D56;20250422;EcritureLib_0257;;212,00;0,00;D;;;
LC;Banque LC;;20250422;51180000;CompteLib_0040;;;25D57;20250422;EcritureLib_0258;;0,00;159,50;C;;;
LC;Banque LC;;20250422;51200000;CompteLib_0021;;;25D57;20250422;EcritureLib_0258;;159,50;0,00;D;;;
LC;Banque LC;;20250422;61350000;CompteLib_0032;;;25D58;20250422;EcritureLib_0090;;80,63;0,00;D;;;
LC;Banque LC;;20250422;44566000;CompteLib_0014;;;25D58;20250422;EcritureLib_0090;;16,13;0,00;D;;;
LC;Banque LC;;20250422;51200000;CompteLib_0021;;;25D58;20250422;EcritureLib_0090;;0,00;96,76;C;;;
LC;Banque LC;;20250422;40100000;CompteLib_0025;PROMOCASH;PROMOCASH;25D59;20250422;EcritureLib_0259;;56,92;0,00;D;;AS;20250521
LC;Banque LC;;20250422;51200000;CompteLib_0021;;;25D59;20250422;EcritureLib_0259;;0,00;56,92;C;;;
LC;Banque LC;;20250422;40100000;CompteLib_0025;PROMOCASH;PROMOCASH;25D60;20250422;EcritureLib_0259;;33,67;0,00;D;;;
LC;Banque LC;;20250422;51200000;CompteLib_0021;;;25D60;20250422;EcritureLib_0259;;0,00;33,67;C;;;
LC;Banque LC;;20250422;62700000;CompteLib_0038;;;25D61;20250422;EcritureLib_0065;;0,67;0,00;D;;;
LC;Banque LC;;20250422;51200000;CompteLib_0021;;;25D61;20250422;EcritureLib_0065;;0,00;0,67;C;;;
LC;Banque LC;;20250422;62700000;CompteLib_0038;;;25D62;20250422;EcritureLib_0065;;0,55;0,00;D;;;
LC;Banque LC;;20250422;51200000;CompteLib_0021;;;25D62;20250422;EcritureLib_0065;;0,00;0,55;C;;;
LC;Banque LC;;20250423;51180000;CompteLib_0040;;;25D65;20250423;EcritureLib_0260;;0,00;8,00;C;;;
LC;Banque LC;;20250423;51200000;CompteLib_0021;;;25D65;20250423;EcritureLib_0260;;8,00;0,00;D;;;
LC;Banque LC;;20250423;40100000;CompteLib_0025;PROMOCASH;PROMOCASH;25D66;20250423;EcritureLib_0261;;163,63;0,00;D;;AR;20250521
LC;Banque LC;;20250423;51200000;CompteLib_0021;;;25D66;20250423;EcritureLib_0261;;0,00;163,63;C;;;
LC;Banque LC;;20250423;40100000;CompteLib_0025;FACADEMIEC;ACADEMIE DE DUISINE;25D67;20250423;EcritureLib_0262;;82,00;0,00;D;;;
LC;Banque LC;;20250423;51200000;CompteLib_0021;;;25D67;20250423;EcritureLib_0262;;0,00;82,00;C;;;
LC;Banque LC;;20250423;62700000;CompteLib_0038;;;25D68;20250423;EcritureLib_0065;;0,02;0,00;D;;;
LC;Banque LC;;20250423;51200000;CompteLib_0021;;;25D68;20250423;EcritureLib_0065;;0,00;0,02;C;;;
LC;Banque LC;;20250424;41100000;CompteLib_0044;CCUIZIN;CUIZ'IN LILE;25D69;20250424;EcritureLib_0263;;0,00;527,50;C;;;
LC;Banque LC;;20250424;51200000;CompteLib_0021;;;25D69;20250424;EcritureLib_0263;;527,50;0,00;D;;;
LC;Banque LC;;20250424;51180000;CompteLib_0040;;;25D70;20250424;EcritureLib_0264;;0,00;50,00;C;;;
LC;Banque LC;;20250424;51200000;CompteLib_0021;;;25D70;20250424;EcritureLib_0264;;50,00;0,00;D;;;
LC;Banque LC;;20250424;51180000;CompteLib_0040;;;25D71;20250424;EcritureLib_0265;;0,00;24,00;C;;;
LC;Banque LC;;20250424;51200000;CompteLib_0021;;;25D71;20250424;EcritureLib_0265;;24,00;0,00;D;;;
LC;Banque LC;;20250424;62700000;CompteLib_0038;;;25D72;20250424;EcritureLib_0065;;0,18;0,00;D;;;
LC;Banque LC;;20250424;51200000;CompteLib_0021;;;25D72;20250424;EcritureLib_0065;;0,00;0,18;C;;;
LC;Banque LC;;20250424;62700000;CompteLib_0038;;;25D73;20250424;EcritureLib_0065;;0,07;0,00;D;;;
LC;Banque LC;;20250424;51200000;CompteLib_0021;;;25D73;20250424;EcritureLib_0065;;0,00;0,07;C;;;
LC;Banque LC;;20250425;51180000;CompteLib_0040;;;25D76;20250425;EcritureLib_0266;;0,00;118,00;C;;;
LC;Banque LC;;20250425;51200000;CompteLib_0021;;;25D76;20250425;EcritureLib_0266;;118,00;0,00;D;;;
LC;Banque LC;;20250425;51180000;CompteLib_0040;;;25D77;20250425;EcritureLib_0267;;0,00;47,00;C;;;
LC;Banque LC;;20250425;51200000;CompteLib_0021;;;25D77;20250425;EcritureLib_0267;;47,00;0,00;D;;;
LC;Banque LC;;20250425;40100000;CompteLib_0025;FMETRO;METRO;25D78;20250425;EcritureLib_0268;;144,36;0,00;D;;;
LC;Banque LC;;20250425;51200000;CompteLib_0021;;;25D78;20250425;EcritureLib_0268;;0,00;144,36;C;;;
LC;Banque LC;;20250425;62700000;CompteLib_0038;;;25D79;20250425;EcritureLib_0065;;0,41;0,00;D;;;
LC;Banque LC;;20250425;51200000;CompteLib_0021;;;25D79;20250425;EcritureLib_0065;;0,00;0,41;C;;;
LC;Banque LC;;20250425;62700000;CompteLib_0038;;;25D80;20250425;EcritureLib_0065;;0,16;0,00;D;;;
LC;Banque LC;;20250425;51200000;CompteLib_0021;;;25D80;20250425;EcritureLib_0065;;0,00;0,16;C;;;
LC;Banque LC;;20250425;62700000;CompteLib_0038;;;25D81;20250425;EcritureLib_0102;;12,20;0,00;D;;;
LC;Banque LC;;20250425;51200000;CompteLib_0021;;;25D81;20250425;EcritureLib_0102;;0,00;12,20;C;;;
LC;Banque LC;;20250428;51180000;CompteLib_0040;;;25D83;20250428;EcritureLib_0269;;0,00;480,50;C;;;
LC;Banque LC;;20250428;51200000;CompteLib_0021;;;25D83;20250428;EcritureLib_0269;;480,50;0,00;D;;;
LC;Banque LC;;20250428;51180000;CompteLib_0040;;;25D84;20250428;EcritureLib_0270;;0,00;297,00;C;;;
LC;Banque LC;;20250428;51200000;CompteLib_0021;;;25D84;20250428;EcritureLib_0270;;297,00;0,00;D;;;
LC;Banque LC;;20250428;51100000;CompteLib_0046;;;25D85;20250428;EcritureLib_0271;;0,00;219,00;C;;;
LC;Banque LC;;20250428;51200000;CompteLib_0021;;;25D85;20250428;EcritureLib_0271;;219,00;0,00;D;;;
LC;Banque LC;;20250428;51180000;CompteLib_0040;;;25D86;20250428;EcritureLib_0272;;0,00;129,00;C;;;
LC;Banque LC;;20250428;51200000;CompteLib_0021;;;25D86;20250428;EcritureLib_0272;;129,00;0,00;D;;;
LC;Banque LC;;20250428;51180000;CompteLib_0040;;;25D87;20250428;EcritureLib_0273;;0,00;93,00;C;;;
LC;Banque LC;;20250428;51200000;CompteLib_0021;;;25D87;20250428;EcritureLib_0273;;93,00;0,00;D;;;
LC;Banque LC;;20250428;51180000;CompteLib_0040;;;25D88;20250428;EcritureLib_0274;;0,00;8,00;C;;;
LC;Banque LC;;20250428;51200000;CompteLib_0021;;;25D88;20250428;EcritureLib_0274;;8,00;0,00;D;;;
LC;Banque LC;;20250428;40100000;CompteLib_0025;PROMOCASH;PROMOCASH;25D89;20250428;EcritureLib_0275;;136,00;0,00;D;;;
LC;Banque LC;;20250428;51200000;CompteLib_0021;;;25D89;20250428;EcritureLib_0275;;0,00;136,00;C;;;
LC;Banque LC;;20250428;40100000;CompteLib_0025;PROMOCASH;PROMOCASH;25D90;20250428;EcritureLib_0276;;91,94;0,00;D;;AQ;20250521
LC;Banque LC;;20250428;51200000;CompteLib_0021;;;25D90;20250428;EcritureLib_0276;;0,00;91,94;C;;;
LC;Banque LC;;20250428;40100000;CompteLib_0025;FLIVE;LIVE ADVICE;25D91;20250428;EcritureLib_0101;;90,00;0,00;D;;;
LC;Banque LC;;20250428;51200000;CompteLib_0021;;;25D91;20250428;EcritureLib_0101;;0,00;90,00;C;;;
LC;Banque LC;;20250428;40100000;CompteLib_0025;PROMOCASH;PROMOCASH;25D92;20250428;EcritureLib_0275;;59,58;0,00;D;;;
LC;Banque LC;;20250428;51200000;CompteLib_0021;;;25D92;20250428;EcritureLib_0275;;0,00;59,58;C;;;
LC;Banque LC;;20250428;40100000;CompteLib_0025;FMETRO;METRO;25D93;20250428;EcritureLib_0277;;52,34;0,00;D;;;
LC;Banque LC;;20250428;51200000;CompteLib_0021;;;25D93;20250428;EcritureLib_0277;;0,00;52,34;C;;;
LC;Banque LC;;20250428;40100000;CompteLib_0025;PROMOCASH;PROMOCASH;25D94;20250428;EcritureLib_0275;;31,52;0,00;D;;;
LC;Banque LC;;20250428;51200000;CompteLib_0021;;;25D94;20250428;EcritureLib_0275;;0,00;31,52;C;;;
LC;Banque LC;;20250428;40100000;CompteLib_0025;FALDI;ALDI;25D95;20250428;EcritureLib_0278;;14,90;0,00;D;;;
LC;Banque LC;;20250428;51200000;CompteLib_0021;;;25D95;20250428;EcritureLib_0278;;0,00;14,90;C;;;
LC;Banque LC;;20250428;62700000;CompteLib_0038;;;25D96;20250428;EcritureLib_0065;;1,65;0,00;D;;;
LC;Banque LC;;20250428;51200000;CompteLib_0021;;;25D96;20250428;EcritureLib_0065;;0,00;1,65;C;;;
LC;Banque LC;;20250428;62700000;CompteLib_0038;;;25D97;20250428;EcritureLib_0065;;1,04;0,00;D;;;
LC;Banque LC;;20250428;51200000;CompteLib_0021;;;25D97;20250428;EcritureLib_0065;;0,00;1,04;C;;;
LC;Banque LC;;20250428;62700000;CompteLib_0038;;;25D98;20250428;EcritureLib_0065;;0,64;0,00;D;;;
LC;Banque LC;;20250428;51200000;CompteLib_0021;;;25D98;20250428;EcritureLib_0065;;0,00;0,64;C;;;
LC;Banque LC;;20250428;62700000;CompteLib_0038;;;25D99;20250428;EcritureLib_0065;;0,33;0,00;D;;;
LC;Banque LC;;20250428;51200000;CompteLib_0021;;;25D99;20250428;EcritureLib_0065;;0,00;0,33;C;;;
LC;Banque LC;;20250428;62700000;CompteLib_0038;;;25D100;20250428;EcritureLib_0065;;0,02;0,00;D;;;
LC;Banque LC;;20250428;51200000;CompteLib_0021;;;25D100;20250428;EcritureLib_0065;;0,00;0,02;C;;;
LC;Banque LC;;20250429;40100000;CompteLib_0025;FPARISSTORE;PARIS STORE;25D101;20250429;EcritureLib_0279;;46,09;0,00;D;;;
LC;Banque LC;;20250429;51200000;CompteLib_0021;;;25D101;20250429;EcritureLib_0279;;0,00;46,09;C;;;
LC;Banque LC;;20250429;40100000;CompteLib_0025;FGRAND;GRAND FRAIS;25D102;20250429;EcritureLib_0280;;19,26;0,00;D;;;
LC;Banque LC;;20250429;51200000;CompteLib_0021;;;25D102;20250429;EcritureLib_0280;;0,00;19,26;C;;;
LC;Banque LC;;20250429;62700000;CompteLib_0038;;;25D103;20250429;EcritureLib_0110;;0,00;0,87;C;;;
LC;Banque LC;;20250429;51200000;CompteLib_0021;;;25D103;20250429;EcritureLib_0110;;0,87;0,00;D;;;
LC;Banque LC;;20250429;62700000;CompteLib_0038;;;25D104;20250429;EcritureLib_0111;;19,43;0,00;D;;;
LC;Banque LC;;20250429;51200000;CompteLib_0021;;;25D104;20250429;EcritureLib_0111;;0,00;19,43;C;;;
LC;Banque LC;;20250430;51180000;CompteLib_0040;;;25D105;20250430;EcritureLib_0281;;0,00;63,50;C;;;
LC;Banque LC;;20250430;51200000;CompteLib_0021;;;25D105;20250430;EcritureLib_0281;;63,50;0,00;D;;;
LC;Banque LC;;20250430;62700000;CompteLib_0038;;;25D106;20250430;EcritureLib_0065;;0,21;0,00;D;;;
LC;Banque LC;;20250430;51200000;CompteLib_0021;;;25D106;20250430;EcritureLib_0065;;0,00;0,21;C;;;
LC;Banque LC;;20250501;42100000;CompteLib_0007;;;25E1;20250501;EcritureLib_0194;;465,46;0,00;D;;T;20250710
LC;Banque LC;;20250501;51200000;CompteLib_0021;;;25E1;20250501;EcritureLib_0194;;0,00;465,46;C;;;
LC;Banque LC;;20250502;51180000;CompteLib_0040;;;25E2;20250502;EcritureLib_0282;;0,00;57,00;C;;;
LC;Banque LC;;20250502;51200000;CompteLib_0021;;;25E2;20250502;EcritureLib_0282;;57,00;0,00;D;;;
LC;Banque LC;;20250502;43702000;CompteLib_0010;;;25E3;20250502;EcritureLib_0283;;7,67;0,00;D;;;
LC;Banque LC;;20250502;51200000;CompteLib_0021;;;25E3;20250502;EcritureLib_0283;;0,00;7,67;C;;;
LC;Banque LC;;20250502;62700000;CompteLib_0038;;;25E4;20250502;EcritureLib_0065;;0,20;0,00;D;;;
LC;Banque LC;;20250502;51200000;CompteLib_0021;;;25E4;20250502;EcritureLib_0065;;0,00;0,20;C;;;
LC;Banque LC;;20250502;62700000;CompteLib_0038;;;25E5;20250502;EcritureLib_0122;;5,25;0,00;D;;;
LC;Banque LC;;20250502;51200000;CompteLib_0021;;;25E5;20250502;EcritureLib_0122;;0,00;5,25;C;;;
LC;Banque LC;;20250505;51180000;CompteLib_0040;;;25E8;20250505;EcritureLib_0284;;0,00;1414,00;C;;;
LC;Banque LC;;20250505;51200000;CompteLib_0021;;;25E8;20250505;EcritureLib_0284;;1414,00;0,00;D;;;
LC;Banque LC;;20250505;51180000;CompteLib_0040;;;25E9;20250505;EcritureLib_0285;;0,00;196,00;C;;;
LC;Banque LC;;20250505;51200000;CompteLib_0021;;;25E9;20250505;EcritureLib_0285;;196,00;0,00;D;;;
LC;Banque LC;;20250505;51180000;CompteLib_0040;;;25E10;20250505;EcritureLib_0286;;0,00;98,00;C;;;
LC;Banque LC;;20250505;51200000;CompteLib_0021;;;25E10;20250505;EcritureLib_0286;;98,00;0,00;D;;;
LC;Banque LC;;20250505;51180000;CompteLib_0040;;;25E11;20250505;EcritureLib_0287;;0,00;59,00;C;;;
LC;Banque LC;;20250505;51200000;CompteLib_0021;;;25E11;20250505;EcritureLib_0287;;59,00;0,00;D;;;
LC;Banque LC;;20250505;40100000;CompteLib_0025;PROMOCASH;PROMOCASH;25E12;20250505;EcritureLib_0288;;352,70;0,00;D;;AP;20250521
LC;Banque LC;;20250505;51200000;CompteLib_0021;;;25E12;20250505;EcritureLib_0288;;0,00;352,70;C;;;
LC;Banque LC;;20250505;40100000;CompteLib_0025;PROMOCASH;PROMOCASH;25E13;20250505;EcritureLib_0289;;108,38;0,00;D;;;
LC;Banque LC;;20250505;51200000;CompteLib_0021;;;25E13;20250505;EcritureLib_0289;;0,00;108,38;C;;;
LC;Banque LC;;20250505;40100000;CompteLib_0025;FLECLERC;LECLERC;25E14;20250505;EcritureLib_0290;;33,97;0,00;D;;;
LC;Banque LC;;20250505;51200000;CompteLib_0021;;;25E14;20250505;EcritureLib_0290;;0,00;33,97;C;;;
LC;Banque LC;;20250505;40100000;CompteLib_0025;PROMOCASH;PROMOCASH;25E15;20250505;EcritureLib_0288;;25,92;0,00;D;;AO;20250521
LC;Banque LC;;20250505;51200000;CompteLib_0021;;;25E15;20250505;EcritureLib_0288;;0,00;25,92;C;;;
LC;Banque LC;;20250505;62700000;CompteLib_0038;;;25E16;20250505;EcritureLib_0065;;5,44;0,00;D;;;
LC;Banque LC;;20250505;51200000;CompteLib_0021;;;25E16;20250505;EcritureLib_0065;;0,00;5,44;C;;;
LC;Banque LC;;20250505;61600000;CompteLib_0039;;;25E17;20250505;EcritureLib_0062;;4,41;0,00;D;;;
LC;Banque LC;;20250505;51200000;CompteLib_0021;;;25E17;20250505;EcritureLib_0062;;0,00;4,41;C;;;
LC;Banque LC;;20250505;62700000;CompteLib_0038;;;25E18;20250505;EcritureLib_0065;;1,18;0,00;D;;;
LC;Banque LC;;20250505;51200000;CompteLib_0021;;;25E18;20250505;EcritureLib_0065;;0,00;1,18;C;;;
LC;Banque LC;;20250505;62700000;CompteLib_0038;;;25E19;20250505;EcritureLib_0065;;0,68;0,00;D;;;
LC;Banque LC;;20250505;51200000;CompteLib_0021;;;25E19;20250505;EcritureLib_0065;;0,00;0,68;C;;;
LC;Banque LC;;20250505;62700000;CompteLib_0038;;;25E20;20250505;EcritureLib_0065;;0,21;0,00;D;;;
LC;Banque LC;;20250505;51200000;CompteLib_0021;;;25E20;20250505;EcritureLib_0065;;0,00;0,21;C;;;
LC;Banque LC;;20250506;43100000;CompteLib_0009;;;25E21;20250506;EcritureLib_0082;;498,00;0,00;D;;;
LC;Banque LC;;20250506;51200000;CompteLib_0021;;;25E21;20250506;EcritureLib_0082;;0,00;498,00;C;;;
LC;Banque LC;;20250506;40100000;CompteLib_0025;FAVEM;AVEM;25E22;20250506;EcritureLib_0132;;113,40;0,00;D;;D;20250521
LC;Banque LC;;20250506;51200000;CompteLib_0021;;;25E22;20250506;EcritureLib_0132;;0,00;113,40;C;;;
LC;Banque LC;;20250506;40100000;CompteLib_0025;FPARISSTORE;PARIS STORE;25E23;20250506;EcritureLib_0291;;66,92;0,00;D;;;
LC;Banque LC;;20250506;51200000;CompteLib_0021;;;25E23;20250506;EcritureLib_0291;;0,00;66,92;C;;;
LC;Banque LC;;20250507;51180000;CompteLib_0040;;;25E25;20250507;EcritureLib_0292;;0,00;84,00;C;;;
LC;Banque LC;;20250507;51200000;CompteLib_0021;;;25E25;20250507;EcritureLib_0292;;84,00;0,00;D;;;
LC;Banque LC;;20250507;40100000;CompteLib_0025;PROMOCASH;PROMOCASH;25E26;20250507;EcritureLib_0293;;137,73;0,00;D;;AN;20250527
LC;Banque LC;;20250507;51200000;CompteLib_0021;;;25E26;20250507;EcritureLib_0293;;0,00;137,73;C;;;
LC;Banque LC;;20250507;40100000;CompteLib_0025;FGRAND;GRAND FRAIS;25E27;20250507;EcritureLib_0294;;34,39;0,00;D;;;
LC;Banque LC;;20250507;51200000;CompteLib_0021;;;25E27;20250507;EcritureLib_0294;;0,00;34,39;C;;;
LC;Banque LC;;20250507;62700000;CompteLib_0038;;;25E28;20250507;EcritureLib_0065;;0,29;0,00;D;;;
LC;Banque LC;;20250507;51200000;CompteLib_0021;;;25E28;20250507;EcritureLib_0065;;0,00;0,29;C;;;
LC;Banque LC;;20250509;51180000;CompteLib_0040;;;25E30;20250509;EcritureLib_0295;;0,00;84,50;C;;;
LC;Banque LC;;20250509;51200000;CompteLib_0021;;;25E30;20250509;EcritureLib_0295;;84,50;0,00;D;;;
LC;Banque LC;;20250509;40100000;CompteLib_0025;PROMOCASH;PROMOCASH;25E31;20250509;EcritureLib_0296;;190,80;0,00;D;;AM;20250521
LC;Banque LC;;20250509;51200000;CompteLib_0021;;;25E31;20250509;EcritureLib_0296;;0,00;190,80;C;;;
LC;Banque LC;;20250509;40100000;CompteLib_0025;FMETRO;METRO;25E32;20250509;EcritureLib_0297;;185,03;0,00;D;;;
LC;Banque LC;;20250509;51200000;CompteLib_0021;;;25E32;20250509;EcritureLib_0297;;0,00;185,03;C;;;
LC;Banque LC;;20250509;47100000;CompteLib_0043;;;25E33;20250509;EcritureLib_0298;;127,80;0,00;D;;;
LC;Banque LC;;20250509;51200000;CompteLib_0021;;;25E33;20250509;EcritureLib_0298;;0,00;127,80;C;;;
LC;Banque LC;;20250509;45500001;CompteLib_0019;;;25E34;20250509;EcritureLib_0299;;74,00;0,00;D;;;
LC;Banque LC;;20250509;51200000;CompteLib_0021;;;25E34;20250509;EcritureLib_0299;;0,00;74,00;C;;;
LC;Banque LC;;20250509;62700000;CompteLib_0038;;;25E35;20250509;EcritureLib_0065;;0,69;0,00;D;;;
LC;Banque LC;;20250509;51200000;CompteLib_0021;;;25E35;20250509;EcritureLib_0065;;0,00;0,69;C;;;
LC;Banque LC;;20250512;51180000;CompteLib_0040;;;25E37;20250512;EcritureLib_0300;;0,00;1058,00;C;;;
LC;Banque LC;;20250512;51200000;CompteLib_0021;;;25E37;20250512;EcritureLib_0300;;1058,00;0,00;D;;;
LC;Banque LC;;20250512;51180000;CompteLib_0040;;;25E38;20250512;EcritureLib_0301;;0,00;1049,00;C;;;
LC;Banque LC;;20250512;51200000;CompteLib_0021;;;25E38;20250512;EcritureLib_0301;;1049,00;0,00;D;;;
LC;Banque LC;;20250512;51180000;CompteLib_0040;;;25E39;20250512;EcritureLib_0302;;0,00;133,00;C;;;
LC;Banque LC;;20250512;51200000;CompteLib_0021;;;25E39;20250512;EcritureLib_0302;;133,00;0,00;D;;;
LC;Banque LC;;20250512;51180000;CompteLib_0040;;;25E40;20250512;EcritureLib_0303;;0,00;47,00;C;;;
LC;Banque LC;;20250512;51200000;CompteLib_0021;;;25E40;20250512;EcritureLib_0303;;47,00;0,00;D;;;
LC;Banque LC;;20250512;51180000;CompteLib_0040;;;25E41;20250512;EcritureLib_0304;;0,00;35,00;C;;;
LC;Banque LC;;20250512;51200000;CompteLib_0021;;;25E41;20250512;EcritureLib_0304;;35,00;0,00;D;;;
LC;Banque LC;;20250512;51180000;CompteLib_0040;;;25E42;20250512;EcritureLib_0305;;0,00;30,00;C;;;
LC;Banque LC;;20250512;51200000;CompteLib_0021;;;25E42;20250512;EcritureLib_0305;;30,00;0,00;D;;;
LC;Banque LC;;20250512;40100000;CompteLib_0025;PROMOCASH;PROMOCASH;25E43;20250512;EcritureLib_0306;;165,13;0,00;D;;AL;20250521
LC;Banque LC;;20250512;51200000;CompteLib_0021;;;25E43;20250512;EcritureLib_0306;;0,00;165,13;C;;;
LC;Banque LC;;20250512;62700000;CompteLib_0038;;;25E44;20250512;EcritureLib_0065;;3,85;0,00;D;;;
LC;Banque LC;;20250512;51200000;CompteLib_0021;;;25E44;20250512;EcritureLib_0065;;0,00;3,85;C;;;
LC;Banque LC;;20250512;62700000;CompteLib_0038;;;25E45;20250512;EcritureLib_0065;;3,42;0,00;D;;;
LC;Banque LC;;20250512;51200000;CompteLib_0021;;;25E45;20250512;EcritureLib_0065;;0,00;3,42;C;;;
LC;Banque LC;;20250512;62700000;CompteLib_0038;;;25E46;20250512;EcritureLib_0065;;0,47;0,00;D;;;
LC;Banque LC;;20250512;51200000;CompteLib_0021;;;25E46;20250512;EcritureLib_0065;;0,00;0,47;C;;;
LC;Banque LC;;20250512;62700000;CompteLib_0038;;;25E47;20250512;EcritureLib_0065;;0,15;0,00;D;;;
LC;Banque LC;;20250512;51200000;CompteLib_0021;;;25E47;20250512;EcritureLib_0065;;0,00;0,15;C;;;
LC;Banque LC;;20250512;62700000;CompteLib_0038;;;25E48;20250512;EcritureLib_0065;;0,12;0,00;D;;;
LC;Banque LC;;20250512;51200000;CompteLib_0021;;;25E48;20250512;EcritureLib_0065;;0,00;0,12;C;;;
LC;Banque LC;;20250512;62700000;CompteLib_0038;;;25E49;20250512;EcritureLib_0065;;0,09;0,00;D;;;
LC;Banque LC;;20250512;51200000;CompteLib_0021;;;25E49;20250512;EcritureLib_0065;;0,00;0,09;C;;;
LC;Banque LC;;20250513;40100000;CompteLib_0025;FPARISSTORE;PARIS STORE;25E50;20250513;EcritureLib_0307;;124,98;0,00;D;;;
LC;Banque LC;;20250513;51200000;CompteLib_0021;;;25E50;20250513;EcritureLib_0307;;0,00;124,98;C;;;
LC;Banque LC;;20250513;40100000;CompteLib_0025;FPARISSTORE;PARIS STORE;25E51;20250513;EcritureLib_0307;;0,00;3,62;C;;;
LC;Banque LC;;20250513;51200000;CompteLib_0021;;;25E51;20250513;EcritureLib_0307;;3,62;0,00;D;;;
LC;Banque LC;;20250513;42100000;CompteLib_0007;;;25E52;20250513;EcritureLib_0127;;1121,97;0,00;D;;Q;20250710
LC;Banque LC;;20250513;51200000;CompteLib_0021;;;25E52;20250513;EcritureLib_0127;;0,00;1121,97;C;;;
LC;Banque LC;;20250514;40100000;CompteLib_0025;FASIAFRICA;ASIAFRICA;25E55;20250514;EcritureLib_0308;;124,65;0,00;D;;J;20250701
LC;Banque LC;;20250514;51200000;CompteLib_0021;;;25E55;20250514;EcritureLib_0308;;0,00;124,65;C;;;
LC;Banque LC;;20250514;40100000;CompteLib_0025;PROMOCASH;PROMOCASH;25E56;20250514;EcritureLib_0309;;82,22;0,00;D;;AK;20250521
LC;Banque LC;;20250514;51200000;CompteLib_0021;;;25E56;20250514;EcritureLib_0309;;0,00;82,22;C;;;
LC;Banque LC;;20250514;42100000;CompteLib_0007;;;25E57;20250514;EcritureLib_0194;;358,95;0,00;D;;S;20250710
LC;Banque LC;;20250514;51200000;CompteLib_0021;;;25E57;20250514;EcritureLib_0194;;0,00;358,95;C;;;
LC;Banque LC;;20250515;61610000;CompteLib_0041;;;25E59;20250515;EcritureLib_0077;;374,68;0,00;D;;;
LC;Banque LC;;20250515;51200000;CompteLib_0021;;;25E59;20250515;EcritureLib_0077;;0,00;374,68;C;;;
LC;Banque LC;;20250515;40100000;CompteLib_0025;PROMOCASH;PROMOCASH;25E60;20250515;EcritureLib_0310;;121,68;0,00;D;;AX;20250701
LC;Banque LC;;20250515;51200000;CompteLib_0021;;;25E60;20250515;EcritureLib_0310;;0,00;121,68;C;;;
LC;Banque LC;;20250516;51180000;CompteLib_0040;;;25E61;20250516;EcritureLib_0311;;0,00;69,00;C;;;
LC;Banque LC;;20250516;51200000;CompteLib_0021;;;25E61;20250516;EcritureLib_0311;;69,00;0,00;D;;;
LC;Banque LC;;20250516;51180000;CompteLib_0040;;;25E62;20250516;EcritureLib_0312;;0,00;53,50;C;;;
LC;Banque LC;;20250516;51200000;CompteLib_0021;;;25E62;20250516;EcritureLib_0312;;53,50;0,00;D;;;
LC;Banque LC;;20250516;43100000;CompteLib_0009;;;25E63;20250516;EcritureLib_0082;;14,00;0,00;D;;;
LC;Banque LC;;20250516;51200000;CompteLib_0021;;;25E63;20250516;EcritureLib_0082;;0,00;14,00;C;;;
LC;Banque LC;;20250516;62700000;CompteLib_0038;;;25E64;20250516;EcritureLib_0065;;0,21;0,00;D;;;
LC;Banque LC;;20250516;51200000;CompteLib_0021;;;25E64;20250516;EcritureLib_0065;;0,00;0,21;C;;;
LC;Banque LC;;20250516;62700000;CompteLib_0038;;;25E65;20250516;EcritureLib_0065;;0,19;0,00;D;;;
LC;Banque LC;;20250516;51200000;CompteLib_0021;;;25E65;20250516;EcritureLib_0065;;0,00;0,19;C;;;
LC;Banque LC;;20250519;51180000;CompteLib_0040;;;25E68;20250519;EcritureLib_0313;;0,00;767,00;C;;;
LC;Banque LC;;20250519;51200000;CompteLib_0021;;;25E68;20250519;EcritureLib_0313;;767,00;0,00;D;;;
LC;Banque LC;;20250519;51180000;CompteLib_0040;;;25E69;20250519;EcritureLib_0314;;0,00;370,00;C;;;
LC;Banque LC;;20250519;51200000;CompteLib_0021;;;25E69;20250519;EcritureLib_0314;;370,00;0,00;D;;;
LC;Banque LC;;20250519;51180000;CompteLib_0040;;;25E70;20250519;EcritureLib_0315;;0,00;119,00;C;;;
LC;Banque LC;;20250519;51200000;CompteLib_0021;;;25E70;20250519;EcritureLib_0315;;119,00;0,00;D;;;
LC;Banque LC;;20250519;51180000;CompteLib_0040;;;25E71;20250519;EcritureLib_0316;;0,00;106,00;C;;;
LC;Banque LC;;20250519;51200000;CompteLib_0021;;;25E71;20250519;EcritureLib_0316;;106,00;0,00;D;;;
LC;Banque LC;;20250519;51180000;CompteLib_0040;;;25E72;20250519;EcritureLib_0317;;0,00;105,00;C;;;
LC;Banque LC;;20250519;51200000;CompteLib_0021;;;25E72;20250519;EcritureLib_0317;;105,00;0,00;D;;;
LC;Banque LC;;20250519;51180000;CompteLib_0040;;;25E73;20250519;EcritureLib_0318;;0,00;14,00;C;;;
LC;Banque LC;;20250519;51200000;CompteLib_0021;;;25E73;20250519;EcritureLib_0318;;14,00;0,00;D;;;
LC;Banque LC;;20250519;16400000;CompteLib_0002;;;25E74;20250519;EcritureLib_0088;;930,93;0,00;D;;;
LC;Banque LC;;20250519;51200000;CompteLib_0021;;;25E74;20250519;EcritureLib_0088;;0,00;930,93;C;;;
LC;Banque LC;;20250519;40100000;CompteLib_0025;FMETRO;METRO;25E75;20250519;EcritureLib_0319;;393,05;0,00;D;;;
LC;Banque LC;;20250519;51200000;CompteLib_0021;;;25E75;20250519;EcritureLib_0319;;0,00;393,05;C;;;
LC;Banque LC;;20250519;40100000;CompteLib_0025;PROMOCASH;PROMOCASH;25E76;20250519;EcritureLib_0320;;180,73;0,00;D;;AW;20250701
LC;Banque LC;;20250519;51200000;CompteLib_0021;;;25E76;20250519;EcritureLib_0320;;0,00;180,73;C;;;
LC;Banque LC;;20250519;40100000;CompteLib_0025;FCARBU;CARBURANT;25E77;20250519;EcritureLib_0321;;91,01;0,00;D;;J;20250527
LC;Banque LC;;20250519;51200000;CompteLib_0021;;;25E77;20250519;EcritureLib_0321;;0,00;91,01;C;;;
LC;Banque LC;;20250519;62700000;CompteLib_0038;;;25E78;20250519;EcritureLib_0065;;2,56;0,00;D;;;
LC;Banque LC;;20250519;51200000;CompteLib_0021;;;25E78;20250519;EcritureLib_0065;;0,00;2,56;C;;;
LC;Banque LC;;20250519;62700000;CompteLib_0038;;;25E79;20250519;EcritureLib_0065;;1,25;0,00;D;;;
LC;Banque LC;;20250519;51200000;CompteLib_0021;;;25E79;20250519;EcritureLib_0065;;0,00;1,25;C;;;
LC;Banque LC;;20250519;62700000;CompteLib_0038;;;25E80;20250519;EcritureLib_0065;;0,42;0,00;D;;;
LC;Banque LC;;20250519;51200000;CompteLib_0021;;;25E80;20250519;EcritureLib_0065;;0,00;0,42;C;;;
LC;Banque LC;;20250519;62700000;CompteLib_0038;;;25E81;20250519;EcritureLib_0065;;0,37;0,00;D;;;
LC;Banque LC;;20250519;51200000;CompteLib_0021;;;25E81;20250519;EcritureLib_0065;;0,00;0,37;C;;;
LC;Banque LC;;20250519;62700000;CompteLib_0038;;;25E82;20250519;EcritureLib_0065;;0,32;0,00;D;;;
LC;Banque LC;;20250519;51200000;CompteLib_0021;;;25E82;20250519;EcritureLib_0065;;0,00;0,32;C;;;
LC;Banque LC;;20250519;62700000;CompteLib_0038;;;25E83;20250519;EcritureLib_0065;;0,04;0,00;D;;;
LC;Banque LC;;20250519;51200000;CompteLib_0021;;;25E83;20250519;EcritureLib_0065;;0,00;0,04;C;;;
LC;Banque LC;;20250520;61350000;CompteLib_0032;;;25E84;20250520;EcritureLib_0090;;80,63;0,00;D;;;
LC;Banque LC;;20250520;44566000;CompteLib_0014;;;25E84;20250520;EcritureLib_0090;;16,13;0,00;D;;;
LC;Banque LC;;20250520;51200000;CompteLib_0021;;;25E84;20250520;EcritureLib_0090;;0,00;96,76;C;;;
LC;Banque LC;;20250521;51180000;CompteLib_0040;;;25E85;20250521;EcritureLib_0322;;0,00;137,00;C;;;
LC;Banque LC;;20250521;51200000;CompteLib_0021;;;25E85;20250521;EcritureLib_0322;;137,00;0,00;D;;;
LC;Banque LC;;20250521;40100000;CompteLib_0025;FSTC;STC DIGIT;25E86;20250521;EcritureLib_0096;;253,20;0,00;D;;;
LC;Banque LC;;20250521;51200000;CompteLib_0021;;;25E86;20250521;EcritureLib_0096;;0,00;253,20;C;;;
LC;Banque LC;;20250521;40100000;CompteLib_0025;FASIAFRICA;ASIAFRICA;25E87;20250521;EcritureLib_0323;;46,70;0,00;D;;;
LC;Banque LC;;20250521;51200000;CompteLib_0021;;;25E87;20250521;EcritureLib_0323;;0,00;46,70;C;;;
LC;Banque LC;;20250521;40100000;CompteLib_0025;FAMAZON;AMAZON;25E88;20250521;EcritureLib_0324;;45,95;0,00;D;;;
LC;Banque LC;;20250521;51200000;CompteLib_0021;;;25E88;20250521;EcritureLib_0324;;0,00;45,95;C;;;
LC;Banque LC;;20250521;40100000;CompteLib_0025;PROMOCASH;PROMOCASH;25E89;20250521;EcritureLib_0325;;41,38;0,00;D;;;
LC;Banque LC;;20250521;51200000;CompteLib_0021;;;25E89;20250521;EcritureLib_0325;;0,00;41,38;C;;;
LC;Banque LC;;20250521;40100000;CompteLib_0025;FAMAZON;AMAZON;25E90;20250521;EcritureLib_0326;;18,06;0,00;D;;;
LC;Banque LC;;20250521;51200000;CompteLib_0021;;;25E90;20250521;EcritureLib_0326;;0,00;18,06;C;;;
LC;Banque LC;;20250521;62700000;CompteLib_0038;;;25E91;20250521;EcritureLib_0065;;0,45;0,00;D;;;
LC;Banque LC;;20250521;51200000;CompteLib_0021;;;25E91;20250521;EcritureLib_0065;;0,00;0,45;C;;;
LC;Banque LC;;20250522;47100000;CompteLib_0043;;;25E92;20250522;EcritureLib_0327;;0,00;408,00;C;;;
LC;Banque LC;;20250522;51200000;CompteLib_0021;;;25E92;20250522;EcritureLib_0327;;408,00;0,00;D;;;
LC;Banque LC;;20250522;40100000;CompteLib_0025;FLEFOURGON;LE FOURGON;25E93;20250522;EcritureLib_0328;;44,40;0,00;D;;A;20250701
LC;Banque LC;;20250522;51200000;CompteLib_0021;;;25E93;20250522;EcritureLib_0328;;0,00;44,40;C;;;
LC;Banque LC;;20250522;40100000;CompteLib_0025;FAMAZON;AMAZON;25E94;20250522;EcritureLib_0326;;26,98;0,00;D;;;
LC;Banque LC;;20250522;51200000;CompteLib_0021;;;25E94;20250522;EcritureLib_0326;;0,00;26,98;C;;;
LC;Banque LC;;20250523;61610000;CompteLib_0041;;;25E96;20250523;EcritureLib_0329;;0,00;400,00;C;;;
LC;Banque LC;;20250523;51200000;CompteLib_0021;;;25E96;20250523;EcritureLib_0329;;400,00;0,00;D;;;
LC;Banque LC;;20250523;51180000;CompteLib_0040;;;25E97;20250523;EcritureLib_0330;;0,00;206,00;C;;;
LC;Banque LC;;20250523;51200000;CompteLib_0021;;;25E97;20250523;EcritureLib_0330;;206,00;0,00;D;;;
LC;Banque LC;;20250523;51100000;CompteLib_0046;;;25E98;20250523;EcritureLib_0331;;0,00;150,00;C;;;
LC;Banque LC;;20250523;51200000;CompteLib_0021;;;25E98;20250523;EcritureLib_0331;;150,00;0,00;D;;;
LC;Banque LC;;20250523;40100000;CompteLib_0025;FLECEANOTHE;LE CEANOTHE;25E99;20250523;EcritureLib_0332;;462,91;0,00;D;;A;20250701
LC;Banque LC;;20250523;51200000;CompteLib_0021;;;25E99;20250523;EcritureLib_0332;;0,00;462,91;C;;;
LC;Banque LC;;20250523;40100000;CompteLib_0025;PROMOCASH;PROMOCASH;25E100;20250523;EcritureLib_0333;;95,30;0,00;D;;AV;20250527
LC;Banque LC;;20250523;51200000;CompteLib_0021;;;25E100;20250523;EcritureLib_0333;;0,00;95,30;C;;;
LC;Banque LC;;20250523;62700000;CompteLib_0038;;;25E101;20250523;EcritureLib_0065;;0,86;0,00;D;;;
LC;Banque LC;;20250523;51200000;CompteLib_0021;;;25E101;20250523;EcritureLib_0065;;0,00;0,86;C;;;
LC;Banque LC;;20250526;51180000;CompteLib_0040;;;25E103;20250526;EcritureLib_0334;;0,00;384,00;C;;;
LC;Banque LC;;20250526;51200000;CompteLib_0021;;;25E103;20250526;EcritureLib_0334;;384,00;0,00;D;;;
LC;Banque LC;;20250526;51180000;CompteLib_0040;;;25E104;20250526;EcritureLib_0335;;0,00;40,00;C;;;
LC;Banque LC;;20250526;51200000;CompteLib_0021;;;25E104;20250526;EcritureLib_0335;;40,00;0,00;D;;;
LC;Banque LC;;20250526;42100000;CompteLib_0007;;;25E105;20250526;EcritureLib_0127;;540,00;0,00;D;;;
LC;Banque LC;;20250526;51200000;CompteLib_0021;;;25E105;20250526;EcritureLib_0127;;0,00;540,00;C;;;
LC;Banque LC;;20250526;40100000;CompteLib_0025;FPARISSTORE;PARIS STORE;25E106;20250526;EcritureLib_0336;;92,03;0,00;D;;;
LC;Banque LC;;20250526;51200000;CompteLib_0021;;;25E106;20250526;EcritureLib_0336;;0,00;92,03;C;;;
LC;Banque LC;;20250526;40100000;CompteLib_0025;FMETRO;METRO;25E107;20250526;EcritureLib_0337;;66,14;0,00;D;;;
LC;Banque LC;;20250526;51200000;CompteLib_0021;;;25E107;20250526;EcritureLib_0337;;0,00;66,14;C;;;
LC;Banque LC;;20250526;62700000;CompteLib_0038;;;25E108;20250526;EcritureLib_0065;;1,34;0,00;D;;;
LC;Banque LC;;20250526;51200000;CompteLib_0021;;;25E108;20250526;EcritureLib_0065;;0,00;1,34;C;;;
LC;Banque LC;;20250526;62700000;CompteLib_0038;;;25E109;20250526;EcritureLib_0065;;0,13;0,00;D;;;
LC;Banque LC;;20250526;51200000;CompteLib_0021;;;25E109;20250526;EcritureLib_0065;;0,00;0,13;C;;;
LC;Banque LC;;20250526;62700000;CompteLib_0038;;;25E110;20250526;EcritureLib_0102;;12,20;0,00;D;;;
LC;Banque LC;;20250526;51200000;CompteLib_0021;;;25E110;20250526;EcritureLib_0102;;0,00;12,20;C;;;
LC;Banque LC;;20250527;62700000;CompteLib_0038;;;25E111;20250527;EcritureLib_0338;;131,00;0,00;D;;;
LC;Banque LC;;20250527;51200000;CompteLib_0021;;;25E111;20250527;EcritureLib_0338;;0,00;131,00;C;;;
LC;Banque LC;;20250528;40100000;CompteLib_0025;FLIVE;LIVE ADVICE;25E112;20250528;EcritureLib_0101;;90,00;0,00;D;;;
LC;Banque LC;;20250528;51200000;CompteLib_0021;;;25E112;20250528;EcritureLib_0101;;0,00;90,00;C;;;
LC;Banque LC;;20250528;40100000;CompteLib_0025;FASIAFRICA;ASIAFRICA;25E113;20250528;EcritureLib_0339;;74,00;0,00;D;;;
LC;Banque LC;;20250528;51200000;CompteLib_0021;;;25E113;20250528;EcritureLib_0339;;0,00;74,00;C;;;
LC;Banque LC;;20250528;40100000;CompteLib_0025;PROMOCASH;PROMOCASH;25E114;20250528;EcritureLib_0340;;39,89;0,00;D;;;
LC;Banque LC;;20250528;51200000;CompteLib_0021;;;25E114;20250528;EcritureLib_0340;;0,00;39,89;C;;;
LC;Banque LC;;20250528;62700000;CompteLib_0038;;;25E115;20250528;EcritureLib_0110;;0,00;0,87;C;;;
LC;Banque LC;;20250528;51200000;CompteLib_0021;;;25E115;20250528;EcritureLib_0110;;0,87;0,00;D;;;
LC;Banque LC;;20250528;62700000;CompteLib_0038;;;25E116;20250528;EcritureLib_0111;;19,43;0,00;D;;;
LC;Banque LC;;20250528;51200000;CompteLib_0021;;;25E116;20250528;EcritureLib_0111;;0,00;19,43;C;;;
LC;Banque LC;;20250529;41100000;CompteLib_0044;COHCANADA;OH CANADA;25E118;20250529;EcritureLib_0220;;0,00;177,10;C;;;
LC;Banque LC;;20250529;51200000;CompteLib_0021;;;25E118;20250529;EcritureLib_0220;;177,10;0,00;D;;;
LC;Banque LC;;20250529;47100000;CompteLib_0043;;;25E119;20250529;EcritureLib_0220;;0,00;60,00;C;;;
LC;Banque LC;;20250529;51200000;CompteLib_0021;;;25E119;20250529;EcritureLib_0220;;60,00;0,00;D;;;
LC;Banque LC;;20250530;51180000;CompteLib_0040;;;25E120;20250530;EcritureLib_0341;;0,00;70,00;C;;;
LC;Banque LC;;20250530;51200000;CompteLib_0021;;;25E120;20250530;EcritureLib_0341;;70,00;0,00;D;;;
LC;Banque LC;;20250530;51180000;CompteLib_0040;;;25E121;20250530;EcritureLib_0342;;0,00;20,00;C;;;
LC;Banque LC;;20250530;51200000;CompteLib_0021;;;25E121;20250530;EcritureLib_0342;;20,00;0,00;D;;;
LC;Banque LC;;20250530;40100000;CompteLib_0025;PROMOCASH;PROMOCASH;25E122;20250530;EcritureLib_0343;;81,44;0,00;D;;;
LC;Banque LC;;20250530;51200000;CompteLib_0021;;;25E122;20250530;EcritureLib_0343;;0,00;81,44;C;;;
LC;Banque LC;;20250530;62700000;CompteLib_0038;;;25E123;20250530;EcritureLib_0065;;0,24;0,00;D;;;
LC;Banque LC;;20250530;51200000;CompteLib_0021;;;25E123;20250530;EcritureLib_0065;;0,00;0,24;C;;;
LC;Banque LC;;20250530;62700000;CompteLib_0038;;;25E124;20250530;EcritureLib_0065;;0,06;0,00;D;;;
LC;Banque LC;;20250530;51200000;CompteLib_0021;;;25E124;20250530;EcritureLib_0065;;0,00;0,06;C;;;
LC;Banque LC;;20250602;51180000;CompteLib_0040;;;25F1;20250602;EcritureLib_0344;;0,00;381,00;C;;;
LC;Banque LC;;20250602;51200000;CompteLib_0021;;;25F1;20250602;EcritureLib_0344;;381,00;0,00;D;;;
LC;Banque LC;;20250602;51180000;CompteLib_0040;;;25F2;20250602;EcritureLib_0345;;0,00;137,00;C;;;
LC;Banque LC;;20250602;51200000;CompteLib_0021;;;25F2;20250602;EcritureLib_0345;;137,00;0,00;D;;;
LC;Banque LC;;20250602;51180000;CompteLib_0040;;;25F3;20250602;EcritureLib_0346;;0,00;28,00;C;;;
LC;Banque LC;;20250602;51200000;CompteLib_0021;;;25F3;20250602;EcritureLib_0346;;28,00;0,00;D;;;
LC;Banque LC;;20250602;51180000;CompteLib_0040;;;25F4;20250602;EcritureLib_0347;;0,00;24,00;C;;;
LC;Banque LC;;20250602;51200000;CompteLib_0021;;;25F4;20250602;EcritureLib_0347;;24,00;0,00;D;;;
LC;Banque LC;;20250602;40100000;CompteLib_0025;PROMOCASH;PROMOCASH;25F5;20250602;EcritureLib_0348;;56,79;0,00;D;;;
LC;Banque LC;;20250602;51200000;CompteLib_0021;;;25F5;20250602;EcritureLib_0348;;0,00;56,79;C;;;
LC;Banque LC;;20250602;40100000;CompteLib_0025;FMETRO;METRO;25F6;20250602;EcritureLib_0349;;33,27;0,00;D;;;
LC;Banque LC;;20250602;51200000;CompteLib_0021;;;25F6;20250602;EcritureLib_0349;;0,00;33,27;C;;;
LC;Banque LC;;20250602;62700000;CompteLib_0038;;;25F7;20250602;EcritureLib_0065;;1,33;0,00;D;;;
LC;Banque LC;;20250602;51200000;CompteLib_0021;;;25F7;20250602;EcritureLib_0065;;0,00;1,33;C;;;
LC;Banque LC;;20250602;62700000;CompteLib_0038;;;25F8;20250602;EcritureLib_0065;;0,70;0,00;D;;;
LC;Banque LC;;20250602;51200000;CompteLib_0021;;;25F8;20250602;EcritureLib_0065;;0,00;0,70;C;;;
LC;Banque LC;;20250602;62700000;CompteLib_0038;;;25F9;20250602;EcritureLib_0065;;0,08;0,00;D;;;
LC;Banque LC;;20250602;51200000;CompteLib_0021;;;25F9;20250602;EcritureLib_0065;;0,00;0,08;C;;;
LC;Banque LC;;20250602;62700000;CompteLib_0038;;;25F10;20250602;EcritureLib_0065;;0,08;0,00;D;;;
LC;Banque LC;;20250602;51200000;CompteLib_0021;;;25F10;20250602;EcritureLib_0065;;0,00;0,08;C;;;
LC;Banque LC;;20250602;62700000;CompteLib_0038;;;25F11;20250602;EcritureLib_0122;;5,25;0,00;D;;;
LC;Banque LC;;20250602;51200000;CompteLib_0021;;;25F11;20250602;EcritureLib_0122;;0,00;5,25;C;;;
LC;Banque LC;;20250603;42100000;CompteLib_0007;;;25F12;20250603;EcritureLib_0194;;464,87;0,00;D;;Z;20250710
LC;Banque LC;;20250603;51200000;CompteLib_0021;;;25F12;20250603;EcritureLib_0194;;0,00;464,87;C;;;
LC;Banque LC;;20250604;41100000;CompteLib_0044;CENTRESOCIAL;CENTRE SOCIAL FAUBOURG DE BETHUNE;25F13;20250604;EcritureLib_0350;;0,00;578,70;C;;;
LC;Banque LC;;20250604;51200000;CompteLib_0021;;;25F13;20250604;EcritureLib_0350;;578,70;0,00;D;;;
LC;Banque LC;;20250604;41100000;CompteLib_0044;CENTRESOCIAL;CENTRE SOCIAL FAUBOURG DE BETHUNE;25F14;20250604;EcritureLib_0351;;0,00;414,00;C;;;
LC;Banque LC;;20250604;51200000;CompteLib_0021;;;25F14;20250604;EcritureLib_0351;;414,00;0,00;D;;;
LC;Banque LC;;20250604;51180000;CompteLib_0040;;;25F15;20250604;EcritureLib_0352;;0,00;66,00;C;;;
LC;Banque LC;;20250604;51200000;CompteLib_0021;;;25F15;20250604;EcritureLib_0352;;66,00;0,00;D;;;
LC;Banque LC;;20250604;51180000;CompteLib_0040;;;25F16;20250604;EcritureLib_0353;;0,00;13,00;C;;;
LC;Banque LC;;20250604;51200000;CompteLib_0021;;;25F16;20250604;EcritureLib_0353;;13,00;0,00;D;;;
LC;Banque LC;;20250604;40100000;CompteLib_0025;PROMOCASH;PROMOCASH;25F17;20250604;EcritureLib_0354;;110,93;0,00;D;;;
LC;Banque LC;;20250604;51200000;CompteLib_0021;;;25F17;20250604;EcritureLib_0354;;0,00;110,93;C;;;
LC;Banque LC;;20250604;47100000;CompteLib_0043;;;25F18;20250604;EcritureLib_0355;;13,68;0,00;D;;;
LC;Banque LC;;20250604;51200000;CompteLib_0021;;;25F18;20250604;EcritureLib_0355;;0,00;13,68;C;;;
LC;Banque LC;;20250604;62700000;CompteLib_0038;;;25F19;20250604;EcritureLib_0065;;0,23;0,00;D;;;
LC;Banque LC;;20250604;51200000;CompteLib_0021;;;25F19;20250604;EcritureLib_0065;;0,00;0,23;C;;;
LC;Banque LC;;20250604;62700000;CompteLib_0038;;;25F20;20250604;EcritureLib_0065;;0,04;0,00;D;;;
LC;Banque LC;;20250604;51200000;CompteLib_0021;;;25F20;20250604;EcritureLib_0065;;0,00;0,04;C;;;
LC;Banque LC;;20250604;42100000;CompteLib_0007;;;25F21;20250604;EcritureLib_0127;;1251,10;0,00;D;;O;20250710
LC;Banque LC;;20250604;51200000;CompteLib_0021;;;25F21;20250604;EcritureLib_0127;;0,00;1251,10;C;;;
LC;Banque LC;;20250605;51100000;CompteLib_0046;;;25F22;20250605;EcritureLib_0356;;0,00;590,00;C;;;
LC;Banque LC;;20250605;51200000;CompteLib_0021;;;25F22;20250605;EcritureLib_0356;;590,00;0,00;D;;;
LC;Banque LC;;20250605;51180000;CompteLib_0040;;;25F23;20250605;EcritureLib_0357;;0,00;47,00;C;;;
LC;Banque LC;;20250605;51200000;CompteLib_0021;;;25F23;20250605;EcritureLib_0357;;47,00;0,00;D;;;
LC;Banque LC;;20250605;40100000;CompteLib_0025;FCARBU;CARBURANT;25F24;20250605;EcritureLib_0358;;68,82;0,00;D;;;
LC;Banque LC;;20250605;51200000;CompteLib_0021;;;25F24;20250605;EcritureLib_0358;;0,00;68,82;C;;;
LC;Banque LC;;20250605;61600000;CompteLib_0039;;;25F25;20250605;EcritureLib_0062;;4,41;0,00;D;;;
LC;Banque LC;;20250605;51200000;CompteLib_0021;;;25F25;20250605;EcritureLib_0062;;0,00;4,41;C;;;
LC;Banque LC;;20250605;62700000;CompteLib_0038;;;25F26;20250605;EcritureLib_0065;;0,16;0,00;D;;;
LC;Banque LC;;20250605;51200000;CompteLib_0021;;;25F26;20250605;EcritureLib_0065;;0,00;0,16;C;;;
LC;Banque LC;;20250606;51180000;CompteLib_0040;;;25F28;20250606;EcritureLib_0359;;0,00;183,00;C;;;
LC;Banque LC;;20250606;51200000;CompteLib_0021;;;25F28;20250606;EcritureLib_0359;;183,00;0,00;D;;;
LC;Banque LC;;20250606;51180000;CompteLib_0040;;;25F29;20250606;EcritureLib_0360;;0,00;125,00;C;;;
LC;Banque LC;;20250606;51200000;CompteLib_0021;;;25F29;20250606;EcritureLib_0360;;125,00;0,00;D;;;
LC;Banque LC;;20250606;40100000;CompteLib_0025;PROMOCASH;PROMOCASH;25F30;20250606;EcritureLib_0361;;113,07;0,00;D;;BC;20250707
LC;Banque LC;;20250606;51200000;CompteLib_0021;;;25F30;20250606;EcritureLib_0361;;0,00;113,07;C;;;
LC;Banque LC;;20250606;40100000;CompteLib_0025;FLECLERC;LECLERC;25F31;20250606;EcritureLib_0362;;32,40;0,00;D;;;
LC;Banque LC;;20250606;51200000;CompteLib_0021;;;25F31;20250606;EcritureLib_0362;;0,00;32,40;C;;;
LC;Banque LC;;20250606;62700000;CompteLib_0038;;;25F32;20250606;EcritureLib_0065;;0,64;0,00;D;;;
LC;Banque LC;;20250606;51200000;CompteLib_0021;;;25F32;20250606;EcritureLib_0065;;0,00;0,64;C;;;
LC;Banque LC;;20250606;62700000;CompteLib_0038;;;25F33;20250606;EcritureLib_0065;;0,42;0,00;D;;;
LC;Banque LC;;20250606;51200000;CompteLib_0021;;;25F33;20250606;EcritureLib_0065;;0,00;0,42;C;;;
LC;Banque LC;;20250610;51180000;CompteLib_0040;;;25F35;20250610;EcritureLib_0363;;0,00;505,00;C;;;
LC;Banque LC;;20250610;51200000;CompteLib_0021;;;25F35;20250610;EcritureLib_0363;;505,00;0,00;D;;;
LC;Banque LC;;20250610;51180000;CompteLib_0040;;;25F36;20250610;EcritureLib_0364;;0,00;46,00;C;;;
LC;Banque LC;;20250610;51200000;CompteLib_0021;;;25F36;20250610;EcritureLib_0364;;46,00;0,00;D;;;
LC;Banque LC;;20250610;40100000;CompteLib_0025;FDESTOCK;DESTOCK;25F37;20250610;EcritureLib_0365;;173,20;0,00;D;;;
LC;Banque LC;;20250610;51200000;CompteLib_0021;;;25F37;20250610;EcritureLib_0365;;0,00;173,20;C;;;
LC;Banque LC;;20250610;40100000;CompteLib_0025;FASIAFRICA;ASIAFRICA;25F38;20250610;EcritureLib_0366;;84,09;0,00;D;;;
LC;Banque LC;;20250610;51200000;CompteLib_0021;;;25F38;20250610;EcritureLib_0366;;0,00;84,09;C;;;
LC;Banque LC;;20250610;40100000;CompteLib_0025;PROMOCASH;PROMOCASH;25F39;20250610;EcritureLib_0367;;50,26;0,00;D;;BD;20250707
LC;Banque LC;;20250610;51200000;CompteLib_0021;;;25F39;20250610;EcritureLib_0367;;0,00;50,26;C;;;
LC;Banque LC;;20250610;62700000;CompteLib_0038;;;25F40;20250610;EcritureLib_0065;;2,00;0,00;D;;;
LC;Banque LC;;20250610;51200000;CompteLib_0021;;;25F40;20250610;EcritureLib_0065;;0,00;2,00;C;;;
LC;Banque LC;;20250610;62700000;CompteLib_0038;;;25F41;20250610;EcritureLib_0065;;0,16;0,00;D;;;
LC;Banque LC;;20250610;51200000;CompteLib_0021;;;25F41;20250610;EcritureLib_0065;;0,00;0,16;C;;;
LC;Banque LC;;20250611;51180000;CompteLib_0040;;;25F43;20250611;EcritureLib_0368;;0,00;61,00;C;;;
LC;Banque LC;;20250611;51200000;CompteLib_0021;;;25F43;20250611;EcritureLib_0368;;61,00;0,00;D;;;
LC;Banque LC;;20250611;40100000;CompteLib_0025;PROMOCASH;PROMOCASH;25F44;20250611;EcritureLib_0369;;74,59;0,00;D;;BB;20250707
LC;Banque LC;;20250611;51200000;CompteLib_0021;;;25F44;20250611;EcritureLib_0369;;0,00;74,59;C;;;
LC;Banque LC;;20250611;62700000;CompteLib_0038;;;25F45;20250611;EcritureLib_0065;;0,20;0,00;D;;;
LC;Banque LC;;20250611;51200000;CompteLib_0021;;;25F45;20250611;EcritureLib_0065;;0,00;0,20;C;;;
LC;Banque LC;;20250611;42100000;CompteLib_0007;;;25F46;20250611;EcritureLib_0127;;763,89;0,00;D;;Y;20250710
LC;Banque LC;;20250611;51200000;CompteLib_0021;;;25F46;20250611;EcritureLib_0127;;0,00;763,89;C;;;
LC;Banque LC;;20250612;40100000;CompteLib_0025;FLEFOURGON;LE FOURGON;25F47;20250612;EcritureLib_0370;;5,40;0,00;D;;;
LC;Banque LC;;20250612;51200000;CompteLib_0021;;;25F47;20250612;EcritureLib_0370;;0,00;5,40;C;;;
LC;Banque LC;;20250613;51180000;CompteLib_0040;;;25F49;20250613;EcritureLib_0371;;0,00;48,00;C;;;
LC;Banque LC;;20250613;51200000;CompteLib_0021;;;25F49;20250613;EcritureLib_0371;;48,00;0,00;D;;;
LC;Banque LC;;20250613;40100000;CompteLib_0025;PROMOCASH;PROMOCASH;25F50;20250613;EcritureLib_0372;;73,07;0,00;D;;BE;20250707
LC;Banque LC;;20250613;51200000;CompteLib_0021;;;25F50;20250613;EcritureLib_0372;;0,00;73,07;C;;;
LC;Banque LC;;20250613;62700000;CompteLib_0038;;;25F51;20250613;EcritureLib_0065;;0,17;0,00;D;;;
LC;Banque LC;;20250613;51200000;CompteLib_0021;;;25F51;20250613;EcritureLib_0065;;0,00;0,17;C;;;
LC;Banque LC;;20250616;51180000;CompteLib_0040;;;25F54;20250616;EcritureLib_0373;;0,00;986,00;C;;;
LC;Banque LC;;20250616;51200000;CompteLib_0021;;;25F54;20250616;EcritureLib_0373;;986,00;0,00;D;;;
LC;Banque LC;;20250616;51180000;CompteLib_0040;;;25F55;20250616;EcritureLib_0374;;0,00;885,00;C;;;
LC;Banque LC;;20250616;51200000;CompteLib_0021;;;25F55;20250616;EcritureLib_0374;;885,00;0,00;D;;;
LC;Banque LC;;20250616;51180000;CompteLib_0040;;;25F56;20250616;EcritureLib_0375;;0,00;204,00;C;;;
LC;Banque LC;;20250616;51200000;CompteLib_0021;;;25F56;20250616;EcritureLib_0375;;204,00;0,00;D;;;
LC;Banque LC;;20250616;51180000;CompteLib_0040;;;25F57;20250616;EcritureLib_0376;;0,00;186,00;C;;;
LC;Banque LC;;20250616;51200000;CompteLib_0021;;;25F57;20250616;EcritureLib_0376;;186,00;0,00;D;;;
LC;Banque LC;;20250616;51180000;CompteLib_0040;;;25F58;20250616;EcritureLib_0377;;0,00;49,00;C;;;
LC;Banque LC;;20250616;51200000;CompteLib_0021;;;25F58;20250616;EcritureLib_0377;;49,00;0,00;D;;;
LC;Banque LC;;20250616;51180000;CompteLib_0040;;;25F59;20250616;EcritureLib_0378;;0,00;14,00;C;;;
LC;Banque LC;;20250616;51200000;CompteLib_0021;;;25F59;20250616;EcritureLib_0378;;14,00;0,00;D;;;
LC;Banque LC;;20250616;61610000;CompteLib_0041;;;25F60;20250616;EcritureLib_0077;;374,68;0,00;D;;;
LC;Banque LC;;20250616;51200000;CompteLib_0021;;;25F60;20250616;EcritureLib_0077;;0,00;374,68;C;;;
LC;Banque LC;;20250616;40100000;CompteLib_0025;PROMOCASH;PROMOCASH;25F61;20250616;EcritureLib_0379;;156,40;0,00;D;;BF;20250707
LC;Banque LC;;20250616;51200000;CompteLib_0021;;;25F61;20250616;EcritureLib_0379;;0,00;156,40;C;;;
LC;Banque LC;;20250616;40100000;CompteLib_0025;PROMOCASH;PROMOCASH;25F62;20250616;EcritureLib_0380;;65,36;0,00;D;;BG;20250708
LC;Banque LC;;20250616;51200000;CompteLib_0021;;;25F62;20250616;EcritureLib_0380;;0,00;65,36;C;;;
LC;Banque LC;;20250616;40100000;CompteLib_0025;FALDI;ALDI;25F63;20250616;EcritureLib_0381;;39,26;0,00;D;;;
LC;Banque LC;;20250616;51200000;CompteLib_0021;;;25F63;20250616;EcritureLib_0381;;0,00;39,26;C;;;
LC;Banque LC;;20250616;40100000;CompteLib_0025;FGRAND;GRAND FRAIS;25F64;20250616;EcritureLib_0382;;12,23;0,00;D;;;
LC;Banque LC;;20250616;51200000;CompteLib_0021;;;25F64;20250616;EcritureLib_0382;;0,00;12,23;C;;;
LC;Banque LC;;20250616;62700000;CompteLib_0038;;;25F65;20250616;EcritureLib_0065;;3,26;0,00;D;;;
LC;Banque LC;;20250616;51200000;CompteLib_0021;;;25F65;20250616;EcritureLib_0065;;0,00;3,26;C;;;
LC;Banque LC;;20250616;62700000;CompteLib_0038;;;25F66;20250616;EcritureLib_0065;;2,91;0,00;D;;;
LC;Banque LC;;20250616;51200000;CompteLib_0021;;;25F66;20250616;EcritureLib_0065;;0,00;2,91;C;;;
LC;Banque LC;;20250616;62700000;CompteLib_0038;;;25F67;20250616;EcritureLib_0065;;0,69;0,00;D;;;
LC;Banque LC;;20250616;51200000;CompteLib_0021;;;25F67;20250616;EcritureLib_0065;;0,00;0,69;C;;;
LC;Banque LC;;20250616;62700000;CompteLib_0038;;;25F68;20250616;EcritureLib_0065;;0,61;0,00;D;;;
LC;Banque LC;;20250616;51200000;CompteLib_0021;;;25F68;20250616;EcritureLib_0065;;0,00;0,61;C;;;
LC;Banque LC;;20250616;62700000;CompteLib_0038;;;25F69;20250616;EcritureLib_0065;;0,16;0,00;D;;;
LC;Banque LC;;20250616;51200000;CompteLib_0021;;;25F69;20250616;EcritureLib_0065;;0,00;0,16;C;;;
LC;Banque LC;;20250616;62700000;CompteLib_0038;;;25F70;20250616;EcritureLib_0065;;0,04;0,00;D;;;
LC;Banque LC;;20250616;51200000;CompteLib_0021;;;25F70;20250616;EcritureLib_0065;;0,00;0,04;C;;;
LC;Banque LC;;20250617;41100000;CompteLib_0044;CENTRESOCIAL;CENTRE SOCIAL FAUBOURG DE BETHUNE;25F73;20250617;EcritureLib_0383;;0,00;264,00;C;;;
LC;Banque LC;;20250617;51200000;CompteLib_0021;;;25F73;20250617;EcritureLib_0383;;264,00;0,00;D;;;
LC;Banque LC;;20250617;40100000;CompteLib_0025;PROMOCASH;PROMOCASH;25F74;20250617;EcritureLib_0384;;35,85;0,00;D;;BI;20250707
LC;Banque LC;;20250617;51200000;CompteLib_0021;;;25F74;20250617;EcritureLib_0384;;0,00;35,85;C;;;
LC;Banque LC;;20250617;40100000;CompteLib_0025;PROMOCASH;PROMOCASH;25F75;20250617;EcritureLib_0384;;24,19;0,00;D;;BH;20250707
LC;Banque LC;;20250617;51200000;CompteLib_0021;;;25F75;20250617;EcritureLib_0384;;0,00;24,19;C;;;
LC;Banque LC;;20250618;51180000;CompteLib_0040;;;25F76;20250618;EcritureLib_0385;;0,00;86,50;C;;;
LC;Banque LC;;20250618;51200000;CompteLib_0021;;;25F76;20250618;EcritureLib_0385;;86,50;0,00;D;;;
LC;Banque LC;;20250618;51180000;CompteLib_0040;;;25F77;20250618;EcritureLib_0386;;0,00;24,50;C;;;
LC;Banque LC;;20250618;51200000;CompteLib_0021;;;25F77;20250618;EcritureLib_0386;;24,50;0,00;D;;;
LC;Banque LC;;20250618;40100000;CompteLib_0025;FLECEANOTHE;LE CEANOTHE;25F78;20250618;EcritureLib_0387;;425,76;0,00;D;;C;20250708
LC;Banque LC;;20250618;51200000;CompteLib_0021;;;25F78;20250618;EcritureLib_0387;;0,00;425,76;C;;;
LC;Banque LC;;20250618;40100000;CompteLib_0025;FMALECO;MALECO;25F79;20250618;EcritureLib_0388;;137,38;0,00;D;;;
LC;Banque LC;;20250618;51200000;CompteLib_0021;;;25F79;20250618;EcritureLib_0388;;0,00;137,38;C;;;
LC;Banque LC;;20250618;40100000;CompteLib_0025;PROMOCASH;PROMOCASH;25F80;20250618;EcritureLib_0389;;46,39;0,00;D;;;
LC;Banque LC;;20250618;51200000;CompteLib_0021;;;25F80;20250618;EcritureLib_0389;;0,00;46,39;C;;;
LC;Banque LC;;20250618;62700000;CompteLib_0038;;;25F81;20250618;EcritureLib_0065;;0,83;0,00;D;;;
LC;Banque LC;;20250618;51200000;CompteLib_0021;;;25F81;20250618;EcritureLib_0065;;0,00;0,83;C;;;
LC;Banque LC;;20250618;62700000;CompteLib_0038;;;25F82;20250618;EcritureLib_0065;;0,09;0,00;D;;;
LC;Banque LC;;20250618;51200000;CompteLib_0021;;;25F82;20250618;EcritureLib_0065;;0,00;0,09;C;;;
LC;Banque LC;;20250619;16400000;CompteLib_0002;;;25F83;20250619;EcritureLib_0088;;930,93;0,00;D;;;
LC;Banque LC;;20250619;51200000;CompteLib_0021;;;25F83;20250619;EcritureLib_0088;;0,00;930,93;C;;;
LC;Banque LC;;20250619;40100000;CompteLib_0025;FSOCOVOL;SOCOVOL;25F84;20250619;EcritureLib_0173;;168,80;0,00;D;;D;20250707
LC;Banque LC;;20250619;51200000;CompteLib_0021;;;25F84;20250619;EcritureLib_0173;;0,00;168,80;C;;;
LC;Banque LC;;20250620;41100000;CompteLib_0044;CCONTAL;CONTAL GUILLAUME;25F85;20250620;EcritureLib_0390;;0,00;751,00;C;;;
LC;Banque LC;;20250620;51200000;CompteLib_0021;;;25F85;20250620;EcritureLib_0390;;751,00;0,00;D;;;
LC;Banque LC;;20250620;61350000;CompteLib_0032;;;25F86;20250620;EcritureLib_0090;;80,63;0,00;D;;;
LC;Banque LC;;20250620;44566000;CompteLib_0014;;;25F86;20250620;EcritureLib_0090;;16,13;0,00;D;;;
LC;Banque LC;;20250620;51200000;CompteLib_0021;;;25F86;20250620;EcritureLib_0090;;0,00;96,76;C;;;
LC;Banque LC;;20250623;51180000;CompteLib_0040;;;25F91;20250623;EcritureLib_0391;;0,00;1031,00;C;;;
LC;Banque LC;;20250623;51200000;CompteLib_0021;;;25F91;20250623;EcritureLib_0391;;1031,00;0,00;D;;;
LC;Banque LC;;20250623;51180000;CompteLib_0040;;;25F92;20250623;EcritureLib_0392;;0,00;952,00;C;;;
LC;Banque LC;;20250623;51200000;CompteLib_0021;;;25F92;20250623;EcritureLib_0392;;952,00;0,00;D;;;
LC;Banque LC;;20250623;51180000;CompteLib_0040;;;25F93;20250623;EcritureLib_0393;;0,00;324,00;C;;;
LC;Banque LC;;20250623;51200000;CompteLib_0021;;;25F93;20250623;EcritureLib_0393;;324,00;0,00;D;;;
LC;Banque LC;;20250623;51180000;CompteLib_0040;;;25F94;20250623;EcritureLib_0394;;0,00;82,00;C;;;
LC;Banque LC;;20250623;51200000;CompteLib_0021;;;25F94;20250623;EcritureLib_0394;;82,00;0,00;D;;;
LC;Banque LC;;20250623;51180000;CompteLib_0040;;;25F95;20250623;EcritureLib_0395;;0,00;27,00;C;;;
LC;Banque LC;;20250623;51200000;CompteLib_0021;;;25F95;20250623;EcritureLib_0395;;27,00;0,00;D;;;
LC;Banque LC;;20250623;40100000;CompteLib_0025;PROMOCASH;PROMOCASH;25F96;20250623;EcritureLib_0396;;366,83;0,00;D;;BA;20250707
LC;Banque LC;;20250623;51200000;CompteLib_0021;;;25F96;20250623;EcritureLib_0396;;0,00;366,83;C;;;
LC;Banque LC;;20250623;40100000;CompteLib_0025;PROMOCASH;PROMOCASH;25F97;20250623;EcritureLib_0396;;68,76;0,00;D;;BK;20250707
LC;Banque LC;;20250623;51200000;CompteLib_0021;;;25F97;20250623;EcritureLib_0396;;0,00;68,76;C;;;
LC;Banque LC;;20250623;40100000;CompteLib_0025;FCARBU;CARBURANT;25F98;20250623;EcritureLib_0397;;50,03;0,00;D;;L;20250729
LC;Banque LC;;20250623;51200000;CompteLib_0021;;;25F98;20250623;EcritureLib_0397;;0,00;50,03;C;;;
LC;Banque LC;;20250623;40100000;CompteLib_0025;PROMOCASH;PROMOCASH;25F99;20250623;EcritureLib_0396;;23,26;0,00;D;;;
LC;Banque LC;;20250623;51200000;CompteLib_0021;;;25F99;20250623;EcritureLib_0396;;0,00;23,26;C;;;
LC;Banque LC;;20250623;40100000;CompteLib_0025;FGRAND;GRAND FRAIS;25F100;20250623;EcritureLib_0398;;12,46;0,00;D;;L;20250707
LC;Banque LC;;20250623;51200000;CompteLib_0021;;;25F100;20250623;EcritureLib_0398;;0,00;12,46;C;;;
LC;Banque LC;;20250623;62700000;CompteLib_0038;;;25F101;20250623;EcritureLib_0065;;3,44;0,00;D;;;
LC;Banque LC;;20250623;51200000;CompteLib_0021;;;25F101;20250623;EcritureLib_0065;;0,00;3,44;C;;;
LC;Banque LC;;20250623;62700000;CompteLib_0038;;;25F102;20250623;EcritureLib_0065;;3,26;0,00;D;;;
LC;Banque LC;;20250623;51200000;CompteLib_0021;;;25F102;20250623;EcritureLib_0065;;0,00;3,26;C;;;
LC;Banque LC;;20250623;62700000;CompteLib_0038;;;25F103;20250623;EcritureLib_0065;;1,13;0,00;D;;;
LC;Banque LC;;20250623;51200000;CompteLib_0021;;;25F103;20250623;EcritureLib_0065;;0,00;1,13;C;;;
LC;Banque LC;;20250623;62700000;CompteLib_0038;;;25F104;20250623;EcritureLib_0065;;0,27;0,00;D;;;
LC;Banque LC;;20250623;51200000;CompteLib_0021;;;25F104;20250623;EcritureLib_0065;;0,00;0,27;C;;;
LC;Banque LC;;20250623;62700000;CompteLib_0038;;;25F105;20250623;EcritureLib_0065;;0,09;0,00;D;;;
LC;Banque LC;;20250623;51200000;CompteLib_0021;;;25F105;20250623;EcritureLib_0065;;0,00;0,09;C;;;
LC;Banque LC;;20250624;40100000;CompteLib_0025;FSTC;STC DIGIT;25F107;20250624;EcritureLib_0096;;253,20;0,00;D;;;
LC;Banque LC;;20250624;51200000;CompteLib_0021;;;25F107;20250624;EcritureLib_0096;;0,00;253,20;C;;;
LC;Banque LC;;20250624;40100000;CompteLib_0025;PROMOCASH;PROMOCASH;25F108;20250624;EcritureLib_0399;;127,27;0,00;D;;AZ;20250708
LC;Banque LC;;20250624;51200000;CompteLib_0021;;;25F108;20250624;EcritureLib_0399;;0,00;127,27;C;;;
LC;Banque LC;;20250625;51180000;CompteLib_0040;;;25F111;20250625;EcritureLib_0400;;0,00;57,00;C;;;
LC;Banque LC;;20250625;51200000;CompteLib_0021;;;25F111;20250625;EcritureLib_0400;;57,00;0,00;D;;;
LC;Banque LC;;20250625;44551000;CompteLib_0047;;;25F112;20250625;EcritureLib_0401;;478,00;0,00;D;;B;20250708
LC;Banque LC;;20250625;51200000;CompteLib_0021;;;25F112;20250625;EcritureLib_0401;;0,00;478,00;C;;;
LC;Banque LC;;20250625;40100000;CompteLib_0025;FSENG;SENG AROUN;25F113;20250625;EcritureLib_0402;;436,04;0,00;D;;;
LC;Banque LC;;20250625;51200000;CompteLib_0021;;;25F113;20250625;EcritureLib_0402;;0,00;436,04;C;;;
LC;Banque LC;;20250625;40100000;CompteLib_0025;FASIAFRICA;ASIAFRICA;25F114;20250625;EcritureLib_0403;;293,30;0,00;D;;K;20250708
LC;Banque LC;;20250625;51200000;CompteLib_0021;;;25F114;20250625;EcritureLib_0403;;0,00;293,30;C;;;
LC;Banque LC;;20250625;40100000;CompteLib_0025;FASIAFRICA;ASIAFRICA;25F115;20250625;EcritureLib_0404;;35,00;0,00;D;;L;20251014
LC;Banque LC;;20250625;51200000;CompteLib_0021;;;25F115;20250625;EcritureLib_0404;;0,00;35,00;C;;;
LC;Banque LC;;20250625;62700000;CompteLib_0038;;;25F116;20250625;EcritureLib_0065;;0,20;0,00;D;;;
LC;Banque LC;;20250625;51200000;CompteLib_0021;;;25F116;20250625;EcritureLib_0065;;0,00;0,20;C;;;
LC;Banque LC;;20250625;62700000;CompteLib_0038;;;25F117;20250625;EcritureLib_0102;;12,20;0,00;D;;;
LC;Banque LC;;20250625;51200000;CompteLib_0021;;;25F117;20250625;EcritureLib_0102;;0,00;12,20;C;;;
LC;Banque LC;;20250626;42100000;CompteLib_0007;;;25F118;20250626;EcritureLib_0127;;825,16;0,00;D;;Y;20250710
LC;Banque LC;;20250626;51200000;CompteLib_0021;;;25F118;20250626;EcritureLib_0127;;0,00;825,16;C;;;
LC;Banque LC;;20250627;51180000;CompteLib_0040;;;25F120;20250627;EcritureLib_0405;;0,00;80,00;C;;;
LC;Banque LC;;20250627;51200000;CompteLib_0021;;;25F120;20250627;EcritureLib_0405;;80,00;0,00;D;;;
LC;Banque LC;;20250627;51180000;CompteLib_0040;;;25F121;20250627;EcritureLib_0406;;0,00;68,00;C;;;
LC;Banque LC;;20250627;51200000;CompteLib_0021;;;25F121;20250627;EcritureLib_0406;;68,00;0,00;D;;;
LC;Banque LC;;20250627;40100000;CompteLib_0025;PROMOCASH;PROMOCASH;25F122;20250627;EcritureLib_0407;;100,90;0,00;D;;BJ;20250708
LC;Banque LC;;20250627;51200000;CompteLib_0021;;;25F122;20250627;EcritureLib_0407;;0,00;100,90;C;;;
LC;Banque LC;;20250627;40100000;CompteLib_0025;FLIVE;LIVE ADVICE;25F123;20250627;EcritureLib_0101;;90,00;0,00;D;;J;20250707
LC;Banque LC;;20250627;51200000;CompteLib_0021;;;25F123;20250627;EcritureLib_0101;;0,00;90,00;C;;;
LC;Banque LC;;20250627;62700000;CompteLib_0038;;;25F124;20250627;EcritureLib_0065;;0,27;0,00;D;;;
LC;Banque LC;;20250627;51200000;CompteLib_0021;;;25F124;20250627;EcritureLib_0065;;0,00;0,27;C;;;
LC;Banque LC;;20250627;62700000;CompteLib_0038;;;25F125;20250627;EcritureLib_0065;;0,24;0,00;D;;;
LC;Banque LC;;20250627;51200000;CompteLib_0021;;;25F125;20250627;EcritureLib_0065;;0,00;0,24;C;;;
LC;Banque LC;;20250627;62700000;CompteLib_0038;;;25F126;20250627;EcritureLib_0110;;0,00;0,87;C;;;
LC;Banque LC;;20250627;51200000;CompteLib_0021;;;25F126;20250627;EcritureLib_0110;;0,87;0,00;D;;;
LC;Banque LC;;20250627;62700000;CompteLib_0038;;;25F127;20250627;EcritureLib_0111;;19,43;0,00;D;;;
LC;Banque LC;;20250627;51200000;CompteLib_0021;;;25F127;20250627;EcritureLib_0111;;0,00;19,43;C;;;
LC;Banque LC;;20250630;51180000;CompteLib_0040;;;25F130;20250630;EcritureLib_0408;;0,00;286,00;C;;;
LC;Banque LC;;20250630;51200000;CompteLib_0021;;;25F130;20250630;EcritureLib_0408;;286,00;0,00;D;;;
LC;Banque LC;;20250630;51180000;CompteLib_0040;;;25F131;20250630;EcritureLib_0409;;0,00;100,00;C;;;
LC;Banque LC;;20250630;51200000;CompteLib_0021;;;25F131;20250630;EcritureLib_0409;;100,00;0,00;D;;;
LC;Banque LC;;20250630;51180000;CompteLib_0040;;;25F132;20250630;EcritureLib_0410;;0,00;49,00;C;;;
LC;Banque LC;;20250630;51200000;CompteLib_0021;;;25F132;20250630;EcritureLib_0410;;49,00;0,00;D;;;
LC;Banque LC;;20250630;51180000;CompteLib_0040;;;25F133;20250630;EcritureLib_0411;;0,00;44,00;C;;;
LC;Banque LC;;20250630;51200000;CompteLib_0021;;;25F133;20250630;EcritureLib_0411;;44,00;0,00;D;;;
LC;Banque LC;;20250630;40100000;CompteLib_0025;FENTERPRISE;ENTERPRISE;25F134;20250630;EcritureLib_0412;;348,59;0,00;D;;A;20250729
LC;Banque LC;;20250630;51200000;CompteLib_0021;;;25F134;20250630;EcritureLib_0412;;0,00;348,59;C;;;
LC;Banque LC;;20250630;40100000;CompteLib_0025;FMETRO;METRO;25F135;20250630;EcritureLib_0413;;176,86;0,00;D;;A;20250729
LC;Banque LC;;20250630;51200000;CompteLib_0021;;;25F135;20250630;EcritureLib_0413;;0,00;176,86;C;;;
LC;Banque LC;;20250630;62700000;CompteLib_0038;;;25F136;20250630;EcritureLib_0065;;0,94;0,00;D;;;
LC;Banque LC;;20250630;51200000;CompteLib_0021;;;25F136;20250630;EcritureLib_0065;;0,00;0,94;C;;;
LC;Banque LC;;20250630;62700000;CompteLib_0038;;;25F137;20250630;EcritureLib_0065;;0,35;0,00;D;;;
LC;Banque LC;;20250630;51200000;CompteLib_0021;;;25F137;20250630;EcritureLib_0065;;0,00;0,35;C;;;
LC;Banque LC;;20250630;62700000;CompteLib_0038;;;25F138;20250630;EcritureLib_0065;;0,16;0,00;D;;;
LC;Banque LC;;20250630;51200000;CompteLib_0021;;;25F138;20250630;EcritureLib_0065;;0,00;0,16;C;;;
LC;Banque LC;;20250630;62700000;CompteLib_0038;;;25F139;20250630;EcritureLib_0065;;0,15;0,00;D;;;
LC;Banque LC;;20250630;51200000;CompteLib_0021;;;25F139;20250630;EcritureLib_0065;;0,00;0,15;C;;;
LC;Banque LC;;20250630;40100000;CompteLib_0025;FSUMUP;FSUMUPO;25F140;20250630;EcritureLib_0414;;0,00;29,47;C;;;
LC;Banque LC;;20250630;51200000;CompteLib_0021;;;25F140;20250630;EcritureLib_0414;;29,47;0,00;D;;;
LC;Banque LC;;20250701;62700000;CompteLib_0038;;;25G1;20250701;EcritureLib_0415;;45,27;0,00;D;;;
LC;Banque LC;;20250701;51200000;CompteLib_0021;;;25G1;20250701;EcritureLib_0415;;0,00;45,27;C;;;
LC;Banque LC;;20250701;62700000;CompteLib_0038;;;25G2;20250701;EcritureLib_0122;;5,25;0,00;D;;;
LC;Banque LC;;20250701;51200000;CompteLib_0021;;;25G2;20250701;EcritureLib_0122;;0,00;5,25;C;;;
LC;Banque LC;;20250702;51180000;CompteLib_0040;;;25G4;20250702;EcritureLib_0416;;0,00;360,00;C;;;
LC;Banque LC;;20250702;51200000;CompteLib_0021;;;25G4;20250702;EcritureLib_0416;;360,00;0,00;D;;;
LC;Banque LC;;20250702;40100000;CompteLib_0025;FASIAFRICA;ASIAFRICA;25G5;20250702;EcritureLib_0417;;35,35;0,00;D;;;
LC;Banque LC;;20250702;51200000;CompteLib_0021;;;25G5;20250702;EcritureLib_0417;;0,00;35,35;C;;;
LC;Banque LC;;20250702;62700000;CompteLib_0038;;;25G6;20250702;EcritureLib_0065;;2,54;0,00;D;;;
LC;Banque LC;;20250702;51200000;CompteLib_0021;;;25G6;20250702;EcritureLib_0065;;0,00;2,54;C;;;
LC;Banque LC;;20250703;51180000;CompteLib_0040;;;25G7;20250703;EcritureLib_0418;;0,00;109,00;C;;;
LC;Banque LC;;20250703;51200000;CompteLib_0021;;;25G7;20250703;EcritureLib_0418;;109,00;0,00;D;;;
LC;Banque LC;;20250703;51180000;CompteLib_0040;;;25G8;20250703;EcritureLib_0419;;0,00;52,50;C;;;
LC;Banque LC;;20250703;51200000;CompteLib_0021;;;25G8;20250703;EcritureLib_0419;;52,50;0,00;D;;;
LC;Banque LC;;20250703;42100000;CompteLib_0007;;;25G9;20250703;EcritureLib_0127;;800,00;0,00;D;;;
LC;Banque LC;;20250703;51200000;CompteLib_0021;;;25G9;20250703;EcritureLib_0127;;0,00;800,00;C;;;
LC;Banque LC;;20250703;62700000;CompteLib_0038;;;25G10;20250703;EcritureLib_0065;;0,35;0,00;D;;;
LC;Banque LC;;20250703;51200000;CompteLib_0021;;;25G10;20250703;EcritureLib_0065;;0,00;0,35;C;;;
LC;Banque LC;;20250703;62700000;CompteLib_0038;;;25G11;20250703;EcritureLib_0065;;0,18;0,00;D;;;
LC;Banque LC;;20250703;51200000;CompteLib_0021;;;25G11;20250703;EcritureLib_0065;;0,00;0,18;C;;;
LC;Banque LC;;20250704;41100000;CompteLib_0044;CCRIDONN;CRIDON DU NORD;25G12;20250704;EcritureLib_0420;;0,00;338,00;C;;;
LC;Banque LC;;20250704;51200000;CompteLib_0021;;;25G12;20250704;EcritureLib_0420;;338,00;0,00;D;;;
LC;Banque LC;;20250704;47100000;CompteLib_0043;;;25G13;20250704;EcritureLib_0421;;0,00;238,50;C;;;
LC;Banque LC;;20250704;51200000;CompteLib_0021;;;25G13;20250704;EcritureLib_0421;;238,50;0,00;D;;;
LC;Banque LC;;20250704;47100000;CompteLib_0043;;;25G14;20250704;EcritureLib_0422;;0,00;73,50;C;;;
LC;Banque LC;;20250704;51200000;CompteLib_0021;;;25G14;20250704;EcritureLib_0422;;73,50;0,00;D;;;
LC;Banque LC;;20250704;47100000;CompteLib_0043;;;25G15;20250704;EcritureLib_0423;;0,00;13,00;C;;;
LC;Banque LC;;20250704;51200000;CompteLib_0021;;;25G15;20250704;EcritureLib_0423;;13,00;0,00;D;;;
LC;Banque LC;;20250704;40100000;CompteLib_0025;PROMOCASH;PROMOCASH;25G16;20250704;EcritureLib_0424;;38,15;0,00;D;;;
LC;Banque LC;;20250704;51200000;CompteLib_0021;;;25G16;20250704;EcritureLib_0424;;0,00;38,15;C;;;
LC;Banque LC;;20250704;62700000;CompteLib_0038;;;25G17;20250704;EcritureLib_0065;;0,81;0,00;D;;;
LC;Banque LC;;20250704;51200000;CompteLib_0021;;;25G17;20250704;EcritureLib_0065;;0,00;0,81;C;;;
LC;Banque LC;;20250704;62700000;CompteLib_0038;;;25G18;20250704;EcritureLib_0065;;0,26;0,00;D;;;
LC;Banque LC;;20250704;51200000;CompteLib_0021;;;25G18;20250704;EcritureLib_0065;;0,00;0,26;C;;;
LC;Banque LC;;20250704;62700000;CompteLib_0038;;;25G19;20250704;EcritureLib_0065;;0,04;0,00;D;;;
LC;Banque LC;;20250704;51200000;CompteLib_0021;;;25G19;20250704;EcritureLib_0065;;0,00;0,04;C;;;
LC;Banque LC;;20250706;47100000;CompteLib_0043;;;25G20;20250706;EcritureLib_0127;;576,76;0,00;D;;;
LC;Banque LC;;20250706;51200000;CompteLib_0021;;;25G20;20250706;EcritureLib_0127;;0,00;576,76;C;;;
LC;Banque LC;;20250707;47100000;CompteLib_0043;;;25G21;20250707;EcritureLib_0425;;0,00;87,00;C;;;
LC;Banque LC;;20250707;51200000;CompteLib_0021;;;25G21;20250707;EcritureLib_0425;;87,00;0,00;D;;;
LC;Banque LC;;20250707;61600000;CompteLib_0039;;;25G22;20250707;EcritureLib_0062;;4,41;0,00;D;;;
LC;Banque LC;;20250707;51200000;CompteLib_0021;;;25G22;20250707;EcritureLib_0062;;0,00;4,41;C;;;
LC;Banque LC;;20250707;62700000;CompteLib_0038;;;25G23;20250707;EcritureLib_0065;;0,30;0,00;D;;;
LC;Banque LC;;20250707;51200000;CompteLib_0021;;;25G23;20250707;EcritureLib_0065;;0,00;0,30;C;;;
LC;Banque LC;;20250709;47100000;CompteLib_0043;;;25G24;20250709;EcritureLib_0426;;0,00;48,00;C;;;
LC;Banque LC;;20250709;51200000;CompteLib_0021;;;25G24;20250709;EcritureLib_0426;;48,00;0,00;D;;;
LC;Banque LC;;20250709;40100000;CompteLib_0025;PROMOCASH;PROMOCASH;25G25;20250709;EcritureLib_0427;;71,97;0,00;D;;;
LC;Banque LC;;20250709;51200000;CompteLib_0021;;;25G25;20250709;EcritureLib_0427;;0,00;71,97;C;;;
LC;Banque LC;;20250709;40100000;CompteLib_0025;PROMOCASH;PROMOCASH;25G26;20250709;EcritureLib_0427;;49,27;0,00;D;;;
LC;Banque LC;;20250709;51200000;CompteLib_0021;;;25G26;20250709;EcritureLib_0427;;0,00;49,27;C;;;
LC;Banque LC;;20250709;62700000;CompteLib_0038;;;25G27;20250709;EcritureLib_0065;;0,17;0,00;D;;;
LC;Banque LC;;20250709;51200000;CompteLib_0021;;;25G27;20250709;EcritureLib_0065;;0,00;0,17;C;;;
LC;Banque LC;;20250710;47100000;CompteLib_0043;;;25G28;20250710;EcritureLib_0428;;0,00;338,00;C;;;
LC;Banque LC;;20250710;51200000;CompteLib_0021;;;25G28;20250710;EcritureLib_0428;;338,00;0,00;D;;;
LC;Banque LC;;20250710;43100000;CompteLib_0009;;;25G29;20250710;EcritureLib_0082;;200,00;0,00;D;;;
LC;Banque LC;;20250710;51200000;CompteLib_0021;;;25G29;20250710;EcritureLib_0082;;0,00;200,00;C;;;
LC;Banque LC;;20250711;47100000;CompteLib_0043;;;25G30;20250711;EcritureLib_0429;;0,00;58,50;C;;;
LC;Banque LC;;20250711;51200000;CompteLib_0021;;;25G30;20250711;EcritureLib_0429;;58,50;0,00;D;;;
LC;Banque LC;;20250711;62700000;CompteLib_0038;;;25G31;20250711;EcritureLib_0065;;0,20;0,00;D;;;
LC;Banque LC;;20250711;51200000;CompteLib_0021;;;25G31;20250711;EcritureLib_0065;;0,00;0,20;C;;;
LC;Banque LC;;20250715;47100000;CompteLib_0043;;;25G32;20250715;EcritureLib_0430;;0,00;84,00;C;;;
LC;Banque LC;;20250715;51200000;CompteLib_0021;;;25G32;20250715;EcritureLib_0430;;84,00;0,00;D;;;
LC;Banque LC;;20250715;61610000;CompteLib_0041;;;25G33;20250715;EcritureLib_0077;;374,68;0,00;D;;;
LC;Banque LC;;20250715;51200000;CompteLib_0021;;;25G33;20250715;EcritureLib_0077;;0,00;374,68;C;;;
LC;Banque LC;;20250715;40100000;CompteLib_0025;FPARISSTORE;PARIS STORE;25G34;20250715;EcritureLib_0431;;219,50;0,00;D;;;
LC;Banque LC;;20250715;51200000;CompteLib_0021;;;25G34;20250715;EcritureLib_0431;;0,00;219,50;C;;;
LC;Banque LC;;20250715;40100000;CompteLib_0025;FGRAND;GRAND FRAIS;25G35;20250715;EcritureLib_0432;;20,01;0,00;D;;;
LC;Banque LC;;20250715;51200000;CompteLib_0021;;;25G35;20250715;EcritureLib_0432;;0,00;20,01;C;;;
LC;Banque LC;;20250715;62700000;CompteLib_0038;;;25G36;20250715;EcritureLib_0065;;0,25;0,00;D;;;
LC;Banque LC;;20250715;51200000;CompteLib_0021;;;25G36;20250715;EcritureLib_0065;;0,00;0,25;C;;;
LC;Banque LC;;20250716;47100000;CompteLib_0043;;;25G37;20250716;EcritureLib_0433;;0,00;36,00;C;;;
LC;Banque LC;;20250716;51200000;CompteLib_0021;;;25G37;20250716;EcritureLib_0433;;36,00;0,00;D;;;
LC;Banque LC;;20250716;62700000;CompteLib_0038;;;25G38;20250716;EcritureLib_0065;;0,43;0,00;D;;;
LC;Banque LC;;20250716;51200000;CompteLib_0021;;;25G38;20250716;EcritureLib_0065;;0,00;0,43;C;;;
LC;Banque LC;;20250719;16400000;CompteLib_0002;;;25G39;20250719;EcritureLib_0088;;930,93;0,00;D;;;
LC;Banque LC;;20250719;51200000;CompteLib_0021;;;25G39;20250719;EcritureLib_0088;;0,00;930,93;C;;;
LC;Banque LC;;20250721;47100000;CompteLib_0043;;;25G40;20250721;EcritureLib_0434;;0,00;230,50;C;;;
LC;Banque LC;;20250721;51200000;CompteLib_0021;;;25G40;20250721;EcritureLib_0434;;230,50;0,00;D;;;
LC;Banque LC;;20250721;47100000;CompteLib_0043;;;25G41;20250721;EcritureLib_0435;;0,00;166,00;C;;;
LC;Banque LC;;20250721;51200000;CompteLib_0021;;;25G41;20250721;EcritureLib_0435;;166,00;0,00;D;;;
LC;Banque LC;;20250721;47100000;CompteLib_0043;;;25G42;20250721;EcritureLib_0436;;0,00;17,00;C;;;
LC;Banque LC;;20250721;51200000;CompteLib_0021;;;25G42;20250721;EcritureLib_0436;;17,00;0,00;D;;;
LC;Banque LC;;20250721;61350000;CompteLib_0032;;;25G43;20250721;EcritureLib_0090;;80,63;0,00;D;;;
LC;Banque LC;;20250721;44566000;CompteLib_0014;;;25G43;20250721;EcritureLib_0090;;16,13;0,00;D;;;
LC;Banque LC;;20250721;51200000;CompteLib_0021;;;25G43;20250721;EcritureLib_0090;;0,00;96,76;C;;;
LC;Banque LC;;20250721;40100000;CompteLib_0025;FCARBU;CARBURANT;25G44;20250721;EcritureLib_0437;;40,00;0,00;D;;;
LC;Banque LC;;20250721;51200000;CompteLib_0021;;;25G44;20250721;EcritureLib_0437;;0,00;40,00;C;;;
LC;Banque LC;;20250721;62700000;CompteLib_0038;;;25G45;20250721;EcritureLib_0065;;0,77;0,00;D;;;
LC;Banque LC;;20250721;51200000;CompteLib_0021;;;25G45;20250721;EcritureLib_0065;;0,00;0,77;C;;;
LC;Banque LC;;20250721;62700000;CompteLib_0038;;;25G46;20250721;EcritureLib_0065;;0,55;0,00;D;;;
LC;Banque LC;;20250721;51200000;CompteLib_0021;;;25G46;20250721;EcritureLib_0065;;0,00;0,55;C;;;
LC;Banque LC;;20250721;62700000;CompteLib_0038;;;25G47;20250721;EcritureLib_0065;;0,05;0,00;D;;;
LC;Banque LC;;20250721;51200000;CompteLib_0021;;;25G47;20250721;EcritureLib_0065;;0,00;0,05;C;;;
LC;Banque LC;;20250724;62700000;CompteLib_0038;;;25G48;20250724;EcritureLib_0438;;20,00;0,00;D;;;
LC;Banque LC;;20250724;51200000;CompteLib_0021;;;25G48;20250724;EcritureLib_0438;;0,00;20,00;C;;;
LC;Banque LC;;20250724;62700000;CompteLib_0038;;;25G49;20250724;EcritureLib_0438;;20,00;0,00;D;;;
LC;Banque LC;;20250724;51200000;CompteLib_0021;;;25G49;20250724;EcritureLib_0438;;0,00;20,00;C;;;
LC;Banque LC;;20250725;47100000;CompteLib_0043;;;25G50;20250725;EcritureLib_0439;;0,00;160,50;C;;;
LC;Banque LC;;20250725;51200000;CompteLib_0021;;;25G50;20250725;EcritureLib_0439;;160,50;0,00;D;;;
LC;Banque LC;;20250725;62700000;CompteLib_0038;;;25G51;20250725;EcritureLib_0065;;0,56;0,00;D;;;
LC;Banque LC;;20250725;51200000;CompteLib_0021;;;25G51;20250725;EcritureLib_0065;;0,00;0,56;C;;;
LC;Banque LC;;20250728;47100000;CompteLib_0043;;;25G52;20250728;EcritureLib_0271;;0,00;1308,50;C;;;
LC;Banque LC;;20250728;51200000;CompteLib_0021;;;25G52;20250728;EcritureLib_0271;;1308,50;0,00;D;;;
LC;Banque LC;;20250728;47100000;CompteLib_0043;;;25G53;20250728;EcritureLib_0440;;0,00;462,00;C;;;
LC;Banque LC;;20250728;51200000;CompteLib_0021;;;25G53;20250728;EcritureLib_0440;;462,00;0,00;D;;;
LC;Banque LC;;20250728;47100000;CompteLib_0043;;;25G54;20250728;EcritureLib_0441;;0,00;202,50;C;;;
LC;Banque LC;;20250728;51200000;CompteLib_0021;;;25G54;20250728;EcritureLib_0441;;202,50;0,00;D;;;
LC;Banque LC;;20250728;47100000;CompteLib_0043;;;25G55;20250728;EcritureLib_0442;;0,00;71,00;C;;;
LC;Banque LC;;20250728;51200000;CompteLib_0021;;;25G55;20250728;EcritureLib_0442;;71,00;0,00;D;;;
LC;Banque LC;;20250728;47100000;CompteLib_0043;;;25G56;20250728;EcritureLib_0443;;0,00;42,50;C;;;
LC;Banque LC;;20250728;51200000;CompteLib_0021;;;25G56;20250728;EcritureLib_0443;;42,50;0,00;D;;;
LC;Banque LC;;20250728;47100000;CompteLib_0043;;;25G57;20250728;EcritureLib_0444;;0,00;24,00;C;;;
LC;Banque LC;;20250728;51200000;CompteLib_0021;;;25G57;20250728;EcritureLib_0444;;24,00;0,00;D;;;
LC;Banque LC;;20250728;40100000;CompteLib_0025;FLECEANOTHE;LE CEANOTHE;25G58;20250728;EcritureLib_0445;;259,63;0,00;D;;;
LC;Banque LC;;20250728;51200000;CompteLib_0021;;;25G58;20250728;EcritureLib_0445;;0,00;259,63;C;;;
LC;Banque LC;;20250728;40100000;CompteLib_0025;FLIVE;LIVE ADVICE;25G59;20250728;EcritureLib_0101;;90,00;0,00;D;;;
LC;Banque LC;;20250728;51200000;CompteLib_0021;;;25G59;20250728;EcritureLib_0101;;0,00;90,00;C;;;
LC;Banque LC;;20250728;47100000;CompteLib_0043;;;25G60;20250728;EcritureLib_0446;;57,50;0,00;D;;;
LC;Banque LC;;20250728;51200000;CompteLib_0021;;;25G60;20250728;EcritureLib_0446;;0,00;57,50;C;;;
LC;Banque LC;;20250728;62700000;CompteLib_0038;;;25G61;20250728;EcritureLib_0447;;20,00;0,00;D;;;
LC;Banque LC;;20250728;51200000;CompteLib_0021;;;25G61;20250728;EcritureLib_0447;;0,00;20,00;C;;;
LC;Banque LC;;20250728;62700000;CompteLib_0038;;;25G62;20250728;EcritureLib_0102;;12,20;0,00;D;;;
LC;Banque LC;;20250728;51200000;CompteLib_0021;;;25G62;20250728;EcritureLib_0102;;0,00;12,20;C;;;
LC;Banque LC;;20250728;62700000;CompteLib_0038;;;25G63;20250728;EcritureLib_0065;;0,69;0,00;D;;;
LC;Banque LC;;20250728;51200000;CompteLib_0021;;;25G63;20250728;EcritureLib_0065;;0,00;0,69;C;;;
LC;Banque LC;;20250728;62700000;CompteLib_0038;;;25G64;20250728;EcritureLib_0065;;0,25;0,00;D;;;
LC;Banque LC;;20250728;51200000;CompteLib_0021;;;25G64;20250728;EcritureLib_0065;;0,00;0,25;C;;;
LC;Banque LC;;20250728;62700000;CompteLib_0038;;;25G65;20250728;EcritureLib_0065;;0,15;0,00;D;;;
LC;Banque LC;;20250728;51200000;CompteLib_0021;;;25G65;20250728;EcritureLib_0065;;0,00;0,15;C;;;
LC;Banque LC;;20250728;62700000;CompteLib_0038;;;25G66;20250728;EcritureLib_0065;;0,07;0,00;D;;;
LC;Banque LC;;20250728;51200000;CompteLib_0021;;;25G66;20250728;EcritureLib_0065;;0,00;0,07;C;;;
LC;Banque LC;;20250729;40100000;CompteLib_0025;FLECEANOTHE;LE CEANOTHE;25G67;20250729;EcritureLib_0448;;960,00;0,00;D;;;
LC;Banque LC;;20250729;51200000;CompteLib_0021;;;25G67;20250729;EcritureLib_0448;;0,00;960,00;C;;;
LC;Banque LC;;20250730;47100000;CompteLib_0043;;;25G68;20250730;EcritureLib_0449;;91,16;0,00;D;;;
LC;Banque LC;;20250730;51200000;CompteLib_0021;;;25G68;20250730;EcritureLib_0449;;0,00;91,16;C;;;
LC;Banque LC;;20250730;62700000;CompteLib_0038;;;25G69;20250730;EcritureLib_0110;;0,00;0,87;C;;;
LC;Banque LC;;20250730;51200000;CompteLib_0021;;;25G69;20250730;EcritureLib_0110;;0,87;0,00;D;;;
LC;Banque LC;;20250730;62700000;CompteLib_0038;;;25G70;20250730;EcritureLib_0111;;19,43;0,00;D;;;
LC;Banque LC;;20250730;51200000;CompteLib_0021;;;25G70;20250730;EcritureLib_0111;;0,00;19,43;C;;;
LC;Banque LC;;20250731;47100000;CompteLib_0043;;;25G72;20250731;EcritureLib_0450;;0,00;52,00;C;;;
LC;Banque LC;;20250731;51200000;CompteLib_0021;;;25G72;20250731;EcritureLib_0450;;52,00;0,00;D;;;
LC;Banque LC;;20250731;62700000;CompteLib_0038;;;25G73;20250731;EcritureLib_0065;;0,16;0,00;D;;;
LC;Banque LC;;20250731;51200000;CompteLib_0021;;;25G73;20250731;EcritureLib_0065;;0,00;0,16;C;;;
LC;Banque LC;;20250801;47100000;CompteLib_0043;;;25H1;20250801;EcritureLib_0451;;0,00;527,50;C;;;
LC;Banque LC;;20250801;51200000;CompteLib_0021;;;25H1;20250801;EcritureLib_0451;;527,50;0,00;D;;;
LC;Banque LC;;20250801;47100000;CompteLib_0043;;;25H2;20250801;EcritureLib_0452;;0,00;448,38;C;;;
LC;Banque LC;;20250801;51200000;CompteLib_0021;;;25H2;20250801;EcritureLib_0452;;448,38;0,00;D;;;
LC;Banque LC;;20250801;47100000;CompteLib_0043;;;25H3;20250801;EcritureLib_0453;;57,50;0,00;D;;;
LC;Banque LC;;20250801;51200000;CompteLib_0021;;;25H3;20250801;EcritureLib_0453;;0,00;57,50;C;;;
LC;Banque LC;;20250801;62700000;CompteLib_0038;;;25H4;20250801;EcritureLib_0122;;5,25;0,00;D;;;
LC;Banque LC;;20250801;51200000;CompteLib_0021;;;25H4;20250801;EcritureLib_0122;;0,00;5,25;C;;;
LC;Banque LC;;20250804;47100000;CompteLib_0043;;;25H5;20250804;EcritureLib_0454;;0,00;55,00;C;;;
LC;Banque LC;;20250804;51200000;CompteLib_0021;;;25H5;20250804;EcritureLib_0454;;55,00;0,00;D;;;
LC;Banque LC;;20250804;51180000;CompteLib_0040;;;25H6;20250804;EcritureLib_0455;;0,00;4,00;C;;;
LC;Banque LC;;20250804;51200000;CompteLib_0021;;;25H6;20250804;EcritureLib_0455;;4,00;0,00;D;;;
LC;Banque LC;;20250804;47100000;CompteLib_0043;;;25H7;20250804;EcritureLib_0456;;119,99;0,00;D;;;
LC;Banque LC;;20250804;51200000;CompteLib_0021;;;25H7;20250804;EcritureLib_0456;;0,00;119,99;C;;;
LC;Banque LC;;20250804;47100000;CompteLib_0043;;;25H8;20250804;EcritureLib_0457;;61,44;0,00;D;;;
LC;Banque LC;;20250804;51200000;CompteLib_0021;;;25H8;20250804;EcritureLib_0457;;0,00;61,44;C;;;
LC;Banque LC;;20250804;62700000;CompteLib_0038;;;25H9;20250804;EcritureLib_0065;;0,19;0,00;D;;;
LC;Banque LC;;20250804;51200000;CompteLib_0021;;;25H9;20250804;EcritureLib_0065;;0,00;0,19;C;;;
LC;Banque LC;;20250804;62700000;CompteLib_0038;;;25H10;20250804;EcritureLib_0065;;0,01;0,00;D;;;
LC;Banque LC;;20250804;51200000;CompteLib_0021;;;25H10;20250804;EcritureLib_0065;;0,00;0,01;C;;;
LC;Banque LC;;20250805;40100000;CompteLib_0025;FAVEM;AVEM;25H11;20250805;EcritureLib_0132;;113,40;0,00;D;;;
LC;Banque LC;;20250805;51200000;CompteLib_0021;;;25H11;20250805;EcritureLib_0132;;0,00;113,40;C;;;
LC;Banque LC;;20250805;61600000;CompteLib_0039;;;25H12;20250805;EcritureLib_0062;;4,41;0,00;D;;;
LC;Banque LC;;20250805;51200000;CompteLib_0021;;;25H12;20250805;EcritureLib_0062;;0,00;4,41;C;;;
LC;Banque LC;;20250807;47100000;CompteLib_0043;;;25H13;20250807;EcritureLib_0127;;500,00;0,00;D;;;
LC;Banque LC;;20250807;51200000;CompteLib_0021;;;25H13;20250807;EcritureLib_0127;;0,00;500,00;C;;;
LC;Banque LC;;20250811;43100000;CompteLib_0009;;;25H14;20250811;EcritureLib_0082;;200,00;0,00;D;;;
LC;Banque LC;;20250811;51200000;CompteLib_0021;;;25H14;20250811;EcritureLib_0082;;0,00;200,00;C;;;
LC;Banque LC;;20250811;40100000;CompteLib_0025;FASIAFRICA;ASIAFRICA;25H15;20250811;EcritureLib_0458;;101,00;0,00;D;;;
LC;Banque LC;;20250811;51200000;CompteLib_0021;;;25H15;20250811;EcritureLib_0458;;0,00;101,00;C;;;
LC;Banque LC;;20250811;40100000;CompteLib_0025;PROMOCASH;PROMOCASH;25H16;20250811;EcritureLib_0459;;63,70;0,00;D;;;
LC;Banque LC;;20250811;51200000;CompteLib_0021;;;25H16;20250811;EcritureLib_0459;;0,00;63,70;C;;;
LC;Banque LC;;20250811;47100000;CompteLib_0043;;;25H17;20250811;EcritureLib_0460;;21,01;0,00;D;;;
LC;Banque LC;;20250811;51200000;CompteLib_0021;;;25H17;20250811;EcritureLib_0460;;0,00;21,01;C;;;
LC;Banque LC;;20250811;47100000;CompteLib_0043;;;25H18;20250811;EcritureLib_0461;;14,64;0,00;D;;;
LC;Banque LC;;20250811;51200000;CompteLib_0021;;;25H18;20250811;EcritureLib_0461;;0,00;14,64;C;;;
LC;Banque LC;;20250812;47100000;CompteLib_0043;;;25H19;20250812;EcritureLib_0094;;0,00;300,00;C;;;
LC;Banque LC;;20250812;51200000;CompteLib_0021;;;25H19;20250812;EcritureLib_0094;;300,00;0,00;D;;;
LC;Banque LC;;20250812;40100000;CompteLib_0025;FSTC;STC DIGIT;25H20;20250812;EcritureLib_0096;;253,20;0,00;D;;;
LC;Banque LC;;20250812;51200000;CompteLib_0021;;;25H20;20250812;EcritureLib_0096;;0,00;253,20;C;;;
LC;Banque LC;;20250818;47100000;CompteLib_0043;;;25H21;20250818;EcritureLib_0462;;0,00;572,00;C;;;
LC;Banque LC;;20250818;51200000;CompteLib_0021;;;25H21;20250818;EcritureLib_0462;;572,00;0,00;D;;;
LC;Banque LC;;20250818;47100000;CompteLib_0043;;;25H22;20250818;EcritureLib_0463;;0,00;177,00;C;;;
LC;Banque LC;;20250818;51200000;CompteLib_0021;;;25H22;20250818;EcritureLib_0463;;177,00;0,00;D;;;
LC;Banque LC;;20250818;47100000;CompteLib_0043;;;25H23;20250818;EcritureLib_0464;;0,00;171,00;C;;;
LC;Banque LC;;20250818;51200000;CompteLib_0021;;;25H23;20250818;EcritureLib_0464;;171,00;0,00;D;;;
LC;Banque LC;;20250818;47100000;CompteLib_0043;;;25H24;20250818;EcritureLib_0465;;0,00;127,00;C;;;
LC;Banque LC;;20250818;51200000;CompteLib_0021;;;25H24;20250818;EcritureLib_0465;;127,00;0,00;D;;;
LC;Banque LC;;20250818;47100000;CompteLib_0043;;;25H25;20250818;EcritureLib_0466;;0,00;43,00;C;;;
LC;Banque LC;;20250818;51200000;CompteLib_0021;;;25H25;20250818;EcritureLib_0466;;43,00;0,00;D;;;
LC;Banque LC;;20250818;61610000;CompteLib_0041;;;25H26;20250818;EcritureLib_0077;;374,68;0,00;D;;;
LC;Banque LC;;20250818;51200000;CompteLib_0021;;;25H26;20250818;EcritureLib_0077;;0,00;374,68;C;;;
LC;Banque LC;;20250818;62700000;CompteLib_0038;;;25H27;20250818;EcritureLib_0065;;1,91;0,00;D;;;
LC;Banque LC;;20250818;51200000;CompteLib_0021;;;25H27;20250818;EcritureLib_0065;;0,00;1,91;C;;;
LC;Banque LC;;20250818;62700000;CompteLib_0038;;;25H28;20250818;EcritureLib_0065;;0,86;0,00;D;;;
LC;Banque LC;;20250818;51200000;CompteLib_0021;;;25H28;20250818;EcritureLib_0065;;0,00;0,86;C;;;
LC;Banque LC;;20250818;62700000;CompteLib_0038;;;25H29;20250818;EcritureLib_0065;;0,57;0,00;D;;;
LC;Banque LC;;20250818;51200000;CompteLib_0021;;;25H29;20250818;EcritureLib_0065;;0,00;0,57;C;;;
LC;Banque LC;;20250818;62700000;CompteLib_0038;;;25H30;20250818;EcritureLib_0065;;0,44;0,00;D;;;
LC;Banque LC;;20250818;51200000;CompteLib_0021;;;25H30;20250818;EcritureLib_0065;;0,00;0,44;C;;;
LC;Banque LC;;20250818;62700000;CompteLib_0038;;;25H31;20250818;EcritureLib_0065;;0,14;0,00;D;;;
LC;Banque LC;;20250818;51200000;CompteLib_0021;;;25H31;20250818;EcritureLib_0065;;0,00;0,14;C;;;
LC;Banque LC;;20250819;47100000;CompteLib_0043;;;25H32;20250819;EcritureLib_0467;;0,00;147,00;C;;;
LC;Banque LC;;20250819;51200000;CompteLib_0021;;;25H32;20250819;EcritureLib_0467;;147,00;0,00;D;;;
LC;Banque LC;;20250819;47100000;CompteLib_0043;;;25H33;20250819;EcritureLib_0468;;0,00;26,00;C;;;
LC;Banque LC;;20250819;51200000;CompteLib_0021;;;25H33;20250819;EcritureLib_0468;;26,00;0,00;D;;;
LC;Banque LC;;20250819;47100000;CompteLib_0043;;;25H34;20250819;EcritureLib_0469;;60,54;0,00;D;;;
LC;Banque LC;;20250819;51200000;CompteLib_0021;;;25H34;20250819;EcritureLib_0469;;0,00;60,54;C;;;
LC;Banque LC;;20250819;16400000;CompteLib_0002;;;25H35;20250819;EcritureLib_0088;;930,93;0,00;D;;;
LC;Banque LC;;20250819;51200000;CompteLib_0021;;;25H35;20250819;EcritureLib_0088;;0,00;930,93;C;;;
LC;Banque LC;;20250819;62700000;CompteLib_0038;;;25H36;20250819;EcritureLib_0065;;0,50;0,00;D;;;
LC;Banque LC;;20250819;51200000;CompteLib_0021;;;25H36;20250819;EcritureLib_0065;;0,00;0,50;C;;;
LC;Banque LC;;20250819;62700000;CompteLib_0038;;;25H37;20250819;EcritureLib_0065;;0,09;0,00;D;;;
LC;Banque LC;;20250819;51200000;CompteLib_0021;;;25H37;20250819;EcritureLib_0065;;0,00;0,09;C;;;
LC;Banque LC;;20250820;40100000;CompteLib_0025;FPARISSTORE;PARIS STORE;25H38;20250820;EcritureLib_0470;;131,15;0,00;D;;;
LC;Banque LC;;20250820;51200000;CompteLib_0021;;;25H38;20250820;EcritureLib_0470;;0,00;131,15;C;;;
LC;Banque LC;;20250821;62700000;CompteLib_0038;;;25H39;20250821;EcritureLib_0471;;20,00;0,00;D;;;
LC;Banque LC;;20250821;51200000;CompteLib_0021;;;25H39;20250821;EcritureLib_0471;;0,00;20,00;C;;;
LC;Banque LC;;20250826;45500000;CompteLib_0048;;;25H40;20250826;EcritureLib_0094;;0,00;450,00;C;;;
LC;Banque LC;;20250826;51200000;CompteLib_0021;;;25H40;20250826;EcritureLib_0094;;450,00;0,00;D;;;
LC;Banque LC;;20250826;62700000;CompteLib_0038;;;25H41;20250826;EcritureLib_0102;;12,20;0,00;D;;;
LC;Banque LC;;20250826;51200000;CompteLib_0021;;;25H41;20250826;EcritureLib_0102;;0,00;12,20;C;;;
LC;Banque LC;;20250827;47100000;CompteLib_0043;;;25H42;20250827;EcritureLib_0472;;0,00;16,50;C;;;
LC;Banque LC;;20250827;51200000;CompteLib_0021;;;25H42;20250827;EcritureLib_0472;;16,50;0,00;D;;;
LC;Banque LC;;20250827;44551000;CompteLib_0047;;;25H43;20250827;EcritureLib_0401;;281,00;0,00;D;;C;20250924
LC;Banque LC;;20250827;51200000;CompteLib_0021;;;25H43;20250827;EcritureLib_0401;;0,00;281,00;C;;;
LC;Banque LC;;20250827;62700000;CompteLib_0038;;;25H44;20250827;EcritureLib_0473;;20,00;0,00;D;;;
LC;Banque LC;;20250827;51200000;CompteLib_0021;;;25H44;20250827;EcritureLib_0473;;0,00;20,00;C;;;
LC;Banque LC;;20250827;62700000;CompteLib_0038;;;25H45;20250827;EcritureLib_0065;;0,05;0,00;D;;;
LC;Banque LC;;20250827;51200000;CompteLib_0021;;;25H45;20250827;EcritureLib_0065;;0,00;0,05;C;;;
LC;Banque LC;;20250828;47100000;CompteLib_0043;;;25H46;20250828;EcritureLib_0474;;0,00;57,50;C;;;
LC;Banque LC;;20250828;51200000;CompteLib_0021;;;25H46;20250828;EcritureLib_0474;;57,50;0,00;D;;;
LC;Banque LC;;20250828;47100000;CompteLib_0043;;;25H47;20250828;EcritureLib_0094;;0,00;200,00;C;;;
LC;Banque LC;;20250828;51200000;CompteLib_0021;;;25H47;20250828;EcritureLib_0094;;200,00;0,00;D;;;
LC;Banque LC;;20250828;62700000;CompteLib_0038;;;25H48;20250828;EcritureLib_0110;;0,00;0,87;C;;;
LC;Banque LC;;20250828;51200000;CompteLib_0021;;;25H48;20250828;EcritureLib_0110;;0,87;0,00;D;;;
LC;Banque LC;;20250828;62700000;CompteLib_0038;;;25H49;20250828;EcritureLib_0111;;19,43;0,00;D;;;
LC;Banque LC;;20250828;51200000;CompteLib_0021;;;25H49;20250828;EcritureLib_0111;;0,00;19,43;C;;;
LC;Banque LC;;20250831;62700000;CompteLib_0038;;;25H50;20250831;EcritureLib_0475;;9,60;0,00;D;;;
LC;Banque LC;;20250831;51200000;CompteLib_0021;;;25H50;20250831;EcritureLib_0475;;0,00;9,60;C;;;
LC;Banque LC;;20250901;47100000;CompteLib_0043;;;25I1;20250901;EcritureLib_0476;;90,00;0,00;D;;;
LC;Banque LC;;20250901;51200000;CompteLib_0021;;;25I1;20250901;EcritureLib_0476;;0,00;90,00;C;;;
LC;Banque LC;;20250901;47100000;CompteLib_0043;;;25I2;20250901;EcritureLib_0453;;57,50;0,00;D;;;
LC;Banque LC;;20250901;51200000;CompteLib_0021;;;25I2;20250901;EcritureLib_0453;;0,00;57,50;C;;;
LC;Banque LC;;20250901;62700000;CompteLib_0038;;;25I3;20250901;EcritureLib_0122;;5,25;0,00;D;;;
LC;Banque LC;;20250901;51200000;CompteLib_0021;;;25I3;20250901;EcritureLib_0122;;0,00;5,25;C;;;
LC;Banque LC;;20250904;47100000;CompteLib_0043;;;25I4;20250904;EcritureLib_0477;;0,00;569,70;C;;;
LC;Banque LC;;20250904;51200000;CompteLib_0021;;;25I4;20250904;EcritureLib_0477;;569,70;0,00;D;;;
LC;Banque LC;;20250905;61350000;CompteLib_0032;;;25I5;20250905;EcritureLib_0090;;80,63;0,00;D;;;
LC;Banque LC;;20250905;44566000;CompteLib_0014;;;25I5;20250905;EcritureLib_0090;;16,13;0,00;D;;;
LC;Banque LC;;20250905;51200000;CompteLib_0021;;;25I5;20250905;EcritureLib_0090;;0,00;96,76;C;;;
LC;Banque LC;;20250905;61600000;CompteLib_0039;;;25I6;20250905;EcritureLib_0062;;4,41;0,00;D;;;
LC;Banque LC;;20250905;51200000;CompteLib_0021;;;25I6;20250905;EcritureLib_0062;;0,00;4,41;C;;;
LC;Banque LC;;20250908;40100000;CompteLib_0025;FMALECO;MALECO;25I7;20250908;EcritureLib_0478;;181,73;0,00;D;;;
LC;Banque LC;;20250908;51200000;CompteLib_0021;;;25I7;20250908;EcritureLib_0478;;0,00;181,73;C;;;
LC;Banque LC;;20250908;47100000;CompteLib_0043;;;25I8;20250908;EcritureLib_0479;;100,01;0,00;D;;;
LC;Banque LC;;20250908;51200000;CompteLib_0021;;;25I8;20250908;EcritureLib_0479;;0,00;100,01;C;;;
LC;Banque LC;;20250909;47100000;CompteLib_0043;;;25I9;20250909;EcritureLib_0094;;0,00;1000,00;C;;;
LC;Banque LC;;20250909;51200000;CompteLib_0021;;;25I9;20250909;EcritureLib_0094;;1000,00;0,00;D;;;
LC;Banque LC;;20250910;47100000;CompteLib_0043;;;25I10;20250910;EcritureLib_0480;;0,00;855,50;C;;;
LC;Banque LC;;20250910;51200000;CompteLib_0021;;;25I10;20250910;EcritureLib_0480;;855,50;0,00;D;;;
LC;Banque LC;;20250910;44551000;CompteLib_0047;;;25I11;20250910;EcritureLib_0481;;368,00;0,00;D;;;
LC;Banque LC;;20250910;51200000;CompteLib_0021;;;25I11;20250910;EcritureLib_0481;;0,00;368,00;C;;;
LC;Banque LC;;20250910;43100000;CompteLib_0009;;;25I12;20250910;EcritureLib_0082;;200,00;0,00;D;;;
LC;Banque LC;;20250910;51200000;CompteLib_0021;;;25I12;20250910;EcritureLib_0082;;0,00;200,00;C;;;
LC;Banque LC;;20250910;47100000;CompteLib_0043;;;25I13;20250910;EcritureLib_0482;;0,00;228,92;C;;;
LC;Banque LC;;20250910;51200000;CompteLib_0021;;;25I13;20250910;EcritureLib_0482;;228,92;0,00;D;;;
LC;Banque LC;;20250912;47100000;CompteLib_0043;;;25I14;20250912;EcritureLib_0483;;0,00;85,50;C;;;
LC;Banque LC;;20250912;51200000;CompteLib_0021;;;25I14;20250912;EcritureLib_0483;;85,50;0,00;D;;;
LC;Banque LC;;20250912;62700000;CompteLib_0038;;;25I15;20250912;EcritureLib_0065;;0,69;0,00;D;;;
LC;Banque LC;;20250912;51200000;CompteLib_0021;;;25I15;20250912;EcritureLib_0065;;0,00;0,69;C;;;
LC;Banque LC;;20250915;47100000;CompteLib_0043;;;25I16;20250915;EcritureLib_0484;;0,00;1541,88;C;;;
LC;Banque LC;;20250915;51200000;CompteLib_0021;;;25I16;20250915;EcritureLib_0484;;1541,88;0,00;D;;;
LC;Banque LC;;20250915;47100000;CompteLib_0043;;;25I17;20250915;EcritureLib_0485;;0,00;176,50;C;;;
LC;Banque LC;;20250915;51200000;CompteLib_0021;;;25I17;20250915;EcritureLib_0485;;176,50;0,00;D;;;
LC;Banque LC;;20250915;47100000;CompteLib_0043;;;25I18;20250915;EcritureLib_0486;;0,00;95,50;C;;;
LC;Banque LC;;20250915;51200000;CompteLib_0021;;;25I18;20250915;EcritureLib_0486;;95,50;0,00;D;;;
LC;Banque LC;;20250915;47100000;CompteLib_0043;;;25I19;20250915;EcritureLib_0487;;0,00;66,50;C;;;
LC;Banque LC;;20250915;51200000;CompteLib_0021;;;25I19;20250915;EcritureLib_0487;;66,50;0,00;D;;;
LC;Banque LC;;20250915;61610000;CompteLib_0041;;;25I20;20250915;EcritureLib_0077;;374,68;0,00;D;;;
LC;Banque LC;;20250915;51200000;CompteLib_0021;;;25I20;20250915;EcritureLib_0077;;0,00;374,68;C;;;
LC;Banque LC;;20250915;40100000;CompteLib_0025;FMETRO;METRO;25I21;20250915;EcritureLib_0488;;158,96;0,00;D;;;
LC;Banque LC;;20250915;51200000;CompteLib_0021;;;25I21;20250915;EcritureLib_0488;;0,00;158,96;C;;;
LC;Banque LC;;20250915;47100000;CompteLib_0043;;;25I22;20250915;EcritureLib_0489;;38,37;0,00;D;;;
LC;Banque LC;;20250915;51200000;CompteLib_0021;;;25I22;20250915;EcritureLib_0489;;0,00;38,37;C;;;
LC;Banque LC;;20250915;62700000;CompteLib_0038;;;25I23;20250915;EcritureLib_0065;;0,62;0,00;D;;;
LC;Banque LC;;20250915;51200000;CompteLib_0021;;;25I23;20250915;EcritureLib_0065;;0,00;0,62;C;;;
LC;Banque LC;;20250915;62700000;CompteLib_0038;;;25I24;20250915;EcritureLib_0065;;0,32;0,00;D;;;
LC;Banque LC;;20250915;51200000;CompteLib_0021;;;25I24;20250915;EcritureLib_0065;;0,00;0,32;C;;;
LC;Banque LC;;20250915;62700000;CompteLib_0038;;;25I25;20250915;EcritureLib_0065;;0,23;0,00;D;;;
LC;Banque LC;;20250915;51200000;CompteLib_0021;;;25I25;20250915;EcritureLib_0065;;0,00;0,23;C;;;
LC;Banque LC;;20250916;47100000;CompteLib_0043;;;25I26;20250916;EcritureLib_0490;;0,00;1499,30;C;;;
LC;Banque LC;;20250916;51200000;CompteLib_0021;;;25I26;20250916;EcritureLib_0490;;1499,30;0,00;D;;;
LC;Banque LC;;20250916;47100000;CompteLib_0043;;;25I27;20250916;EcritureLib_0491;;0,00;240,60;C;;;
LC;Banque LC;;20250916;51200000;CompteLib_0021;;;25I27;20250916;EcritureLib_0491;;240,60;0,00;D;;;
LC;Banque LC;;20250916;61350000;CompteLib_0032;;;25I28;20250916;EcritureLib_0090;;25,00;0,00;D;;;
LC;Banque LC;;20250916;44566000;CompteLib_0014;;;25I28;20250916;EcritureLib_0090;;5,00;0,00;D;;;
LC;Banque LC;;20250916;51200000;CompteLib_0021;;;25I28;20250916;EcritureLib_0090;;0,00;30,00;C;;;
LC;Banque LC;;20250916;40100000;CompteLib_0025;PROMOCASH;PROMOCASH;25I29;20250916;EcritureLib_0492;;16,42;0,00;D;;;
LC;Banque LC;;20250916;51200000;CompteLib_0021;;;25I29;20250916;EcritureLib_0492;;0,00;16,42;C;;;
LC;Banque LC;;20250917;47100000;CompteLib_0043;;;25I30;20250917;EcritureLib_0493;;348,46;0,00;D;;;
LC;Banque LC;;20250917;51200000;CompteLib_0021;;;25I30;20250917;EcritureLib_0493;;0,00;348,46;C;;;
LC;Banque LC;;20250917;61350000;CompteLib_0032;;;25I31;20250917;EcritureLib_0090;;50,00;0,00;D;;;
LC;Banque LC;;20250917;44566000;CompteLib_0014;;;25I31;20250917;EcritureLib_0090;;10,00;0,00;D;;;
LC;Banque LC;;20250917;51200000;CompteLib_0021;;;25I31;20250917;EcritureLib_0090;;0,00;60,00;C;;;
LC;Banque LC;;20250917;40100000;CompteLib_0025;FCARBU;CARBURANT;25I32;20250917;EcritureLib_0494;;27,57;0,00;D;;;
LC;Banque LC;;20250917;51200000;CompteLib_0021;;;25I32;20250917;EcritureLib_0494;;0,00;27,57;C;;;
LC;Banque LC;;20250917;40100000;CompteLib_0025;FRESTAU;RESTAURANT;25I33;20250917;EcritureLib_0495;;12,15;0,00;D;;;
LC;Banque LC;;20250917;51200000;CompteLib_0021;;;25I33;20250917;EcritureLib_0495;;0,00;12,15;C;;;
LC;Banque LC;;20250918;47100000;CompteLib_0043;;;25I34;20250918;EcritureLib_0496;;0,00;63,00;C;;;
LC;Banque LC;;20250918;51200000;CompteLib_0021;;;25I34;20250918;EcritureLib_0496;;63,00;0,00;D;;;
LC;Banque LC;;20250918;40100000;CompteLib_0025;PROMOCASH;PROMOCASH;25I35;20250918;EcritureLib_0497;;96,21;0,00;D;;;
LC;Banque LC;;20250918;51200000;CompteLib_0021;;;25I35;20250918;EcritureLib_0497;;0,00;96,21;C;;;
LC;Banque LC;;20250918;40100000;CompteLib_0025;FPEAGE;PEAGE;25I36;20250918;EcritureLib_0498;;18,90;0,00;D;;;
LC;Banque LC;;20250918;51200000;CompteLib_0021;;;25I36;20250918;EcritureLib_0498;;0,00;18,90;C;;;
LC;Banque LC;;20250918;40100000;CompteLib_0025;FPEAGE;PEAGE;25I37;20250918;EcritureLib_0498;;18,90;0,00;D;;;
LC;Banque LC;;20250918;51200000;CompteLib_0021;;;25I37;20250918;EcritureLib_0498;;0,00;18,90;C;;;
LC;Banque LC;;20250918;62700000;CompteLib_0038;;;25I38;20250918;EcritureLib_0065;;0,22;0,00;D;;;
LC;Banque LC;;20250918;51200000;CompteLib_0021;;;25I38;20250918;EcritureLib_0065;;0,00;0,22;C;;;
LC;Banque LC;;20250919;47100000;CompteLib_0043;;;25I39;20250919;EcritureLib_0499;;0,00;74,50;C;;;
LC;Banque LC;;20250919;51200000;CompteLib_0021;;;25I39;20250919;EcritureLib_0499;;74,50;0,00;D;;;
LC;Banque LC;;20250919;16400000;CompteLib_0002;;;25I40;20250919;EcritureLib_0088;;930,93;0,00;D;;;
LC;Banque LC;;20250919;51200000;CompteLib_0021;;;25I40;20250919;EcritureLib_0088;;0,00;930,93;C;;;
LC;Banque LC;;20250919;40100000;CompteLib_0025;PROMOCASH;PROMOCASH;25I41;20250919;EcritureLib_0500;;197,50;0,00;D;;;
LC;Banque LC;;20250919;51200000;CompteLib_0021;;;25I41;20250919;EcritureLib_0500;;0,00;197,50;C;;;
LC;Banque LC;;20250919;47100000;CompteLib_0043;;;25I42;20250919;EcritureLib_0501;;26,68;0,00;D;;;
LC;Banque LC;;20250919;51200000;CompteLib_0021;;;25I42;20250919;EcritureLib_0501;;0,00;26,68;C;;;
LC;Banque LC;;20250919;40100000;CompteLib_0025;PROMOCASH;PROMOCASH;25I43;20250919;EcritureLib_0500;;21,92;0,00;D;;;
LC;Banque LC;;20250919;51200000;CompteLib_0021;;;25I43;20250919;EcritureLib_0500;;0,00;21,92;C;;;
LC;Banque LC;;20250919;62700000;CompteLib_0038;;;25I44;20250919;EcritureLib_0065;;0,26;0,00;D;;;
LC;Banque LC;;20250919;51200000;CompteLib_0021;;;25I44;20250919;EcritureLib_0065;;0,00;0,26;C;;;
LC;Banque LC;;20250922;47100000;CompteLib_0043;;;25I45;20250922;EcritureLib_0502;;0,00;1615,97;C;;;
LC;Banque LC;;20250922;51200000;CompteLib_0021;;;25I45;20250922;EcritureLib_0502;;1615,97;0,00;D;;;
LC;Banque LC;;20250922;47100000;CompteLib_0043;;;25I46;20250922;EcritureLib_0503;;0,00;261,00;C;;;
LC;Banque LC;;20250922;51200000;CompteLib_0021;;;25I46;20250922;EcritureLib_0503;;261,00;0,00;D;;;
LC;Banque LC;;20250922;47100000;CompteLib_0043;;;25I47;20250922;EcritureLib_0504;;0,00;100,00;C;;;
LC;Banque LC;;20250922;51200000;CompteLib_0021;;;25I47;20250922;EcritureLib_0504;;100,00;0,00;D;;;
LC;Banque LC;;20250922;47100000;CompteLib_0043;;;25I48;20250922;EcritureLib_0505;;0,00;61,00;C;;;
LC;Banque LC;;20250922;51200000;CompteLib_0021;;;25I48;20250922;EcritureLib_0505;;61,00;0,00;D;;;
LC;Banque LC;;20250922;40100000;CompteLib_0025;FSTC;STC DIGIT;25I49;20250922;EcritureLib_0096;;253,20;0,00;D;;;
LC;Banque LC;;20250922;51200000;CompteLib_0021;;;25I49;20250922;EcritureLib_0096;;0,00;253,20;C;;;
LC;Banque LC;;20250922;61350000;CompteLib_0032;;;25I50;20250922;EcritureLib_0090;;80,63;0,00;D;;;
LC;Banque LC;;20250922;44566000;CompteLib_0014;;;25I50;20250922;EcritureLib_0090;;16,13;0,00;D;;;
LC;Banque LC;;20250922;51200000;CompteLib_0021;;;25I50;20250922;EcritureLib_0090;;0,00;96,76;C;;;
LC;Banque LC;;20250922;40100000;CompteLib_0025;FGRAND;GRAND FRAIS;25I51;20250922;EcritureLib_0506;;66,06;0,00;D;;;
LC;Banque LC;;20250922;51200000;CompteLib_0021;;;25I51;20250922;EcritureLib_0506;;0,00;66,06;C;;;
LC;Banque LC;;20250922;40100000;CompteLib_0025;FCARBU;CARBURANT;25I52;20250922;EcritureLib_0507;;46,54;0,00;D;;;
LC;Banque LC;;20250922;51200000;CompteLib_0021;;;25I52;20250922;EcritureLib_0507;;0,00;46,54;C;;;
LC;Banque LC;;20250922;40100000;CompteLib_0025;FGRAND;GRAND FRAIS;25I53;20250922;EcritureLib_0506;;35,91;0,00;D;;;
LC;Banque LC;;20250922;51200000;CompteLib_0021;;;25I53;20250922;EcritureLib_0506;;0,00;35,91;C;;;
LC;Banque LC;;20250922;62700000;CompteLib_0038;;;25I54;20250922;EcritureLib_0065;;0,86;0,00;D;;;
LC;Banque LC;;20250922;51200000;CompteLib_0021;;;25I54;20250922;EcritureLib_0065;;0,00;0,86;C;;;
LC;Banque LC;;20250922;62700000;CompteLib_0038;;;25I55;20250922;EcritureLib_0065;;0,34;0,00;D;;;
LC;Banque LC;;20250922;51200000;CompteLib_0021;;;25I55;20250922;EcritureLib_0065;;0,00;0,34;C;;;
LC;Banque LC;;20250922;62700000;CompteLib_0038;;;25I56;20250922;EcritureLib_0065;;0,20;0,00;D;;;
LC;Banque LC;;20250922;51200000;CompteLib_0021;;;25I56;20250922;EcritureLib_0065;;0,00;0,20;C;;;
LC;Banque LC;;20250923;47100000;CompteLib_0043;;;25I57;20250923;EcritureLib_0508;;0,00;57,50;C;;;
LC;Banque LC;;20250923;51200000;CompteLib_0021;;;25I57;20250923;EcritureLib_0508;;57,50;0,00;D;;;
LC;Banque LC;;20250923;40100000;CompteLib_0025;FANGLEDROIT;ANGLE DROIT;25I58;20250923;EcritureLib_0509;;727,90;0,00;D;;;
LC;Banque LC;;20250923;51200000;CompteLib_0021;;;25I58;20250923;EcritureLib_0509;;0,00;727,90;C;;;
LC;Banque LC;;20250923;47100000;CompteLib_0043;;;25I59;20250923;EcritureLib_0510;;118,30;0,00;D;;;
LC;Banque LC;;20250923;51200000;CompteLib_0021;;;25I59;20250923;EcritureLib_0510;;0,00;118,30;C;;;
LC;Banque LC;;20250924;47100000;CompteLib_0043;;;25I60;20250924;EcritureLib_0511;;0,00;104,00;C;;;
LC;Banque LC;;20250924;51200000;CompteLib_0021;;;25I60;20250924;EcritureLib_0511;;104,00;0,00;D;;;
LC;Banque LC;;20250924;40100000;CompteLib_0025;PROMOCASH;PROMOCASH;25I61;20250924;EcritureLib_0512;;33,81;0,00;D;;;
LC;Banque LC;;20250924;51200000;CompteLib_0021;;;25I61;20250924;EcritureLib_0512;;0,00;33,81;C;;;
LC;Banque LC;;20250924;62700000;CompteLib_0038;;;25I62;20250924;EcritureLib_0065;;0,33;0,00;D;;;
LC;Banque LC;;20250924;51200000;CompteLib_0021;;;25I62;20250924;EcritureLib_0065;;0,00;0,33;C;;;
LC;Banque LC;;20250925;47100000;CompteLib_0043;;;25I63;20250925;EcritureLib_0513;;681,35;0,00;D;;;
LC;Banque LC;;20250925;51200000;CompteLib_0021;;;25I63;20250925;EcritureLib_0513;;0,00;681,35;C;;;
LC;Banque LC;;20250925;40100000;CompteLib_0025;FSTC;STC DIGIT;25I64;20250925;EcritureLib_0096;;263,40;0,00;D;;;
LC;Banque LC;;20250925;51200000;CompteLib_0021;;;25I64;20250925;EcritureLib_0096;;0,00;263,40;C;;;
LC;Banque LC;;20250925;40100000;CompteLib_0025;FSTC;STC DIGIT;25I65;20250925;EcritureLib_0096;;114,83;0,00;D;;;
LC;Banque LC;;20250925;51200000;CompteLib_0021;;;25I65;20250925;EcritureLib_0096;;0,00;114,83;C;;;
LC;Banque LC;;20250925;40100000;CompteLib_0025;FLIVE;LIVE ADVICE;25I66;20250925;EcritureLib_0101;;90,00;0,00;D;;;
LC;Banque LC;;20250925;51200000;CompteLib_0021;;;25I66;20250925;EcritureLib_0101;;0,00;90,00;C;;;
LC;Banque LC;;20250925;62700000;CompteLib_0038;;;25I67;20250925;EcritureLib_0514;;68,14;0,00;D;;;
LC;Banque LC;;20250925;51200000;CompteLib_0021;;;25I67;20250925;EcritureLib_0514;;0,00;68,14;C;;;
LC;Banque LC;;20250925;40100000;CompteLib_0025;PROMOCASH;PROMOCASH;25I68;20250925;EcritureLib_0515;;32,11;0,00;D;;;
LC;Banque LC;;20250925;51200000;CompteLib_0021;;;25I68;20250925;EcritureLib_0515;;0,00;32,11;C;;;
LC;Banque LC;;20250925;47100000;CompteLib_0043;;;25I69;20250925;EcritureLib_0516;;25,49;0,00;D;;;
LC;Banque LC;;20250925;51200000;CompteLib_0021;;;25I69;20250925;EcritureLib_0516;;0,00;25,49;C;;;
LC;Banque LC;;20250925;62700000;CompteLib_0038;;;25I70;20250925;EcritureLib_0102;;12,20;0,00;D;;;
LC;Banque LC;;20250925;51200000;CompteLib_0021;;;25I70;20250925;EcritureLib_0102;;0,00;12,20;C;;;
LC;Banque LC;;20250926;47100000;CompteLib_0043;;;25I71;20250926;EcritureLib_0517;;0,00;178,50;C;;;
LC;Banque LC;;20250926;51200000;CompteLib_0021;;;25I71;20250926;EcritureLib_0517;;178,50;0,00;D;;;
LC;Banque LC;;20250926;47100000;CompteLib_0043;;;25I72;20250926;EcritureLib_0518;;0,00;75,00;C;;;
LC;Banque LC;;20250926;51200000;CompteLib_0021;;;25I72;20250926;EcritureLib_0518;;75,00;0,00;D;;;
LC;Banque LC;;20250926;47100000;CompteLib_0043;;;25I73;20250926;EcritureLib_0519;;0,00;26,00;C;;;
LC;Banque LC;;20250926;51200000;CompteLib_0021;;;25I73;20250926;EcritureLib_0519;;26,00;0,00;D;;;
LC;Banque LC;;20250926;40100000;CompteLib_0025;FENTERPRISE;ENTERPRISE;25I74;20250926;EcritureLib_0520;;402,69;0,00;D;;;
LC;Banque LC;;20250926;51200000;CompteLib_0021;;;25I74;20250926;EcritureLib_0520;;0,00;402,69;C;;;
LC;Banque LC;;20250926;44551000;CompteLib_0047;;;25I75;20250926;EcritureLib_0401;;291,00;0,00;D;;;
LC;Banque LC;;20250926;51200000;CompteLib_0021;;;25I75;20250926;EcritureLib_0401;;0,00;291,00;C;;;
LC;Banque LC;;20250926;47100000;CompteLib_0043;;;25I76;20250926;EcritureLib_0521;;101,16;0,00;D;;;
LC;Banque LC;;20250926;51200000;CompteLib_0021;;;25I76;20250926;EcritureLib_0521;;0,00;101,16;C;;;
LC;Banque LC;;20250926;40100000;CompteLib_0025;PROMOCASH;PROMOCASH;25I77;20250926;EcritureLib_0522;;78,88;0,00;D;;;
LC;Banque LC;;20250926;51200000;CompteLib_0021;;;25I77;20250926;EcritureLib_0522;;0,00;78,88;C;;;
LC;Banque LC;;20250926;62700000;CompteLib_0038;;;25I78;20250926;EcritureLib_0065;;0,79;0,00;D;;;
LC;Banque LC;;20250926;51200000;CompteLib_0021;;;25I78;20250926;EcritureLib_0065;;0,00;0,79;C;;;
LC;Banque LC;;20250926;62700000;CompteLib_0038;;;25I79;20250926;EcritureLib_0065;;0,26;0,00;D;;;
LC;Banque LC;;20250926;51200000;CompteLib_0021;;;25I79;20250926;EcritureLib_0065;;0,00;0,26;C;;;
LC;Banque LC;;20250926;62700000;CompteLib_0038;;;25I80;20250926;EcritureLib_0065;;0,08;0,00;D;;;
LC;Banque LC;;20250926;51200000;CompteLib_0021;;;25I80;20250926;EcritureLib_0065;;0,00;0,08;C;;;
LC;Banque LC;;20250929;47100000;CompteLib_0043;;;25I81;20250929;EcritureLib_0523;;0,00;495,00;C;;;
LC;Banque LC;;20250929;51200000;CompteLib_0021;;;25I81;20250929;EcritureLib_0523;;495,00;0,00;D;;;
LC;Banque LC;;20250929;47100000;CompteLib_0043;;;25I82;20250929;EcritureLib_0524;;0,00;254,00;C;;;
LC;Banque LC;;20250929;51200000;CompteLib_0021;;;25I82;20250929;EcritureLib_0524;;254,00;0,00;D;;;
LC;Banque LC;;20250929;47100000;CompteLib_0043;;;25I83;20250929;EcritureLib_0525;;0,00;208,50;C;;;
LC;Banque LC;;20250929;51200000;CompteLib_0021;;;25I83;20250929;EcritureLib_0525;;208,50;0,00;D;;;
LC;Banque LC;;20250929;47100000;CompteLib_0043;;;25I84;20250929;EcritureLib_0526;;0,00;171,50;C;;;
LC;Banque LC;;20250929;51200000;CompteLib_0021;;;25I84;20250929;EcritureLib_0526;;171,50;0,00;D;;;
LC;Banque LC;;20250929;40100000;CompteLib_0025;PROMOCASH;PROMOCASH;25I85;20250929;EcritureLib_0527;;155,24;0,00;D;;;
LC;Banque LC;;20250929;51200000;CompteLib_0021;;;25I85;20250929;EcritureLib_0527;;0,00;155,24;C;;;
LC;Banque LC;;20250929;62700000;CompteLib_0038;;;25I86;20250929;EcritureLib_0065;;1,66;0,00;D;;;
LC;Banque LC;;20250929;51200000;CompteLib_0021;;;25I86;20250929;EcritureLib_0065;;0,00;1,66;C;;;
LC;Banque LC;;20250929;62700000;CompteLib_0038;;;25I87;20250929;EcritureLib_0065;;1,64;0,00;D;;;
LC;Banque LC;;20250929;51200000;CompteLib_0021;;;25I87;20250929;EcritureLib_0065;;0,00;1,64;C;;;
LC;Banque LC;;20250929;62700000;CompteLib_0038;;;25I88;20250929;EcritureLib_0065;;0,89;0,00;D;;;
LC;Banque LC;;20250929;51200000;CompteLib_0021;;;25I88;20250929;EcritureLib_0065;;0,00;0,89;C;;;
LC;Banque LC;;20250929;62700000;CompteLib_0038;;;25I89;20250929;EcritureLib_0065;;0,71;0,00;D;;;
LC;Banque LC;;20250929;51200000;CompteLib_0021;;;25I89;20250929;EcritureLib_0065;;0,00;0,71;C;;;
LC;Banque LC;;20250929;62700000;CompteLib_0038;;;25I90;20250929;EcritureLib_0110;;0,00;24,16;C;;;
LC;Banque LC;;20250929;51200000;CompteLib_0021;;;25I90;20250929;EcritureLib_0110;;24,16;0,00;D;;;
LC;Banque LC;;20250929;62700000;CompteLib_0038;;;25I91;20250929;EcritureLib_0110;;0,00;0,87;C;;;
LC;Banque LC;;20250929;51200000;CompteLib_0021;;;25I91;20250929;EcritureLib_0110;;0,87;0,00;D;;;
LC;Banque LC;;20250929;42100000;CompteLib_0007;;;25I92;20250929;EcritureLib_0127;;1700,00;0,00;D;;;
LC;Banque LC;;20250929;51200000;CompteLib_0021;;;25I92;20250929;EcritureLib_0127;;0,00;1700,00;C;;;
LC;Banque LC;;20250929;62700000;CompteLib_0038;;;25I93;20250929;EcritureLib_0111;;19,43;0,00;D;;;
LC;Banque LC;;20250929;51200000;CompteLib_0021;;;25I93;20250929;EcritureLib_0111;;0,00;19,43;C;;;
LC;Banque LC;;20250930;42100000;CompteLib_0007;;;25I94;20250930;EcritureLib_0127;;200,00;0,00;D;;;
LC;Banque LC;;20250930;51200000;CompteLib_0021;;;25I94;20250930;EcritureLib_0127;;0,00;200,00;C;;;
LC;Banque LC;;20251001;40100000;CompteLib_0025;PROMOCASH;PROMOCASH;25J1;20251001;EcritureLib_0528;;86,90;0,00;D;;;
LC;Banque LC;;20251001;51200000;CompteLib_0021;;;25J1;20251001;EcritureLib_0528;;0,00;86,90;C;;;
LC;Banque LC;;20251001;62700000;CompteLib_0038;;;25J2;20251001;EcritureLib_0529;;33,28;0,00;D;;;
LC;Banque LC;;20251001;51200000;CompteLib_0021;;;25J2;20251001;EcritureLib_0529;;0,00;33,28;C;;;
LC;Banque LC;;20251001;62700000;CompteLib_0038;;;25J3;20251001;EcritureLib_0122;;5,25;0,00;D;;;
LC;Banque LC;;20251001;51200000;CompteLib_0021;;;25J3;20251001;EcritureLib_0122;;0,00;5,25;C;;;
LC;Banque LC;;20251003;47100000;CompteLib_0043;;;25J4;20251003;EcritureLib_0127;;300,00;0,00;D;;;
LC;Banque LC;;20251003;51200000;CompteLib_0021;;;25J4;20251003;EcritureLib_0127;;0,00;300,00;C;;;
LC;Banque LC;;20251006;47100000;CompteLib_0043;;;25J5;20251006;EcritureLib_0530;;0,00;62,00;C;;;
LC;Banque LC;;20251006;51200000;CompteLib_0021;;;25J5;20251006;EcritureLib_0530;;62,00;0,00;D;;;
LC;Banque LC;;20251006;40100000;CompteLib_0025;FCARBU;CARBURANT;25J6;20251006;EcritureLib_0531;;50,01;0,00;D;;;
LC;Banque LC;;20251006;51200000;CompteLib_0021;;;25J6;20251006;EcritureLib_0531;;0,00;50,01;C;;;
LC;Banque LC;;20251006;61600000;CompteLib_0039;;;25J7;20251006;EcritureLib_0062;;4,41;0,00;D;;;
LC;Banque LC;;20251006;51200000;CompteLib_0021;;;25J7;20251006;EcritureLib_0062;;0,00;4,41;C;;;
LC;Banque LC;;20251006;62700000;CompteLib_0038;;;25J8;20251006;EcritureLib_0065;;0,19;0,00;D;;;
LC;Banque LC;;20251006;51200000;CompteLib_0021;;;25J8;20251006;EcritureLib_0065;;0,00;0,19;C;;;
LC;Banque LC;;20251007;40100000;CompteLib_0025;PROMOCASH;PROMOCASH;25J9;20251007;EcritureLib_0532;;91,77;0,00;D;;;
LC;Banque LC;;20251007;51200000;CompteLib_0021;;;25J9;20251007;EcritureLib_0532;;0,00;91,77;C;;;
LC;Banque LC;;20251009;47100000;CompteLib_0043;;;25J10;20251009;EcritureLib_0533;;0,00;36,50;C;;;
LC;Banque LC;;20251009;51200000;CompteLib_0021;;;25J10;20251009;EcritureLib_0533;;36,50;0,00;D;;;
LC;Banque LC;;20251009;62700000;CompteLib_0038;;;25J11;20251009;EcritureLib_0065;;0,13;0,00;D;;;
LC;Banque LC;;20251009;51200000;CompteLib_0021;;;25J11;20251009;EcritureLib_0065;;0,00;0,13;C;;;
LC;Banque LC;;20251010;43100000;CompteLib_0009;;;25J12;20251010;EcritureLib_0082;;200,00;0,00;D;;;
LC;Banque LC;;20251010;51200000;CompteLib_0021;;;25J12;20251010;EcritureLib_0082;;0,00;200,00;C;;;
LC;Banque LC;;20251010;40100000;CompteLib_0025;PROMOCASH;PROMOCASH;25J13;20251010;EcritureLib_0534;;71,66;0,00;D;;;
LC;Banque LC;;20251010;51200000;CompteLib_0021;;;25J13;20251010;EcritureLib_0534;;0,00;71,66;C;;;
LC;Banque LC;;20251010;40100000;CompteLib_0025;PROMOCASH;PROMOCASH;25J14;20251010;EcritureLib_0534;;39,11;0,00;D;;;
LC;Banque LC;;20251010;51200000;CompteLib_0021;;;25J14;20251010;EcritureLib_0534;;0,00;39,11;C;;;
LC;Banque LC;;20251013;47100000;CompteLib_0043;;;25J15;20251013;EcritureLib_0535;;0,00;35,00;C;;;
LC;Banque LC;;20251013;51200000;CompteLib_0021;;;25J15;20251013;EcritureLib_0535;;35,00;0,00;D;;;
LC;Banque LC;;20251013;47100000;CompteLib_0043;;;25J16;20251013;EcritureLib_0536;;131,61;0,00;D;;;
LC;Banque LC;;20251013;51200000;CompteLib_0021;;;25J16;20251013;EcritureLib_0536;;0,00;131,61;C;;;
LC;Banque LC;;20251013;62700000;CompteLib_0038;;;25J17;20251013;EcritureLib_0065;;0,12;0,00;D;;;
LC;Banque LC;;20251013;51200000;CompteLib_0021;;;25J17;20251013;EcritureLib_0065;;0,00;0,12;C;;;
LC;Banque LC;;20251014;40100000;CompteLib_0025;FSTC;STC DIGIT;25J18;20251014;EcritureLib_0096;;253,20;0,00;D;;;
LC;Banque LC;;20251014;51200000;CompteLib_0021;;;25J18;20251014;EcritureLib_0096;;0,00;253,20;C;;;
LC;Banque LC;;20251015;47100000;CompteLib_0043;;;25J19;20251015;EcritureLib_0537;;0,00;58,00;C;;;
LC;Banque LC;;20251015;51200000;CompteLib_0021;;;25J19;20251015;EcritureLib_0537;;58,00;0,00;D;;;
LC;Banque LC;;20251015;47100000;CompteLib_0043;;;25J20;20251015;EcritureLib_0538;;0,00;56,00;C;;;
LC;Banque LC;;20251015;51200000;CompteLib_0021;;;25J20;20251015;EcritureLib_0538;;56,00;0,00;D;;;
LC;Banque LC;;20251015;62700000;CompteLib_0038;;;25J21;20251015;EcritureLib_0065;;0,20;0,00;D;;;
LC;Banque LC;;20251015;51200000;CompteLib_0021;;;25J21;20251015;EcritureLib_0065;;0,00;0,20;C;;;
LC;Banque LC;;20251015;62700000;CompteLib_0038;;;25J22;20251015;EcritureLib_0065;;0,17;0,00;D;;;
LC;Banque LC;;20251015;51200000;CompteLib_0021;;;25J22;20251015;EcritureLib_0065;;0,00;0,17;C;;;
LC;Banque LC;;20251016;47100000;CompteLib_0043;;;25J23;20251016;EcritureLib_0539;;0,00;46,50;C;;;
LC;Banque LC;;20251016;51200000;CompteLib_0021;;;25J23;20251016;EcritureLib_0539;;46,50;0,00;D;;;
LC;Banque LC;;20251016;62700000;CompteLib_0038;;;25J24;20251016;EcritureLib_0065;;0,16;0,00;D;;;
LC;Banque LC;;20251016;51200000;CompteLib_0021;;;25J24;20251016;EcritureLib_0065;;0,00;0,16;C;;;
LC;Banque LC;;20251016;62700000;CompteLib_0038;;;25J25;20251016;EcritureLib_0540;;20,00;0,00;D;;;
LC;Banque LC;;20251016;51200000;CompteLib_0021;;;25J25;20251016;EcritureLib_0540;;0,00;20,00;C;;;
LC;Banque LC;;20251017;47100000;CompteLib_0043;;;25J26;20251017;EcritureLib_0541;;0,00;400,40;C;;;
LC;Banque LC;;20251017;51200000;CompteLib_0021;;;25J26;20251017;EcritureLib_0541;;400,40;0,00;D;;;
LC;Banque LC;;20251021;62700000;CompteLib_0038;;;25J27;20251021;EcritureLib_0471;;20,00;0,00;D;;;
LC;Banque LC;;20251021;51200000;CompteLib_0021;;;25J27;20251021;EcritureLib_0471;;0,00;20,00;C;;;
LC;Banque LC;;20251022;62700000;CompteLib_0038;;;25J28;20251022;EcritureLib_0542;;40,00;0,00;D;;;
LC;Banque LC;;20251022;51200000;CompteLib_0021;;;25J28;20251022;EcritureLib_0542;;0,00;40,00;C;;;
LC;Banque LC;;20251022;62700000;CompteLib_0038;;;25J29;20251022;EcritureLib_0543;;15,00;0,00;D;;;
LC;Banque LC;;20251022;51200000;CompteLib_0021;;;25J29;20251022;EcritureLib_0543;;0,00;15,00;C;;;
LC;Banque LC;;20251023;47100000;CompteLib_0043;;;25J30;20251023;EcritureLib_0544;;0,00;39,50;C;;;
LC;Banque LC;;20251023;51200000;CompteLib_0021;;;25J30;20251023;EcritureLib_0544;;39,50;0,00;D;;;
LC;Banque LC;;20251023;62700000;CompteLib_0038;;;25J31;20251023;EcritureLib_0065;;0,14;0,00;D;;;
LC;Banque LC;;20251023;51200000;CompteLib_0021;;;25J31;20251023;EcritureLib_0065;;0,00;0,14;C;;;
LC;Banque LC;;20251024;47100000;CompteLib_0043;;;25J32;20251024;EcritureLib_0545;;0,00;57,00;C;;;
LC;Banque LC;;20251024;51200000;CompteLib_0021;;;25J32;20251024;EcritureLib_0545;;57,00;0,00;D;;;
LC;Banque LC;;20251024;40100000;CompteLib_0025;FLIVE;LIVE ADVICE;25J33;20251024;EcritureLib_0101;;90,00;0,00;D;;;
LC;Banque LC;;20251024;51200000;CompteLib_0021;;;25J33;20251024;EcritureLib_0101;;0,00;90,00;C;;;
LC;Banque LC;;20251024;62700000;CompteLib_0038;;;25J34;20251024;EcritureLib_0065;;0,17;0,00;D;;;
LC;Banque LC;;20251024;51200000;CompteLib_0021;;;25J34;20251024;EcritureLib_0065;;0,00;0,17;C;;;
LC;Banque LC;;20251027;16400000;CompteLib_0002;;;25J35;20251027;EcritureLib_0546;;421,81;0,00;D;;;
LC;Banque LC;;20251027;51200000;CompteLib_0021;;;25J35;20251027;EcritureLib_0546;;0,00;421,81;C;;;
LC;Banque LC;;20251028;62700000;CompteLib_0038;;;25J36;20251028;EcritureLib_0102;;12,20;0,00;D;;;
LC;Banque LC;;20251028;51200000;CompteLib_0021;;;25J36;20251028;EcritureLib_0102;;0,00;12,20;C;;;
LC;Banque LC;;20251030;62700000;CompteLib_0038;;;25J37;20251030;EcritureLib_0110;;0,00;0,87;C;;;
LC;Banque LC;;20251030;51200000;CompteLib_0021;;;25J37;20251030;EcritureLib_0110;;0,87;0,00;D;;;
LC;Banque LC;;20251030;62700000;CompteLib_0038;;;25J38;20251030;EcritureLib_0111;;19,43;0,00;D;;;
LC;Banque LC;;20251030;51200000;CompteLib_0021;;;25J38;20251030;EcritureLib_0111;;0,00;19,43;C;;;
LC;Banque LC;;20251031;47100000;CompteLib_0043;;;25J39;20251031;EcritureLib_0547;;0,00;20,50;C;;;
LC;Banque LC;;20251031;51200000;CompteLib_0021;;;25J39;20251031;EcritureLib_0547;;20,50;0,00;D;;;
LC;Banque LC;;20251031;62700000;CompteLib_0038;;;25J40;20251031;EcritureLib_0065;;0,07;0,00;D;;;
LC;Banque LC;;20251031;51200000;CompteLib_0021;;;25J40;20251031;EcritureLib_0065;;0,00;0,07;C;;;
LC;Banque LC;;20251102;47100000;CompteLib_0043;;;25K1;20251102;EcritureLib_0548;;0,00;300,00;C;;;
LC;Banque LC;;20251102;51200000;CompteLib_0021;;;25K1;20251102;EcritureLib_0548;;300,00;0,00;D;;;
LC;Banque LC;;20251103;62700000;CompteLib_0038;;;25K2;20251103;EcritureLib_0122;;5,25;0,00;D;;;
LC;Banque LC;;20251103;51200000;CompteLib_0021;;;25K2;20251103;EcritureLib_0122;;0,00;5,25;C;;;
LC;Banque LC;;20251104;16400000;CompteLib_0002;;;25K3;20251104;EcritureLib_0546;;378,74;0,00;D;;;
LC;Banque LC;;20251104;51200000;CompteLib_0021;;;25K3;20251104;EcritureLib_0546;;0,00;378,74;C;;;
LC;Banque LC;;20251105;47100000;CompteLib_0043;;;25K4;20251105;EcritureLib_0549;;0,00;221,55;C;;;
LC;Banque LC;;20251105;51200000;CompteLib_0021;;;25K4;20251105;EcritureLib_0549;;221,55;0,00;D;;;
LC;Banque LC;;20251105;61600000;CompteLib_0039;;;25K5;20251105;EcritureLib_0062;;4,41;0,00;D;;;
LC;Banque LC;;20251105;51200000;CompteLib_0021;;;25K5;20251105;EcritureLib_0062;;0,00;4,41;C;;;
LC;Banque LC;;20251106;62700000;CompteLib_0038;;;25K6;20251106;EcritureLib_0471;;20,00;0,00;D;;;
LC;Banque LC;;20251106;51200000;CompteLib_0021;;;25K6;20251106;EcritureLib_0471;;0,00;20,00;C;;;
LC;Banque LC;;20251106;62700000;CompteLib_0038;;;25K7;20251106;EcritureLib_0550;;20,00;0,00;D;;;
LC;Banque LC;;20251106;51200000;CompteLib_0021;;;25K7;20251106;EcritureLib_0550;;0,00;20,00;C;;;
LC;Banque LC;;20251107;16400000;CompteLib_0002;;;25K8;20251107;EcritureLib_0546;;130,38;0,00;D;;;
LC;Banque LC;;20251107;51200000;CompteLib_0021;;;25K8;20251107;EcritureLib_0546;;0,00;130,38;C;;;
LC;Banque LC;;20251107;62700000;CompteLib_0038;;;25K9;20251107;EcritureLib_0551;;2,81;0,00;D;;;
LC;Banque LC;;20251107;51200000;CompteLib_0021;;;25K9;20251107;EcritureLib_0551;;0,00;2,81;C;;;
LC;Banque LC;;20251113;62700000;CompteLib_0038;;;25K10;20251113;EcritureLib_0552;;20,00;0,00;D;;;
LC;Banque LC;;20251113;51200000;CompteLib_0021;;;25K10;20251113;EcritureLib_0552;;0,00;20,00;C;;;
LC;Banque LC;;20251113;62700000;CompteLib_0038;;;25K11;20251113;EcritureLib_0553;;20,00;0,00;D;;;
LC;Banque LC;;20251113;51200000;CompteLib_0021;;;25K11;20251113;EcritureLib_0553;;0,00;20,00;C;;;
LC;Banque LC;;20251117;47100000;CompteLib_0043;;;25K12;20251117;EcritureLib_0554;;0,00;277,20;C;;;
LC;Banque LC;;20251117;51200000;CompteLib_0021;;;25K12;20251117;EcritureLib_0554;;277,20;0,00;D;;;
LC;Banque LC;;20251117;47100000;CompteLib_0043;;;25K13;20251117;EcritureLib_0555;;0,00;158,25;C;;;
LC;Banque LC;;20251117;51200000;CompteLib_0021;;;25K13;20251117;EcritureLib_0555;;158,25;0,00;D;;;
LC;Banque LC;;20251117;61350000;CompteLib_0032;;;25K14;20251117;EcritureLib_0090;;25,00;0,00;D;;;
LC;Banque LC;;20251117;44566000;CompteLib_0014;;;25K14;20251117;EcritureLib_0090;;5,00;0,00;D;;;
LC;Banque LC;;20251117;51200000;CompteLib_0021;;;25K14;20251117;EcritureLib_0090;;0,00;30,00;C;;;
LC;Banque LC;;20251117;62700000;CompteLib_0038;;;25K15;20251117;EcritureLib_0438;;20,00;0,00;D;;;
LC;Banque LC;;20251117;51200000;CompteLib_0021;;;25K15;20251117;EcritureLib_0438;;0,00;20,00;C;;;
LC;Banque LC;;20251118;47100000;CompteLib_0043;;;25K16;20251118;EcritureLib_0556;;0,00;340,00;C;;;
LC;Banque LC;;20251118;51200000;CompteLib_0021;;;25K16;20251118;EcritureLib_0556;;340,00;0,00;D;;;
LC;Banque LC;;20251118;61350000;CompteLib_0032;;;25K17;20251118;EcritureLib_0090;;50,00;0,00;D;;;
LC;Banque LC;;20251118;44566000;CompteLib_0014;;;25K17;20251118;EcritureLib_0090;;10,00;0,00;D;;;
LC;Banque LC;;20251118;51200000;CompteLib_0021;;;25K17;20251118;EcritureLib_0090;;0,00;60,00;C;;;
LC;Banque LC;;20251119;47100000;CompteLib_0043;;;25K18;20251119;EcritureLib_0094;;0,00;1600,00;C;;;
LC;Banque LC;;20251119;51200000;CompteLib_0021;;;25K18;20251119;EcritureLib_0094;;1600,00;0,00;D;;;
LC;Banque LC;;20251119;16400000;CompteLib_0002;;;25K19;20251119;EcritureLib_0088;;930,93;0,00;D;;;
LC;Banque LC;;20251119;51200000;CompteLib_0021;;;25K19;20251119;EcritureLib_0088;;0,00;930,93;C;;;
LC;Banque LC;;20251119;43100000;CompteLib_0009;;;25K20;20251119;EcritureLib_0082;;200,00;0,00;D;;;
LC;Banque LC;;20251119;51200000;CompteLib_0021;;;25K20;20251119;EcritureLib_0082;;0,00;200,00;C;;;
LC;Banque LC;;20251119;61610000;CompteLib_0041;;;25K21;20251119;EcritureLib_0557;;58,32;0,00;D;;;
LC;Banque LC;;20251119;51200000;CompteLib_0021;;;25K21;20251119;EcritureLib_0557;;0,00;58,32;C;;;
LC;Banque LC;;20251120;40100000;CompteLib_0025;FAVEM;AVEM;25K22;20251120;EcritureLib_0132;;113,40;0,00;D;;;
LC;Banque LC;;20251120;51200000;CompteLib_0021;;;25K22;20251120;EcritureLib_0132;;0,00;113,40;C;;;
LC;Banque LC;;20251120;61350000;CompteLib_0032;;;25K23;20251120;EcritureLib_0090;;80,63;0,00;D;;;
LC;Banque LC;;20251120;44566000;CompteLib_0014;;;25K23;20251120;EcritureLib_0090;;16,13;0,00;D;;;
LC;Banque LC;;20251120;51200000;CompteLib_0021;;;25K23;20251120;EcritureLib_0090;;0,00;96,76;C;;;
LC;Banque LC;;20251120;40100000;CompteLib_0025;FPEAGE;PEAGE;25K24;20251120;EcritureLib_0558;;14,90;0,00;D;;;
LC;Banque LC;;20251120;51200000;CompteLib_0021;;;25K24;20251120;EcritureLib_0558;;0,00;14,90;C;;;
LC;Banque LC;;20251121;47100000;CompteLib_0043;;;25K25;20251121;EcritureLib_0559;;0,00;521,79;C;;;
LC;Banque LC;;20251121;51200000;CompteLib_0021;;;25K25;20251121;EcritureLib_0559;;521,79;0,00;D;;;
LC;Banque LC;;20251121;40100000;CompteLib_0025;PROMOCASH;PROMOCASH;25K26;20251121;EcritureLib_0560;;169,88;0,00;D;;;
LC;Banque LC;;20251121;51200000;CompteLib_0021;;;25K26;20251121;EcritureLib_0560;;0,00;169,88;C;;;
LC;Banque LC;;20251121;40100000;CompteLib_0025;FLAMARMITE;LA MARMITE;25K27;20251121;EcritureLib_0561;;133,00;0,00;D;;;
LC;Banque LC;;20251121;51200000;CompteLib_0021;;;25K27;20251121;EcritureLib_0561;;0,00;133,00;C;;;
LC;Banque LC;;20251124;47100000;CompteLib_0043;;;25K28;20251124;EcritureLib_0094;;0,00;500,00;C;;;
LC;Banque LC;;20251124;51200000;CompteLib_0021;;;25K28;20251124;EcritureLib_0094;;500,00;0,00;D;;;
LC;Banque LC;;20251124;42100000;CompteLib_0007;;;25K29;20251124;EcritureLib_0127;;1042,97;0,00;D;;;
LC;Banque LC;;20251124;51200000;CompteLib_0021;;;25K29;20251124;EcritureLib_0127;;0,00;1042,97;C;;;
LC;Banque LC;;20251125;40100000;CompteLib_0025;FLIVE;LIVE ADVICE;25K30;20251125;EcritureLib_0101;;90,00;0,00;D;;;
LC;Banque LC;;20251125;51200000;CompteLib_0021;;;25K30;20251125;EcritureLib_0101;;0,00;90,00;C;;;
LC;Banque LC;;20251125;62700000;CompteLib_0038;;;25K31;20251125;EcritureLib_0102;;12,20;0,00;D;;;
LC;Banque LC;;20251125;51200000;CompteLib_0021;;;25K31;20251125;EcritureLib_0102;;0,00;12,20;C;;;
OD TVA;OD ;;20250116;43100000;CompteLib_0009;;;25A49;20250116;EcritureLib_0562;;1,52;0,00;D;;O;20250708
OD TVA;OD ;;20250116;75800000;CompteLib_0045;;;25A49;20250116;EcritureLib_0562;;0,00;1,52;C;;;
OD TVA;OD ;;20250131;44571210;CompteLib_0018;;;25A99;20250131;EcritureLib_0563;;49,00;0,00;D;;D;20250708
OD TVA;OD ;;20250131;44571100;CompteLib_0016;;;25A99;20250131;EcritureLib_0563;;177,00;0,00;D;;C;20250214
OD TVA;OD ;;20250131;44571200;CompteLib_0017;;;25A99;20250131;EcritureLib_0563;;19,00;0,00;D;;D;20250214
OD TVA;OD ;;20250131;44566000;CompteLib_0014;;;25A99;20250131;EcritureLib_0564;;0,00;110,00;C;;;
OD TVA;OD ;;20250131;44567000;CompteLib_0015;;;25A99;20250131;EcritureLib_0565;;0,00;1169,00;C;;O;20250522
OD TVA;OD ;;20250131;44567000;CompteLib_0015;;;25A99;20250131;EcritureLib_0566;;1034,00;0,00;D;;M;20250312
OD TVA;OD ;;20250131;44571100;CompteLib_0016;;;25A99;20250131;EcritureLib_0567;;0,09;0,00;D;;C;20250214
OD TVA;OD ;;20250131;44571200;CompteLib_0017;;;25A99;20250131;EcritureLib_0567;;0,00;0,18;C;;D;20250214
OD TVA;OD ;;20250131;65800000;CompteLib_0049;;;25A99;20250131;EcritureLib_0567;;0,09;0,00;D;;;
OD TVA;OD ;;20250131;44571210;CompteLib_0018;;;25A104;20250131;EcritureLib_0562;;0,00;0,25;C;;D;20250708
OD TVA;OD ;;20250131;65800000;CompteLib_0049;;;25A104;20250131;EcritureLib_0562;;0,25;0,00;D;;;
OD TVA;OD ;;20250218;43100000;CompteLib_0009;;;25B86;20250218;EcritureLib_0562;;0,49;0,00;D;;P;20250708
OD TVA;OD ;;20250218;75800000;CompteLib_0045;;;25B86;20250218;EcritureLib_0562;;0,00;0,49;C;;;
OD TVA;OD ;;20250228;44571210;CompteLib_0018;;;25B143;20250228;EcritureLib_0568;;77,00;0,00;D;;C;20250708
OD TVA;OD ;;20250228;44571100;CompteLib_0016;;;25B143;20250228;EcritureLib_0568;;492,00;0,00;D;;D;20250708
OD TVA;OD ;;20250228;44571200;CompteLib_0017;;;25B143;20250228;EcritureLib_0568;;27,00;0,00;D;;E;20250312
OD TVA;OD ;;20250228;44566000;CompteLib_0014;;;25B143;20250228;EcritureLib_0569;;0,00;252,00;C;;;
OD TVA;OD ;;20250228;44567000;CompteLib_0015;;;25B143;20250228;EcritureLib_0570;;0,00;1034,00;C;;M;20250312
OD TVA;OD ;;20250228;44567000;CompteLib_0015;;;25B143;20250228;EcritureLib_0571;;690,00;0,00;D;;N;20250422
OD TVA;OD ;;20250228;44571200;CompteLib_0017;;;25B143;20250228;EcritureLib_0572;;0,00;0,06;C;;E;20250312
OD TVA;OD ;;20250228;65800000;CompteLib_0049;;;25B143;20250228;EcritureLib_0572;;0,06;0,00;D;;;
OD TVA;OD ;;20250228;44571100;CompteLib_0016;;;25B148;20250228;EcritureLib_0562;;0,00;1,28;C;;D;20250708
OD TVA;OD ;;20250228;65800000;CompteLib_0049;;;25B148;20250228;EcritureLib_0562;;1,28;0,00;D;;;
OD TVA;OD ;;20250228;44571210;CompteLib_0018;;;25B149;20250228;EcritureLib_0562;;0,00;0,13;C;;C;20250708
OD TVA;OD ;;20250228;65800000;CompteLib_0049;;;25B149;20250228;EcritureLib_0562;;0,13;0,00;D;;;
OD TVA;OD ;;20250331;44571210;CompteLib_0018;;;25C114;20250331;EcritureLib_0573;;127,00;0,00;D;;;
OD TVA;OD ;;20250331;44571100;CompteLib_0016;;;25C114;20250331;EcritureLib_0573;;362,00;0,00;D;;B;20250708
OD TVA;OD ;;20250331;44571200;CompteLib_0017;;;25C114;20250331;EcritureLib_0573;;15,00;0,00;D;;F;20250422
OD TVA;OD ;;20250331;44566000;CompteLib_0014;;;25C114;20250331;EcritureLib_0574;;0,00;121,00;C;;;
OD TVA;OD ;;20250331;44567000;CompteLib_0015;;;25C114;20250331;EcritureLib_0575;;0,00;690,00;C;;N;20250422
OD TVA;OD ;;20250331;44567000;CompteLib_0015;;;25C114;20250331;EcritureLib_0576;;307,00;0,00;D;;P;20250522
OD TVA;OD ;;20250331;44571200;CompteLib_0017;;;25C114;20250331;EcritureLib_0577;;0,58;0,00;D;;F;20250422
OD TVA;OD ;;20250331;75800000;CompteLib_0045;;;25C114;20250331;EcritureLib_0577;;0,00;0,58;C;;;
OD TVA;OD ;;20250331;44571100;CompteLib_0016;;;25C117;20250331;EcritureLib_0562;;0,00;0,68;C;;B;20250708
OD TVA;OD ;;20250331;65800000;CompteLib_0049;;;25C117;20250331;EcritureLib_0562;;0,68;0,00;D;;;
OD TVA;OD ;;20250430;44571210;CompteLib_0018;;;25D108;20250430;EcritureLib_0578;;49,00;0,00;D;;B;20250708
OD TVA;OD ;;20250430;44571100;CompteLib_0016;;;25D108;20250430;EcritureLib_0578;;177,00;0,00;D;;E;20250708
OD TVA;OD ;;20250430;44571200;CompteLib_0017;;;25D108;20250430;EcritureLib_0578;;19,00;0,00;D;;G;20250708
OD TVA;OD ;;20250430;44566000;CompteLib_0014;;;25D108;20250430;EcritureLib_0579;;0,00;266,00;C;;;
OD TVA;OD ;;20250430;44567000;CompteLib_0015;;;25D108;20250430;EcritureLib_0580;;0,00;307,00;C;;P;20250522
OD TVA;OD ;;20250430;44567000;CompteLib_0015;;;25D108;20250430;EcritureLib_0581;;328,00;0,00;D;;Q;20250619
OD TVA;OD ;;20250430;44571200;CompteLib_0017;;;25D111;20250430;EcritureLib_0562;;0,00;0,11;C;;G;20250708
OD TVA;OD ;;20250430;65800000;CompteLib_0049;;;25D111;20250430;EcritureLib_0562;;0,11;0,00;D;;;
OD TVA;OD ;;20250430;44571210;CompteLib_0018;;;25D112;20250430;EcritureLib_0562;;0,00;0,22;C;;B;20250708
OD TVA;OD ;;20250430;65800000;CompteLib_0049;;;25D112;20250430;EcritureLib_0562;;0,22;0,00;D;;;
OD TVA;OD ;;20250430;44571100;CompteLib_0016;;;25D113;20250430;EcritureLib_0562;;0,00;0,18;C;;E;20250708
OD TVA;OD ;;20250430;65800000;CompteLib_0049;;;25D113;20250430;EcritureLib_0562;;0,18;0,00;D;;;
OD TVA;OD ;;20250531;44571210;CompteLib_0018;;;25E126;20250531;EcritureLib_0582;;99,00;0,00;D;;;
OD TVA;OD ;;20250531;44571100;CompteLib_0016;;;25E126;20250531;EcritureLib_0582;;964,00;0,00;D;;;
OD TVA;OD ;;20250531;44571210;CompteLib_0018;;;25E126;20250531;EcritureLib_0582;;53,00;0,00;D;;A;20250708
OD TVA;OD ;;20250531;44566000;CompteLib_0014;;;25E126;20250531;EcritureLib_0583;;0,00;310,00;C;;;
OD TVA;OD ;;20250531;44567000;CompteLib_0015;;;25E126;20250531;EcritureLib_0584;;0,00;328,00;C;;Q;20250619
OD TVA;OD ;;20250531;44551000;CompteLib_0047;;;25E126;20250531;EcritureLib_0585;;0,00;478,00;C;;B;20250708
OD TVA;OD ;;20250531;44571210;CompteLib_0018;;;25E127;20250531;EcritureLib_0562;;0,30;0,00;D;;A;20250708
OD TVA;OD ;;20250531;75800000;CompteLib_0045;;;25E127;20250531;EcritureLib_0562;;0,00;0,30;C;;;
OD TVA;OD ;;20250630;44571000;CompteLib_0050;;;25F142;20250630;EcritureLib_0586;;33,00;0,00;D;;;
OD TVA;OD ;;20250630;44571100;CompteLib_0016;;;25F142;20250630;EcritureLib_0586;;710,00;0,00;D;;;
OD TVA;OD ;;20250630;44571200;CompteLib_0017;;;25F142;20250630;EcritureLib_0586;;13,00;0,00;D;;;
OD TVA;OD ;;20250630;44566000;CompteLib_0014;;;25F142;20250630;EcritureLib_0587;;0,00;405,00;C;;;
OD TVA;OD ;;20250630;44551000;CompteLib_0047;;;25F142;20250630;EcritureLib_0588;;0,00;351,00;C;;;
OD TVA;OD ;;20250731;44582000;CompteLib_0051;;;25G71;20250731;EcritureLib_0589;;281,00;0,00;D;;A;20250924
OD TVA;OD ;;20250731;44551000;CompteLib_0047;;;25G71;20250731;EcritureLib_0590;;0,00;281,00;C;;C;20250924
OD TVA;OD ;;20250831;44571100;CompteLib_0016;;;25H51;20250831;EcritureLib_0591;;572,00;0,00;D;;;
OD TVA;OD ;;20250831;44582000;CompteLib_0051;;;25H51;20250831;EcritureLib_0592;;0,00;281,00;C;;A;20250924
OD TVA;OD ;;20250831;44551000;CompteLib_0047;;;25H51;20250831;EcritureLib_0593;;0,00;291,00;C;;;
OD TVA;OD ;;20250930;44571100;CompteLib_0016;;;25I95;20250930;EcritureLib_0594;;823,00;0,00;D;;;
OD TVA;OD ;;20250930;44566000;CompteLib_0014;;;25I95;20250930;EcritureLib_0595;;0,00;898,00;C;;;
OD TVA;OD ;;20250930;44562000;CompteLib_0013;;;25I95;20250930;EcritureLib_0596;;0,00;100,00;C;;B;20251023
OD TVA;OD ;;20250930;44567000;CompteLib_0015;;;25I95;20250930;EcritureLib_0597;;175,00;0,00;D;;S;20251121
OD TVA;OD ;;20251031;44571100;CompteLib_0016;;;25J41;20251031;EcritureLib_0598;;74,00;0,00;D;;;
OD TVA;OD ;;20251031;44567000;CompteLib_0015;;;25J41;20251031;EcritureLib_0599;;0,00;175,00;C;;S;20251121
OD TVA;OD ;;20251031;44567000;CompteLib_0015;;;25J41;20251031;EcritureLib_0600;;101,00;0,00;D;;;
PAI;Paie;;20250131;64110000;CompteLib_0052;;;25A103;20250131;EcritureLib_0601;;1330,56;0,00;D;;;
PAI;Paie;;20250131;64115000;CompteLib_0053;;;25A103;20250131;EcritureLib_0601;;67,52;0,00;D;;;
PAI;Paie;;20250131;64510000;CompteLib_0054;;;25A103;20250131;EcritureLib_0601;;28,82;0,00;D;;;
PAI;Paie;;20250131;64510000;CompteLib_0054;;;25A103;20250131;EcritureLib_0601;;60,12;0,00;D;;;
PAI;Paie;;20250131;64530000;CompteLib_0055;;;25A103;20250131;EcritureLib_0601;;10,97;0,00;D;;;
PAI;Paie;;20250131;64520000;CompteLib_0056;;;25A103;20250131;EcritureLib_0601;;21,24;0,00;D;;;
PAI;Paie;;20250131;64580000;CompteLib_0057;;;25A103;20250131;EcritureLib_0601;;0,17;0,00;D;;;
PAI;Paie;;20250131;63120000;CompteLib_0058;;;25A103;20250131;EcritureLib_0601;;8,25;0,00;D;;;
PAI;Paie;;20250131;63350000;CompteLib_0059;;;25A103;20250131;EcritureLib_0601;;1,26;0,00;D;;;
PAI;Paie;;20250131;63330000;CompteLib_0060;;;25A103;20250131;EcritureLib_0601;;7,69;0,00;D;;;
PAI;Paie;;20250131;64900000;CompteLib_0061;;;25A103;20250131;EcritureLib_0601;;0,00;42,20;C;;;
PAI;Paie;;20250131;42100000;CompteLib_0007;;;25A103;20250131;EcritureLib_0601;;0,00;1042,97;C;;;
PAI;Paie;;20250131;43100000;CompteLib_0009;;;25A103;20250131;EcritureLib_0601;;0,00;340,49;C;;P;20250708
PAI;Paie;;20250131;43702000;CompteLib_0010;;;25A103;20250131;EcritureLib_0601;;0,00;42,48;C;;;
PAI;Paie;;20250131;43703000;CompteLib_0011;;;25A103;20250131;EcritureLib_0601;;0,00;67,03;C;;L;20250703
PAI;Paie;;20250131;43708000;CompteLib_0062;;;25A103;20250131;EcritureLib_0601;;0,00;0,17;C;;;
PAI;Paie;;20250131;43800000;CompteLib_0063;;;25A103;20250131;EcritureLib_0601;;0,00;1,26;C;;;
PAI;Paie;;20250228;64110000;CompteLib_0052;;;25B147;20250228;EcritureLib_0602;;831,60;0,00;D;;;
PAI;Paie;;20250228;64120000;CompteLib_0064;;;25B147;20250228;EcritureLib_0602;;2079,04;0,00;D;;;
PAI;Paie;;20250228;64115000;CompteLib_0053;;;25B147;20250228;EcritureLib_0602;;42,20;0,00;D;;;
PAI;Paie;;20250228;64510000;CompteLib_0054;;;25B147;20250228;EcritureLib_0602;;1041,77;0,00;D;;;
PAI;Paie;;20250228;64510000;CompteLib_0054;;;25B147;20250228;EcritureLib_0602;;126,97;0,00;D;;;
PAI;Paie;;20250228;64530000;CompteLib_0055;;;25B147;20250228;EcritureLib_0602;;250,52;0,00;D;;;
PAI;Paie;;20250228;64520000;CompteLib_0056;;;25B147;20250228;EcritureLib_0602;;24,81;0,00;D;;;
PAI;Paie;;20250228;64580000;CompteLib_0057;;;25B147;20250228;EcritureLib_0602;;0,35;0,00;D;;;
PAI;Paie;;20250228;63120000;CompteLib_0058;;;25B147;20250228;EcritureLib_0602;;17,42;0,00;D;;;
PAI;Paie;;20250228;63350000;CompteLib_0059;;;25B147;20250228;EcritureLib_0602;;2,66;0,00;D;;;
PAI;Paie;;20250228;63330000;CompteLib_0060;;;25B147;20250228;EcritureLib_0602;;16,24;0,00;D;;;
PAI;Paie;;20250228;64900000;CompteLib_0061;;;25B147;20250228;EcritureLib_0602;;0,00;42,20;C;;;
PAI;Paie;;20250228;42100000;CompteLib_0007;;;25B147;20250228;EcritureLib_0602;;0,00;2269,80;C;;;
PAI;Paie;;20250228;43100000;CompteLib_0009;;;25B147;20250228;EcritureLib_0602;;0,00;1700,03;C;;;
PAI;Paie;;20250228;43702000;CompteLib_0010;;;25B147;20250228;EcritureLib_0602;;0,00;49,62;C;;;
PAI;Paie;;20250228;43703000;CompteLib_0011;;;25B147;20250228;EcritureLib_0602;;0,00;368,92;C;;K;20250703
PAI;Paie;;20250228;43708000;CompteLib_0062;;;25B147;20250228;EcritureLib_0602;;0,00;0,35;C;;;
PAI;Paie;;20250228;43800000;CompteLib_0063;;;25B147;20250228;EcritureLib_0602;;0,00;2,66;C;;;
PAI;Paie;;20250331;64520000;CompteLib_0056;;;25C116;20250331;EcritureLib_0603;;0,00;36,04;C;;;
PAI;Paie;;20250331;42100000;CompteLib_0007;;;25C116;20250331;EcritureLib_0603;;0,00;36,04;C;;;
PAI;Paie;;20250331;43702000;CompteLib_0010;;;25C116;20250331;EcritureLib_0603;;72,08;0,00;D;;;
VE;Ventes;;20250228;70720000;CompteLib_0065;;;25B142;20250228;EcritureLib_0604;;0,00;487,06;C;;;
VE;Ventes;;20250228;44571200;CompteLib_0017;;;25B142;20250228;EcritureLib_0604;;0,00;26,94;C;;E;20250312
VE;Ventes;;20250228;70110000;CompteLib_0066;;;25B142;20250228;EcritureLib_0604;;0,00;4915,28;C;;;
VE;Ventes;;20250228;44571100;CompteLib_0016;;;25B142;20250228;EcritureLib_0604;;0,00;490,72;C;;D;20250708
VE;Ventes;;20250228;70700000;CompteLib_0067;;;25B142;20250228;EcritureLib_0604;;0,00;383,63;C;;;
VE;Ventes;;20250228;44571210;CompteLib_0018;;;25B142;20250228;EcritureLib_0604;;0,00;76,87;C;;C;20250708
VE;Ventes;;20250228;51180000;CompteLib_0040;;;25B142;20250228;EcritureLib_0604;;4758,00;0,00;D;;;
VE;Ventes;;20250228;51120000;CompteLib_0042;;;25B142;20250228;EcritureLib_0604;;1165,50;0,00;D;;;
VE;Ventes;;20250228;51100000;CompteLib_0046;;;25B142;20250228;EcritureLib_0604;;457,00;0,00;D;;;
VE;Ventes;;20250331;70700000;CompteLib_0067;;;25C113;20250331;EcritureLib_0605;;0,00;451,95;C;;;
VE;Ventes;;20250331;44571210;CompteLib_0018;;;25C113;20250331;EcritureLib_0605;;0,00;90,55;C;;;
VE;Ventes;;20250331;70720000;CompteLib_0065;;;25C113;20250331;EcritureLib_0605;;0,00;281,42;C;;;
VE;Ventes;;20250331;44571200;CompteLib_0017;;;25C113;20250331;EcritureLib_0605;;0,00;15,58;C;;F;20250422
VE;Ventes;;20250331;70780000;CompteLib_0068;;;25C113;20250331;EcritureLib_0605;;0,00;3621,18;C;;;
VE;Ventes;;20250331;44571100;CompteLib_0016;;;25C113;20250331;EcritureLib_0605;;0,00;361,32;C;;B;20250708
VE;Ventes;;20250331;51180000;CompteLib_0040;;;25C113;20250331;EcritureLib_0605;;4555,50;0,00;D;;;
VE;Ventes;;20250331;51100000;CompteLib_0046;;;25C113;20250331;EcritureLib_0605;;266,50;0,00;D;;;
VE;Ventes;;20250430;70720000;CompteLib_0065;;;25D107;20250430;EcritureLib_0606;;0,00;342,11;C;;;
VE;Ventes;;20250430;44571200;CompteLib_0017;;;25D107;20250430;EcritureLib_0606;;0,00;18,89;C;;G;20250708
VE;Ventes;;20250430;70780000;CompteLib_0068;;;25D107;20250430;EcritureLib_0606;;0,00;1771,18;C;;;
VE;Ventes;;20250430;44571100;CompteLib_0016;;;25D107;20250430;EcritureLib_0606;;0,00;176,82;C;;E;20250708
VE;Ventes;;20250430;70700000;CompteLib_0067;;;25D107;20250430;EcritureLib_0606;;0,00;243,72;C;;;
VE;Ventes;;20250430;44571210;CompteLib_0018;;;25D107;20250430;EcritureLib_0606;;0,00;48,78;C;;B;20250708
VE;Ventes;;20250430;51180000;CompteLib_0040;;;25D107;20250430;EcritureLib_0606;;129,00;0,00;D;;;
VE;Ventes;;20250430;51120000;CompteLib_0042;;;25D107;20250430;EcritureLib_0606;;472,00;0,00;D;;;
VE;Ventes;;20250430;51180000;CompteLib_0040;;;25D107;20250430;EcritureLib_0606;;2000,50;0,00;D;;;
VE;Ventes;;20250531;70720000;CompteLib_0065;;;25E125;20250531;EcritureLib_0607;;0,00;267,24;C;;;
VE;Ventes;;20250531;44571200;CompteLib_0017;;;25E125;20250531;EcritureLib_0607;;0,00;14,76;C;;;
VE;Ventes;;20250531;70780000;CompteLib_0068;;;25E125;20250531;EcritureLib_0607;;0,00;6894,41;C;;;
VE;Ventes;;20250531;44571100;CompteLib_0016;;;25E125;20250531;EcritureLib_0607;;0,00;688,59;C;;;
VE;Ventes;;20250531;70721000;CompteLib_0069;;;25E125;20250531;EcritureLib_0607;;0,00;266,20;C;;;
VE;Ventes;;20250531;44571210;CompteLib_0018;;;25E125;20250531;EcritureLib_0607;;0,00;53,30;C;;A;20250708
VE;Ventes;;20250531;51180000;CompteLib_0040;;;25E125;20250531;EcritureLib_0607;;7594,00;0,00;D;;;
VE;Ventes;;20250531;53000000;CompteLib_0022;;;25E125;20250531;EcritureLib_0607;;590,50;0,00;D;;;
VE;Ventes;;20250630;70720000;CompteLib_0065;;;25F141;20250630;EcritureLib_0608;;0,00;243,61;C;;;
VE;Ventes;;20250630;44571200;CompteLib_0017;;;25F141;20250630;EcritureLib_0608;;0,00;13,39;C;;;
VE;Ventes;;20250630;70780000;CompteLib_0068;;;25F141;20250630;EcritureLib_0608;;0,00;7102,69;C;;;
VE;Ventes;;20250630;44571100;CompteLib_0016;;;25F141;20250630;EcritureLib_0608;;0,00;709,31;C;;;
VE;Ventes;;20250630;70721000;CompteLib_0069;;;25F141;20250630;EcritureLib_0608;;0,00;162,90;C;;;
VE;Ventes;;20250630;44571210;CompteLib_0018;;;25F141;20250630;EcritureLib_0608;;0,00;32,60;C;;;
VE;Ventes;;20250630;51180000;CompteLib_0040;;;25F141;20250630;EcritureLib_0608;;7364,50;0,00;D;;;
VE;Ventes;;20250630;51100000;CompteLib_0046;;;25F141;20250630;EcritureLib_0608;;900,00;0,00;D;;;
VI;Ventes Externes;;20250131;70720000;CompteLib_0065;;;25A98;20250131;EcritureLib_0609;;0,00;342,18;C;;;
VI;Ventes Externes;;20250131;44571200;CompteLib_0017;;;25A98;20250131;EcritureLib_0609;;0,00;18,82;C;;D;20250214
VI;Ventes Externes;;20250131;70780000;CompteLib_0068;;;25A98;20250131;EcritureLib_0609;;0,00;1770,91;C;;;
VI;Ventes Externes;;20250131;44571100;CompteLib_0016;;;25A98;20250131;EcritureLib_0609;;0,00;177,09;C;;C;20250214
VI;Ventes Externes;;20250131;70700000;CompteLib_0067;;;25A98;20250131;EcritureLib_0609;;0,00;243,75;C;;;
VI;Ventes Externes;;20250131;44571210;CompteLib_0018;;;25A98;20250131;EcritureLib_0609;;0,00;48,75;C;;D;20250708
VI;Ventes Externes;;20250131;53000000;CompteLib_0022;;;25A98;20250131;EcritureLib_0609;;129,00;0,00;D;;;
VI;Ventes Externes;;20250131;51120000;CompteLib_0042;;;25A98;20250131;EcritureLib_0609;;472,00;0,00;D;;;
VI;Ventes Externes;;20250131;51180000;CompteLib_0040;;;25A98;20250131;EcritureLib_0609;;2000,50;0,00;D;;;
VI;Ventes Externes;;20250206;70720000;CompteLib_0065;;;25-02-31;20250206;EcritureLib_0610;;0,00;500,00;C;;;
VI;Ventes Externes;;20250206;44571200;CompteLib_0017;;;25-02-31;20250206;EcritureLib_0610;;0,00;27,50;C;;;
VI;Ventes Externes;;20250206;41100000;CompteLib_0044;CCUIZIN;CUIZ'IN LILE;25-02-31;20250206;EcritureLib_0610;;527,50;0,00;D;;;
VI;Ventes Externes;;20250220;70780000;CompteLib_0068;;;25-02-34;20250220;EcritureLib_0611;;0,00;810,00;C;;;
VI;Ventes Externes;;20250220;44571100;CompteLib_0016;;;25-02-34;20250220;EcritureLib_0611;;0,00;81,00;C;;;
VI;Ventes Externes;;20250220;70720000;CompteLib_0065;;;25-02-34;20250220;EcritureLib_0611;;0,00;198,00;C;;;
VI;Ventes Externes;;20250220;44571200;CompteLib_0017;;;25-02-34;20250220;EcritureLib_0611;;0,00;10,89;C;;;
VI;Ventes Externes;;20250220;70740000;CompteLib_0070;;;25-02-34;20250220;EcritureLib_0611;;0,00;50,00;C;;;
VI;Ventes Externes;;20250220;41100000;CompteLib_0044;CCRIDONN;CRIDON DU NORD;25-02-34;20250220;EcritureLib_0611;;1159,89;0,00;D;;A;20250701
VI;Ventes Externes;;20250220;44571210;CompteLib_0018;;;25-02-34;20250220;EcritureLib_0611;;0,00;10,00;C;;;
VI;Ventes Externes;;20250323;70700000;CompteLib_0067;;;25-03-35;20250323;EcritureLib_0612;;0,00;36,25;C;;;
VI;Ventes Externes;;20250323;44571210;CompteLib_0018;;;25-03-35;20250323;EcritureLib_0612;;0,00;181,25;C;;;
VI;Ventes Externes;;20250323;41100000;CompteLib_0044;COHCANADA;OH CANADA;25-03-35;20250323;EcritureLib_0612;;217,50;0,00;D;;;
VI;Ventes Externes;;20250324;70780000;CompteLib_0068;;;25-03-36;20250324;EcritureLib_0613;;0,00;1938,00;C;;;
VI;Ventes Externes;;20250324;44571100;CompteLib_0016;;;25-03-36;20250324;EcritureLib_0613;;0,00;193,80;C;;;
VI;Ventes Externes;;20250324;41100000;CompteLib_0044;CLESPAPILLO;LES PAPILLONS BLANCS DE LILLE;25-03-36;20250324;EcritureLib_0613;;2131,80;0,00;D;;A;20250701
