JournalCode;JournalLib;EcritureNum;EcritureDate;CompteNum;CompteLib;CompAuxNum;CompAuxLib;PieceRef;PieceDate;EcritureLib;ValidDate;MontantDebit;MontantCredit;Sens;RefEcriture;EcritureLet;DateLet
AC;Achats;AC/1;20240701;40100000;CompteLib_0001;FPROJETCS;PROJET CENTRE SOCIAL;24G74;20240701;EcritureLib_0001;20250422;0,00;1000,00;C;AC/1;A;20250303
AC;Achats;AC/1;20240701;61354000;CompteLib_0002;;;24G74;20240701;EcritureLib_0001;20250422;1000,00;0,00;D;AC/1;;
AT;Achats Tiime;AT/52;20240105;62260000;CompteLib_0003;;;FACT-20240124-09141;20240105;EcritureLib_0002;20250422;457,00;0,00;D;AT/52;;
AT;Achats Tiime;AT/52;20240105;44566000;CompteLib_0004;;;FACT-20240124-09141;20240105;EcritureLib_0002;20250422;91,40;0,00;D;AT/52;;
AT;Achats Tiime;AT/52;20240105;40100000;CompteLib_0001;FSTC;STC DIGIT;FACT-20240124-09141;20240105;EcritureLib_0002;20250422;0,00;548,40;C;AT/52;A;20241021
AT;Achats Tiime;AT/53;20240105;62260000;CompteLib_0003;;;FACT-20240123-09135;20240105;EcritureLib_0002;20250422;99,00;0,00;D;AT/53;;
AT;Achats Tiime;AT/53;20240105;44566000;CompteLib_0004;;;FACT-20240123-09135;20240105;EcritureLib_0002;20250422;19,80;0,00;D;AT/53;;
AT;Achats Tiime;AT/53;20240105;40100000;CompteLib_0001;FSTC;STC DIGIT;FACT-20240123-09135;20240105;EcritureLib_0002;20250422;0,00;118,80;C;AT/53;B;20240326
AT;Achats Tiime;AT/54;20240106;60100000;CompteLib_0005;;;24A7;20240106;EcritureLib_0003;20250422;36,44;0,00;D;AT/54;;
AT;Achats Tiime;AT/54;20240106;44566000;CompteLib_0004;;;24A7;20240106;EcritureLib_0003;20250422;2,00;0,00;D;AT/54;;
AT;Achats Tiime;AT/54;20240106;40100000;CompteLib_0001;FTRIANGLE;TRIANGLE;24A7;20240106;EcritureLib_0003;20250422;0,00;38,44;C;AT/54;A;20240223
AT;Achats Tiime;AT/55;20240111;63580000;CompteLib_0006;;;1526;20240111;EcritureLib_0004;20250422;32,00;0,00;D;AT/55;;
AT;Achats Tiime;AT/55;20240111;40100000;CompteLib_0001;COMINES;COMINES;1526;20240111;EcritureLib_0004;20250422;0,00;32,00;C;AT/55;A;20240424
AT;Achats Tiime;AT/56;20240111;61320000;CompteLib_0007;;;24-01-113;20240111;EcritureLib_0005;20250422;860,00;0,00;D;AT/56;;
AT;Achats Tiime;AT/56;20240111;44566000;CompteLib_0004;;;24-01-113;20240111;EcritureLib_0005;20250422;172,00;0,00;D;AT/56;;
AT;Achats Tiime;AT/56;20240111;40100000;CompteLib_0001;FLAMARMITE;LA MARMITE;24-01-113;20240111;EcritureLib_0005;20250422;0,00;1032,00;C;AT/56;C;20240112
AT;Achats Tiime;AT/57;20240112;63580000;CompteLib_0006;;;2024-0-27-00039;20240112;EcritureLib_0006;20250422;70,00;0,00;D;AT/57;;
AT;Achats Tiime;AT/57;20240112;40100000;CompteLib_0001;MAIRIEDAN;MAIRIE DANKERQUE;2024-0-27-00039;20240112;EcritureLib_0006;20250422;0,00;70,00;C;AT/57;B;20241016
AT;Achats Tiime;AT/58;20240117;60100000;CompteLib_0005;;;01.000.089284;20240117;EcritureLib_0007;20250422;174,76;0,00;D;AT/58;;
AT;Achats Tiime;AT/58;20240117;44566000;CompteLib_0004;;;01.000.089284;20240117;EcritureLib_0007;20250422;11,11;0,00;D;AT/58;;
AT;Achats Tiime;AT/58;20240117;40100000;CompteLib_0001;FPARISSTORE;PARIS STORE;01.000.089284;20240117;EcritureLib_0007;20250422;0,00;185,87;C;AT/58;E;20240326
AT;Achats Tiime;AT/59;20240117;60100000;CompteLib_0005;;;24A19;20240117;EcritureLib_0008;20250422;22,57;0,00;D;AT/59;;
AT;Achats Tiime;AT/59;20240117;44566000;CompteLib_0004;;;24A19;20240117;EcritureLib_0008;20250422;1,24;0,00;D;AT/59;;
AT;Achats Tiime;AT/59;20240117;40100000;CompteLib_0001;FTRIANGLE;TRIANGLE;24A19;20240117;EcritureLib_0008;20250422;0,00;23,81;C;AT/59;G;20240424
AT;Achats Tiime;AT/60;20240117;60100000;CompteLib_0005;;;01.000.089285;20240117;EcritureLib_0007;20250422;91,00;0,00;D;AT/60;;
AT;Achats Tiime;AT/60;20240117;44566000;CompteLib_0004;;;01.000.089285;20240117;EcritureLib_0007;20250422;5,00;0,00;D;AT/60;;
AT;Achats Tiime;AT/60;20240117;40100000;CompteLib_0001;FPARISSTORE;PARIS STORE;01.000.089285;20240117;EcritureLib_0007;20250422;0,00;96,00;C;AT/60;F;20240404
AT;Achats Tiime;AT/61;20240118;61350000;CompteLib_0008;;;92585658;20240118;EcritureLib_0009;20250422;94,50;0,00;D;AT/61;;
AT;Achats Tiime;AT/61;20240118;44566000;CompteLib_0004;;;92585658;20240118;EcritureLib_0009;20250422;18,90;0,00;D;AT/61;;
AT;Achats Tiime;AT/61;20240118;40100000;CompteLib_0001;FAVEM;AVEM;92585658;20240118;EcritureLib_0009;20250422;0,00;113,40;C;AT/61;C;20240326
AT;Achats Tiime;AT/62;20240122;60100000;CompteLib_0005;;;24A26;20240122;EcritureLib_0003;20250422;78,03;0,00;D;AT/62;;
AT;Achats Tiime;AT/62;20240122;44566000;CompteLib_0004;;;24A26;20240122;EcritureLib_0003;20250422;4,29;0,00;D;AT/62;;
AT;Achats Tiime;AT/62;20240122;40100000;CompteLib_0001;FTRIANGLE;TRIANGLE;24A26;20240122;EcritureLib_0003;20250422;0,00;82,32;C;AT/62;E;20240408
AT;Achats Tiime;AT/63;20240202;60100000;CompteLib_0005;;;24B3;20240202;EcritureLib_0010;20250422;54,33;0,00;D;AT/63;;
AT;Achats Tiime;AT/63;20240202;44566000;CompteLib_0004;;;24B3;20240202;EcritureLib_0010;20250422;2,99;0,00;D;AT/63;;
AT;Achats Tiime;AT/63;20240202;40100000;CompteLib_0001;FCARREFOUR;CARREFOUR;24B3;20240202;EcritureLib_0010;20250422;0,00;57,32;C;AT/63;B;20241016
AT;Achats Tiime;AT/64;20240202;61320000;CompteLib_0007;;;24-02-114;20240202;EcritureLib_0005;20250422;860,00;0,00;D;AT/64;;
AT;Achats Tiime;AT/64;20240202;44566000;CompteLib_0004;;;24-02-114;20240202;EcritureLib_0005;20250422;172,00;0,00;D;AT/64;;
AT;Achats Tiime;AT/64;20240202;40100000;CompteLib_0001;FLAMARMITE;LA MARMITE;24-02-114;20240202;EcritureLib_0005;20250422;0,00;1032,00;C;AT/64;G;20241016
AT;Achats Tiime;AT/65;20240205;62260000;CompteLib_0003;;;FACT-20240201-09335;20240205;EcritureLib_0002;20250422;99,00;0,00;D;AT/65;;
AT;Achats Tiime;AT/65;20240205;44566000;CompteLib_0004;;;FACT-20240201-09335;20240205;EcritureLib_0002;20250422;19,80;0,00;D;AT/65;;
AT;Achats Tiime;AT/65;20240205;40100000;CompteLib_0001;FSTC;STC DIGIT;FACT-20240201-09335;20240205;EcritureLib_0002;20250422;0,00;118,80;C;AT/65;D;20241021
AT;Achats Tiime;AT/66;20240205;62260000;CompteLib_0003;;;FACT-20240201-09344;20240205;EcritureLib_0002;20250422;39,00;0,00;D;AT/66;;
AT;Achats Tiime;AT/66;20240205;44566000;CompteLib_0004;;;FACT-20240201-09344;20240205;EcritureLib_0002;20250422;7,80;0,00;D;AT/66;;
AT;Achats Tiime;AT/66;20240205;40100000;CompteLib_0001;FSTC;STC DIGIT;FACT-20240201-09344;20240205;EcritureLib_0002;20250422;0,00;46,80;C;AT/66;E;20241021
AT;Achats Tiime;AT/67;20240205;60100000;CompteLib_0005;;;24B11;20240205;EcritureLib_0010;20250422;45,96;0,00;D;AT/67;;
AT;Achats Tiime;AT/67;20240205;44566000;CompteLib_0004;;;24B11;20240205;EcritureLib_0010;20250422;2,53;0,00;D;AT/67;;
AT;Achats Tiime;AT/67;20240205;40100000;CompteLib_0001;FCARREFOUR;CARREFOUR;24B11;20240205;EcritureLib_0010;20250422;0,00;48,49;C;AT/67;C;20241016
AT;Achats Tiime;AT/68;20240206;60616000;CompteLib_0009;;;24B13;20240206;EcritureLib_0011;20250422;66,67;0,00;D;AT/68;;
AT;Achats Tiime;AT/68;20240206;44566000;CompteLib_0004;;;24B13;20240206;EcritureLib_0011;20250422;13,33;0,00;D;AT/68;;
AT;Achats Tiime;AT/68;20240206;40100000;CompteLib_0001;FCARBU;CARBURANT;24B13;20240206;EcritureLib_0011;20250422;0,00;80,00;C;AT/68;M;20240408
AT;Achats Tiime;AT/69;20240207;61320000;CompteLib_0007;;;24-02-117;20240207;EcritureLib_0005;20250422;860,00;0,00;D;AT/69;;
AT;Achats Tiime;AT/69;20240207;44566000;CompteLib_0004;;;24-02-117;20240207;EcritureLib_0005;20250422;172,00;0,00;D;AT/69;;
AT;Achats Tiime;AT/69;20240207;40100000;CompteLib_0001;FLAMARMITE;LA MARMITE;24-02-117;20240207;EcritureLib_0005;20250422;0,00;1032,00;C;AT/69;H;20250217
AT;Achats Tiime;AT/70;20240214;60100000;CompteLib_0005;;;01.000.090077;20240214;EcritureLib_0012;20250422;87,17;0,00;D;AT/70;;
AT;Achats Tiime;AT/70;20240214;44566000;CompteLib_0004;;;01.000.090077;20240214;EcritureLib_0012;20250422;4,81;0,00;D;AT/70;;
AT;Achats Tiime;AT/70;20240214;40100000;CompteLib_0001;FPARISSTORE;PARIS STORE;01.000.090077;20240214;EcritureLib_0012;20250422;0,00;91,98;C;AT/70;D;20240322
AT;Achats Tiime;AT/71;20240215;60100000;CompteLib_0005;;;521990;20240215;EcritureLib_0013;20250422;52,04;0,00;D;AT/71;;
AT;Achats Tiime;AT/71;20240215;44566000;CompteLib_0004;;;521990;20240215;EcritureLib_0013;20250422;10,41;0,00;D;AT/71;;
AT;Achats Tiime;AT/71;20240215;40100000;CompteLib_0001;PROMOCASH;PROMOCASH;521990;20240215;EcritureLib_0013;20250422;0,00;62,45;C;AT/71;B;20240322
AT;Achats Tiime;AT/72;20240215;60100000;CompteLib_0005;;;24B24;20240215;EcritureLib_0003;20250422;153,03;0,00;D;AT/72;;
AT;Achats Tiime;AT/72;20240215;44566000;CompteLib_0004;;;24B24;20240215;EcritureLib_0003;20250422;8,42;0,00;D;AT/72;;
AT;Achats Tiime;AT/72;20240215;40100000;CompteLib_0001;FTRIANGLE;TRIANGLE;24B24;20240215;EcritureLib_0003;20250422;0,00;161,45;C;AT/72;F;20240424
AT;Achats Tiime;AT/73;20240217;60100000;CompteLib_0005;;;24B28;20240217;EcritureLib_0014;20250422;50,99;0,00;D;AT/73;;
AT;Achats Tiime;AT/73;20240217;44566000;CompteLib_0004;;;24B28;20240217;EcritureLib_0014;20250422;2,80;0,00;D;AT/73;;
AT;Achats Tiime;AT/73;20240217;40100000;CompteLib_0001;CORA;CORA;24B28;20240217;EcritureLib_0014;20250422;0,00;53,79;C;AT/73;B;20240322
AT;Achats Tiime;AT/74;20240217;60100000;CompteLib_0005;;;522309;20240217;EcritureLib_0015;20250422;254,81;0,00;D;AT/74;;
AT;Achats Tiime;AT/74;20240217;44566000;CompteLib_0004;;;522309;20240217;EcritureLib_0015;20250422;27,94;0,00;D;AT/74;;
AT;Achats Tiime;AT/74;20240217;40100000;CompteLib_0001;PROMOCASH;PROMOCASH;522309;20240217;EcritureLib_0015;20250422;0,00;282,75;C;AT/74;A;20240322
AT;Achats Tiime;AT/75;20240217;60100000;CompteLib_0005;;;24B30;20240217;EcritureLib_0003;20250422;101,85;0,00;D;AT/75;;
AT;Achats Tiime;AT/75;20240217;44566000;CompteLib_0004;;;24B30;20240217;EcritureLib_0003;20250422;5,60;0,00;D;AT/75;;
AT;Achats Tiime;AT/75;20240217;40100000;CompteLib_0001;FTRIANGLE;TRIANGLE;24B30;20240217;EcritureLib_0003;20250422;0,00;107,45;C;AT/75;C;20240408
AT;Achats Tiime;AT/76;20240218;60100000;CompteLib_0005;;;24B33;20240218;EcritureLib_0016;20250422;38,39;0,00;D;AT/76;;
AT;Achats Tiime;AT/76;20240218;44566000;CompteLib_0004;;;24B33;20240218;EcritureLib_0016;20250422;2,11;0,00;D;AT/76;;
AT;Achats Tiime;AT/76;20240218;40100000;CompteLib_0001;NORDBOISSON;NORD BOISSON;24B33;20240218;EcritureLib_0016;20250422;0,00;40,50;C;AT/76;A;20240322
AT;Achats Tiime;AT/77;20240218;60630000;CompteLib_0010;;;24B68;20240218;EcritureLib_0017;20250422;94,92;0,00;D;AT/77;;
AT;Achats Tiime;AT/77;20240218;44566000;CompteLib_0004;;;24B68;20240218;EcritureLib_0017;20250422;18,99;0,00;D;AT/77;;
AT;Achats Tiime;AT/77;20240218;40100000;CompteLib_0001;CENTRAKOR;CENTRAKOR;24B68;20240218;EcritureLib_0017;20250422;0,00;113,91;C;AT/77;A;20250311
AT;Achats Tiime;AT/78;20240218;60100000;CompteLib_0005;;;089085381720;20240218;EcritureLib_0014;20250422;100,05;0,00;D;AT/78;;
AT;Achats Tiime;AT/78;20240218;44566000;CompteLib_0004;;;089085381720;20240218;EcritureLib_0014;20250422;11,23;0,00;D;AT/78;;
AT;Achats Tiime;AT/78;20240218;40100000;CompteLib_0001;CORA;CORA;089085381720;20240218;EcritureLib_0014;20250422;0,00;111,28;C;AT/78;A;20240322
AT;Achats Tiime;AT/79;20240220;60100000;CompteLib_0005;;;01.000.090222;20240220;EcritureLib_0012;20250422;76,48;0,00;D;AT/79;;
AT;Achats Tiime;AT/79;20240220;44566000;CompteLib_0004;;;01.000.090222;20240220;EcritureLib_0012;20250422;4,22;0,00;D;AT/79;;
AT;Achats Tiime;AT/79;20240220;40100000;CompteLib_0001;FPARISSTORE;PARIS STORE;01.000.090222;20240220;EcritureLib_0012;20250422;0,00;80,70;C;AT/79;C;20240322
AT;Achats Tiime;AT/80;20240228;61353000;CompteLib_0011;;;FAC00531;20240228;EcritureLib_0018;20250422;75,00;0,00;D;AT/80;;
AT;Achats Tiime;AT/80;20240228;44566000;CompteLib_0004;;;FAC00531;20240228;EcritureLib_0018;20250422;15,00;0,00;D;AT/80;;
AT;Achats Tiime;AT/80;20240228;40100000;CompteLib_0001;FLIVE;LIVE ADVICE;FAC00531;20240228;EcritureLib_0018;20250422;0,00;90,00;C;AT/80;C;20250217
AT;Achats Tiime;AT/81;20240301;60100000;CompteLib_0005;;;24C3;20240301;EcritureLib_0010;20250422;29,77;0,00;D;AT/81;;
AT;Achats Tiime;AT/81;20240301;44566000;CompteLib_0004;;;24C3;20240301;EcritureLib_0010;20250422;1,86;0,00;D;AT/81;;
AT;Achats Tiime;AT/81;20240301;40100000;CompteLib_0001;FCARREFOUR;CARREFOUR;24C3;20240301;EcritureLib_0010;20250422;0,00;31,63;C;AT/81;AA;20240424
AT;Achats Tiime;AT/82;20240305;62260000;CompteLib_0003;;;FACT-20240301-09560;20240305;EcritureLib_0002;20250422;39,00;0,00;D;AT/82;;
AT;Achats Tiime;AT/82;20240305;44566000;CompteLib_0004;;;FACT-20240301-09560;20240305;EcritureLib_0002;20250422;7,80;0,00;D;AT/82;;
AT;Achats Tiime;AT/82;20240305;40100000;CompteLib_0001;FSTC;STC DIGIT;FACT-20240301-09560;20240305;EcritureLib_0002;20250422;0,00;46,80;C;AT/82;F;20241021
AT;Achats Tiime;AT/83;20240305;62260000;CompteLib_0003;;;FACT-20240301-09551;20240305;EcritureLib_0002;20250422;99,00;0,00;D;AT/83;;
AT;Achats Tiime;AT/83;20240305;44566000;CompteLib_0004;;;FACT-20240301-09551;20240305;EcritureLib_0002;20250422;19,80;0,00;D;AT/83;;
AT;Achats Tiime;AT/83;20240305;40100000;CompteLib_0001;FSTC;STC DIGIT;FACT-20240301-09551;20240305;EcritureLib_0002;20250422;0,00;118,80;C;AT/83;G;20241021
AT;Achats Tiime;AT/84;20240305;60616000;CompteLib_0009;;;202126057;20240305;EcritureLib_0019;20250422;27,47;0,00;D;AT/84;;
AT;Achats Tiime;AT/84;20240305;44566000;CompteLib_0004;;;202126057;20240305;EcritureLib_0019;20250422;5,49;0,00;D;AT/84;;
AT;Achats Tiime;AT/84;20240305;40100000;CompteLib_0001;FCARBU;CARBURANT;202126057;20240305;EcritureLib_0019;20250422;0,00;32,96;C;AT/84;FC;20240326
AT;Achats Tiime;AT/85;20240315;60100000;CompteLib_0005;;;24C11;20240315;EcritureLib_0003;20250422;65,87;0,00;D;AT/85;;
AT;Achats Tiime;AT/85;20240315;44566000;CompteLib_0004;;;24C11;20240315;EcritureLib_0003;20250422;3,62;0,00;D;AT/85;;
AT;Achats Tiime;AT/85;20240315;40100000;CompteLib_0001;FTRIANGLE;TRIANGLE;24C11;20240315;EcritureLib_0003;20250422;0,00;69,49;C;AT/85;B;20240322
AT;Achats Tiime;AT/86;20240319;60616000;CompteLib_0009;;;24C18;20240319;EcritureLib_0020;20250422;25,54;0,00;D;AT/86;;
AT;Achats Tiime;AT/86;20240319;44566000;CompteLib_0004;;;24C18;20240319;EcritureLib_0020;20250422;5,11;0,00;D;AT/86;;
AT;Achats Tiime;AT/86;20240319;40100000;CompteLib_0001;FCARBU;CARBURANT;24C18;20240319;EcritureLib_0020;20250422;0,00;30,65;C;AT/86;D;20240325
AT;Achats Tiime;AT/87;20240403;61320000;CompteLib_0007;;;24-04-144;20240403;EcritureLib_0005;20250422;860,00;0,00;D;AT/87;;
AT;Achats Tiime;AT/87;20240403;44566000;CompteLib_0004;;;24-04-144;20240403;EcritureLib_0005;20250422;172,00;0,00;D;AT/87;;
AT;Achats Tiime;AT/87;20240403;40100000;CompteLib_0001;FLAMARMITE;LA MARMITE;24-04-144;20240403;EcritureLib_0005;20250422;0,00;1032,00;C;AT/87;L;20250226
AT;Achats Tiime;AT/88;20240405;62260000;CompteLib_0003;;;FACT-20240401-09763;20240405;EcritureLib_0002;20250422;199,00;0,00;D;AT/88;;
AT;Achats Tiime;AT/88;20240405;44566000;CompteLib_0004;;;FACT-20240401-09763;20240405;EcritureLib_0002;20250422;39,80;0,00;D;AT/88;;
AT;Achats Tiime;AT/88;20240405;40100000;CompteLib_0001;FSTC;STC DIGIT;FACT-20240401-09763;20240405;EcritureLib_0002;20250422;0,00;238,80;C;AT/88;I;20241021
AT;Achats Tiime;AT/89;20240405;62260000;CompteLib_0003;;;FACT-20240401-09771;20240405;EcritureLib_0002;20250422;39,00;0,00;D;AT/89;;
AT;Achats Tiime;AT/89;20240405;44566000;CompteLib_0004;;;FACT-20240401-09771;20240405;EcritureLib_0002;20250422;7,80;0,00;D;AT/89;;
AT;Achats Tiime;AT/89;20240405;40100000;CompteLib_0001;FSTC;STC DIGIT;FACT-20240401-09771;20240405;EcritureLib_0002;20250422;0,00;46,80;C;AT/89;H;20241021
AT;Achats Tiime;AT/90;20240412;60100000;CompteLib_0005;;;24D10;20240412;EcritureLib_0003;20250422;45,44;0,00;D;AT/90;;
AT;Achats Tiime;AT/90;20240412;44566000;CompteLib_0004;;;24D10;20240412;EcritureLib_0003;20250422;2,50;0,00;D;AT/90;;
AT;Achats Tiime;AT/90;20240412;40100000;CompteLib_0001;FTRIANGLE;TRIANGLE;24D10;20240412;EcritureLib_0003;20250422;0,00;47,94;C;AT/90;J;20240424
AT;Achats Tiime;AT/91;20240414;60100000;CompteLib_0005;;;24D11;20240414;EcritureLib_0003;20250422;64,06;0,00;D;AT/91;;
AT;Achats Tiime;AT/91;20240414;44566000;CompteLib_0004;;;24D11;20240414;EcritureLib_0003;20250422;3,52;0,00;D;AT/91;;
AT;Achats Tiime;AT/91;20240414;40100000;CompteLib_0001;FTRIANGLE;TRIANGLE;24D11;20240414;EcritureLib_0003;20250422;0,00;67,58;C;AT/91;I;20240424
AT;Achats Tiime;AT/92;20240418;60100000;CompteLib_0005;;;24D16;20240418;EcritureLib_0003;20250422;29,37;0,00;D;AT/92;;
AT;Achats Tiime;AT/92;20240418;44566000;CompteLib_0004;;;24D16;20240418;EcritureLib_0003;20250422;1,62;0,00;D;AT/92;;
AT;Achats Tiime;AT/92;20240418;40100000;CompteLib_0001;FTRIANGLE;TRIANGLE;24D16;20240418;EcritureLib_0003;20250422;0,00;30,99;C;AT/92;H;20240424
AT;Achats Tiime;AT/93;20240419;60100000;CompteLib_0005;;;01.000.091756;20240419;EcritureLib_0012;20250422;78,92;0,00;D;AT/93;;
AT;Achats Tiime;AT/93;20240419;44566000;CompteLib_0004;;;01.000.091756;20240419;EcritureLib_0012;20250422;8,59;0,00;D;AT/93;;
AT;Achats Tiime;AT/93;20240419;40100000;CompteLib_0001;FPARISSTORE;PARIS STORE;01.000.091756;20240419;EcritureLib_0012;20250422;0,00;87,51;C;AT/93;G;20240424
AT;Achats Tiime;AT/94;20240423;60100000;CompteLib_0005;;;24D70;20240423;EcritureLib_0021;20250422;103,32;0,00;D;AT/94;;
AT;Achats Tiime;AT/94;20240423;40100000;CompteLib_0001;FTRIANGLE;TRIANGLE;24D70;20240423;EcritureLib_0021;20250422;0,00;103,32;C;AT/94;Q;20250214
AT;Achats Tiime;AT/95;20240423;60100000;CompteLib_0005;;;01.000.091828;20240423;EcritureLib_0007;20250422;52,09;0,00;D;AT/95;;
AT;Achats Tiime;AT/95;20240423;44566000;CompteLib_0004;;;01.000.091828;20240423;EcritureLib_0007;20250422;2,87;0,00;D;AT/95;;
AT;Achats Tiime;AT/95;20240423;40100000;CompteLib_0001;FPARISSTORE;PARIS STORE;01.000.091828;20240423;EcritureLib_0007;20250422;0,00;54,96;C;AT/95;H;20240525
AT;Achats Tiime;AT/96;20240423;60100000;CompteLib_0005;;;16;20240423;EcritureLib_0022;20250422;126,45;0,00;D;AT/96;;
AT;Achats Tiime;AT/96;20240423;44566000;CompteLib_0004;;;16;20240423;EcritureLib_0022;20250422;6,95;0,00;D;AT/96;;
AT;Achats Tiime;AT/96;20240423;40100000;CompteLib_0001;FASIAFRICA;ASIAFRICA;16;20240423;EcritureLib_0022;20250422;0,00;133,40;C;AT/96;B;20240429
AT;Achats Tiime;AT/97;20240426;60100000;CompteLib_0005;;;96760;20240426;EcritureLib_0023;20250422;76,27;0,00;D;AT/97;;
AT;Achats Tiime;AT/97;20240426;44566000;CompteLib_0004;;;96760;20240426;EcritureLib_0023;20250422;5,88;0,00;D;AT/97;;
AT;Achats Tiime;AT/97;20240426;40100000;CompteLib_0001;FPARISSTORE;PARIS STORE;96760;20240426;EcritureLib_0023;20250422;0,00;82,15;C;AT/97;M;20241016
AT;Achats Tiime;AT/98;20240428;61353000;CompteLib_0011;;;FAC00577;20240428;EcritureLib_0018;20250422;75,00;0,00;D;AT/98;;
AT;Achats Tiime;AT/98;20240428;44566000;CompteLib_0004;;;FAC00577;20240428;EcritureLib_0018;20250422;15,00;0,00;D;AT/98;;
AT;Achats Tiime;AT/98;20240428;40100000;CompteLib_0001;FLIVE;LIVE ADVICE;FAC00577;20240428;EcritureLib_0018;20250422;0,00;90,00;C;AT/98;G;20250217
AT;Achats Tiime;AT/99;20240429;60100000;CompteLib_0005;;;533338;20240429;EcritureLib_0015;20250422;202,22;0,00;D;AT/99;;
AT;Achats Tiime;AT/99;20240429;44566000;CompteLib_0004;;;533338;20240429;EcritureLib_0015;20250422;17,21;0,00;D;AT/99;;
AT;Achats Tiime;AT/99;20240429;40100000;CompteLib_0001;PROMOCASH;PROMOCASH;533338;20240429;EcritureLib_0015;20250422;0,00;219,43;C;AT/99;D;20240504
AT;Achats Tiime;AT/100;20240430;60100000;CompteLib_0005;;;0001-69214;20240430;EcritureLib_0015;20250422;70,61;0,00;D;AT/100;;
AT;Achats Tiime;AT/100;20240430;44566000;CompteLib_0004;;;0001-69214;20240430;EcritureLib_0015;20250422;3,88;0,00;D;AT/100;;
AT;Achats Tiime;AT/100;20240430;40100000;CompteLib_0001;PROMOCASH;PROMOCASH;0001-69214;20240430;EcritureLib_0015;20250422;0,00;74,49;C;AT/100;I;20250217
AT;Achats Tiime;AT/101;20240502;60100000;CompteLib_0005;;;01.000.092051;20240502;EcritureLib_0024;20250422;75,56;0,00;D;AT/101;;
AT;Achats Tiime;AT/101;20240502;44566000;CompteLib_0004;;;01.000.092051;20240502;EcritureLib_0024;20250422;4,35;0,00;D;AT/101;;
AT;Achats Tiime;AT/101;20240502;40100000;CompteLib_0001;FPARISSTORE;PARIS STORE;01.000.092051;20240502;EcritureLib_0024;20250422;0,00;79,91;C;AT/101;U;20250214
AT;Achats Tiime;AT/102;20240505;62260000;CompteLib_0003;;;FACT-20240501-09979;20240505;EcritureLib_0002;20250422;199,00;0,00;D;AT/102;;
AT;Achats Tiime;AT/102;20240505;44566000;CompteLib_0004;;;FACT-20240501-09979;20240505;EcritureLib_0002;20250422;39,80;0,00;D;AT/102;;
AT;Achats Tiime;AT/102;20240505;40100000;CompteLib_0001;FSTC;STC DIGIT;FACT-20240501-09979;20240505;EcritureLib_0002;20250422;0,00;238,80;C;AT/102;K;20241021
AT;Achats Tiime;AT/103;20240505;62260000;CompteLib_0003;;;FACT-20240501-09987;20240505;EcritureLib_0002;20250422;39,00;0,00;D;AT/103;;
AT;Achats Tiime;AT/103;20240505;44566000;CompteLib_0004;;;FACT-20240501-09987;20240505;EcritureLib_0002;20250422;7,80;0,00;D;AT/103;;
AT;Achats Tiime;AT/103;20240505;40100000;CompteLib_0001;FSTC;STC DIGIT;FACT-20240501-09987;20240505;EcritureLib_0002;20250422;0,00;46,80;C;AT/103;J;20241021
AT;Achats Tiime;AT/104;20240509;61320000;CompteLib_0007;;;24-05-160;20240509;EcritureLib_0005;20250422;860,00;0,00;D;AT/104;;
AT;Achats Tiime;AT/104;20240509;44566000;CompteLib_0004;;;24-05-160;20240509;EcritureLib_0005;20250422;172,00;0,00;D;AT/104;;
AT;Achats Tiime;AT/104;20240509;40100000;CompteLib_0001;FLAMARMITE;LA MARMITE;24-05-160;20240509;EcritureLib_0005;20250422;0,00;1032,00;C;AT/104;D;20240525
AT;Achats Tiime;AT/105;20240516;60616000;CompteLib_0009;;;24E22;20240516;EcritureLib_0025;20250422;34,17;0,00;D;AT/105;;
AT;Achats Tiime;AT/105;20240516;44566000;CompteLib_0004;;;24E22;20240516;EcritureLib_0025;20250422;6,84;0,00;D;AT/105;;
AT;Achats Tiime;AT/105;20240516;40100000;CompteLib_0001;FCARBU;CARBURANT;24E22;20240516;EcritureLib_0025;20250422;0,00;41,01;C;AT/105;BD;20240525
AT;Achats Tiime;AT/106;20240528;61353000;CompteLib_0011;;;FAC00600;20240528;EcritureLib_0026;20250422;75,00;0,00;D;AT/106;;
AT;Achats Tiime;AT/106;20240528;44566000;CompteLib_0004;;;FAC00600;20240528;EcritureLib_0026;20250422;15,00;0,00;D;AT/106;;
AT;Achats Tiime;AT/106;20240528;40100000;CompteLib_0001;FLIVE;LIVE ADVICE;FAC00600;20240528;EcritureLib_0026;20250422;0,00;90,00;C;AT/106;A;20240627
AT;Achats Tiime;AT/107;20240605;62260000;CompteLib_0003;;;FACT-20240601-10182;20240605;EcritureLib_0002;20250422;199,00;0,00;D;AT/107;;
AT;Achats Tiime;AT/107;20240605;44566000;CompteLib_0004;;;FACT-20240601-10182;20240605;EcritureLib_0002;20250422;39,80;0,00;D;AT/107;;
AT;Achats Tiime;AT/107;20240605;40100000;CompteLib_0001;FSTC;STC DIGIT;FACT-20240601-10182;20240605;EcritureLib_0002;20250422;0,00;238,80;C;AT/107;L;20241021
AT;Achats Tiime;AT/108;20240605;62260000;CompteLib_0003;;;FACT-20240601-10190;20240605;EcritureLib_0002;20250422;39,00;0,00;D;AT/108;;
AT;Achats Tiime;AT/108;20240605;44566000;CompteLib_0004;;;FACT-20240601-10190;20240605;EcritureLib_0002;20250422;7,80;0,00;D;AT/108;;
AT;Achats Tiime;AT/108;20240605;40100000;CompteLib_0001;FSTC;STC DIGIT;FACT-20240601-10190;20240605;EcritureLib_0002;20250422;0,00;46,80;C;AT/108;M;20241021
AT;Achats Tiime;AT/109;20240610;61552000;CompteLib_0012;;;NORFR0025P59-0052045;20240610;EcritureLib_0027;20250422;14,99;0,00;D;AT/109;;
AT;Achats Tiime;AT/109;20240610;44566000;CompteLib_0004;;;NORFR0025P59-0052045;20240610;EcritureLib_0027;20250422;3,00;0,00;D;AT/109;;
AT;Achats Tiime;AT/109;20240610;40100000;CompteLib_0001;FNORAUTO;NORAUTO;NORFR0025P59-0052045;20240610;EcritureLib_0027;20250422;0,00;17,99;C;AT/109;A;20250217
AT;Achats Tiime;AT/110;20240611;60100000;CompteLib_0005;;;24F84;20240611;EcritureLib_0021;20250422;114,25;0,00;D;AT/110;;
AT;Achats Tiime;AT/110;20240611;44566000;CompteLib_0004;;;24F84;20240611;EcritureLib_0021;20250422;6,28;0,00;D;AT/110;;
AT;Achats Tiime;AT/110;20240611;40100000;CompteLib_0001;FTRIANGLE;TRIANGLE;24F84;20240611;EcritureLib_0021;20250422;0,00;120,53;C;AT/110;R;20250214
AT;Achats Tiime;AT/111;20240611;60100000;CompteLib_0005;;;34;20240611;EcritureLib_0028;20250422;129,29;0,00;D;AT/111;;
AT;Achats Tiime;AT/111;20240611;44566000;CompteLib_0004;;;34;20240611;EcritureLib_0028;20250422;7,11;0,00;D;AT/111;;
AT;Achats Tiime;AT/111;20240611;40100000;CompteLib_0001;FASIAFRICA;ASIAFRICA;34;20240611;EcritureLib_0028;20250422;0,00;136,40;C;AT/111;G;20250226
AT;Achats Tiime;AT/112;20240612;60100000;CompteLib_0005;;;24F86;20240612;EcritureLib_0003;20250422;26,42;0,00;D;AT/112;;
AT;Achats Tiime;AT/112;20240612;44566000;CompteLib_0004;;;24F86;20240612;EcritureLib_0003;20250422;1,45;0,00;D;AT/112;;
AT;Achats Tiime;AT/112;20240612;40100000;CompteLib_0001;FTRIANGLE;TRIANGLE;24F86;20240612;EcritureLib_0003;20250422;0,00;27,87;C;AT/112;S;20250214
AT;Achats Tiime;AT/113;20240612;61320000;CompteLib_0007;;;24-06-173;20240612;EcritureLib_0005;20250422;860,00;0,00;D;AT/113;;
AT;Achats Tiime;AT/113;20240612;44566000;CompteLib_0004;;;24-06-173;20240612;EcritureLib_0005;20250422;172,00;0,00;D;AT/113;;
AT;Achats Tiime;AT/113;20240612;40100000;CompteLib_0001;FLAMARMITE;LA MARMITE;24-06-173;20240612;EcritureLib_0005;20250422;0,00;1032,00;C;AT/113;K;20250217
AT;Achats Tiime;AT/114;20240613;60100000;CompteLib_0005;;;24F88;20240613;EcritureLib_0003;20250422;60,27;0,00;D;AT/114;;
AT;Achats Tiime;AT/114;20240613;44566000;CompteLib_0004;;;24F88;20240613;EcritureLib_0003;20250422;3,32;0,00;D;AT/114;;
AT;Achats Tiime;AT/114;20240613;40100000;CompteLib_0001;FTRIANGLE;TRIANGLE;24F88;20240613;EcritureLib_0003;20250422;0,00;63,59;C;AT/114;T;20250214
AT;Achats Tiime;AT/115;20240613;60616000;CompteLib_0009;;;24F89;20240613;EcritureLib_0029;20250422;83,33;0,00;D;AT/115;;
AT;Achats Tiime;AT/115;20240613;44566000;CompteLib_0004;;;24F89;20240613;EcritureLib_0029;20250422;16,67;0,00;D;AT/115;;
AT;Achats Tiime;AT/115;20240613;40100000;CompteLib_0001;FCARBU;CARBURANT;24F89;20240613;EcritureLib_0029;20250422;0,00;100,00;C;AT/115;G;20250214
AT;Achats Tiime;AT/116;20240614;60100000;CompteLib_0005;;;132;20240614;EcritureLib_0030;20250422;92,70;0,00;D;AT/116;;
AT;Achats Tiime;AT/116;20240614;44566000;CompteLib_0004;;;132;20240614;EcritureLib_0030;20250422;5,10;0,00;D;AT/116;;
AT;Achats Tiime;AT/116;20240614;40100000;CompteLib_0001;FPARISSTORE;PARIS STORE;132;20240614;EcritureLib_0030;20250422;0,00;97,80;C;AT/116;R;20250214
AT;Achats Tiime;AT/117;20240614;60100000;CompteLib_0005;;;24F90;20240614;EcritureLib_0021;20250422;71,98;0,00;D;AT/117;;
AT;Achats Tiime;AT/117;20240614;44566000;CompteLib_0004;;;24F90;20240614;EcritureLib_0021;20250422;3,96;0,00;D;AT/117;;
AT;Achats Tiime;AT/117;20240614;40100000;CompteLib_0001;FTRIANGLE;TRIANGLE;24F90;20240614;EcritureLib_0021;20250422;0,00;75,94;C;AT/117;U;20250214
AT;Achats Tiime;AT/118;20240614;60100000;CompteLib_0005;;;01.000.093195;20240614;EcritureLib_0007;20250422;103,30;0,00;D;AT/118;;
AT;Achats Tiime;AT/118;20240614;44566000;CompteLib_0004;;;01.000.093195;20240614;EcritureLib_0007;20250422;6,06;0,00;D;AT/118;;
AT;Achats Tiime;AT/118;20240614;40100000;CompteLib_0001;FPARISSTORE;PARIS STORE;01.000.093195;20240614;EcritureLib_0007;20250422;0,00;109,36;C;AT/118;T;20250214
AT;Achats Tiime;AT/119;20240614;60100000;CompteLib_0005;;;24F17;20240614;EcritureLib_0031;20250422;10,98;0,00;D;AT/119;;
AT;Achats Tiime;AT/119;20240614;44566000;CompteLib_0004;;;24F17;20240614;EcritureLib_0031;20250422;0,60;0,00;D;AT/119;;
AT;Achats Tiime;AT/119;20240614;40100000;CompteLib_0001;FTRIANGLE;TRIANGLE;24F17;20240614;EcritureLib_0031;20250422;0,00;11,58;C;AT/119;K;20240627
AT;Achats Tiime;AT/120;20240619;60100000;CompteLib_0005;;;42;20240619;EcritureLib_0032;20250422;228,01;0,00;D;AT/120;;
AT;Achats Tiime;AT/120;20240619;44566000;CompteLib_0004;;;42;20240619;EcritureLib_0032;20250422;12,54;0,00;D;AT/120;;
AT;Achats Tiime;AT/120;20240619;40100000;CompteLib_0001;FASIAFRICA;ASIAFRICA;42;20240619;EcritureLib_0032;20250422;0,00;240,55;C;AT/120;F;20250214
AT;Achats Tiime;AT/121;20240620;60100000;CompteLib_0005;;;24F95;20240620;EcritureLib_0021;20250422;223,20;0,00;D;AT/121;;
AT;Achats Tiime;AT/121;20240620;44566000;CompteLib_0004;;;24F95;20240620;EcritureLib_0021;20250422;12,28;0,00;D;AT/121;;
AT;Achats Tiime;AT/121;20240620;40100000;CompteLib_0001;FTRIANGLE;TRIANGLE;24F95;20240620;EcritureLib_0021;20250422;0,00;235,48;C;AT/121;V;20250214
AT;Achats Tiime;AT/122;20240624;60100000;CompteLib_0005;;;24F96;20240624;EcritureLib_0021;20250422;35,51;0,00;D;AT/122;;
AT;Achats Tiime;AT/122;20240624;44566000;CompteLib_0004;;;24F96;20240624;EcritureLib_0021;20250422;1,95;0,00;D;AT/122;;
AT;Achats Tiime;AT/122;20240624;40100000;CompteLib_0001;FTRIANGLE;TRIANGLE;24F96;20240624;EcritureLib_0021;20250422;0,00;37,46;C;AT/122;W;20250214
AT;Achats Tiime;AT/123;20240625;60100000;CompteLib_0005;;;49;20240625;EcritureLib_0022;20250422;137,92;0,00;D;AT/123;;
AT;Achats Tiime;AT/123;20240625;44566000;CompteLib_0004;;;49;20240625;EcritureLib_0022;20250422;7,58;0,00;D;AT/123;;
AT;Achats Tiime;AT/123;20240625;40100000;CompteLib_0001;FASIAFRICA;ASIAFRICA;49;20240625;EcritureLib_0022;20250422;0,00;145,50;C;AT/123;C;20240702
AT;Achats Tiime;AT/124;20240625;70110000;CompteLib_0013;;;24-06-16;20240625;EcritureLib_0033;20250422;0,00;455,00;C;AT/124;;
AT;Achats Tiime;AT/124;20240625;41100000;CompteLib_0014;CASSINITIAT;ASS INITIATIVE LILLE METROPOLE NORD;24-06-16;20240625;EcritureLib_0033;20250422;500,50;0,00;D;AT/124;A;20250121
AT;Achats Tiime;AT/124;20240625;44571100;CompteLib_0015;;;24-06-16;20240625;EcritureLib_0034;20250422;0,00;45,50;C;AT/124;;
AT;Achats Tiime;AT/125;20240627;60100000;CompteLib_0005;;;01.000.093541;20240627;EcritureLib_0007;20250422;112,23;0,00;D;AT/125;;
AT;Achats Tiime;AT/125;20240627;44566000;CompteLib_0004;;;01.000.093541;20240627;EcritureLib_0007;20250422;6,16;0,00;D;AT/125;;
AT;Achats Tiime;AT/125;20240627;40100000;CompteLib_0001;FPARISSTORE;PARIS STORE;01.000.093541;20240627;EcritureLib_0007;20250422;0,00;118,39;C;AT/125;S;20250214
AT;Achats Tiime;AT/126;20240628;61353000;CompteLib_0011;;;FAC00625;20240628;EcritureLib_0018;20250422;75,00;0,00;D;AT/126;;
AT;Achats Tiime;AT/126;20240628;44566000;CompteLib_0004;;;FAC00625;20240628;EcritureLib_0018;20250422;15,00;0,00;D;AT/126;;
AT;Achats Tiime;AT/126;20240628;40100000;CompteLib_0001;FLIVE;LIVE ADVICE;FAC00625;20240628;EcritureLib_0018;20250422;0,00;90,00;C;AT/126;H;20250217
AT;Achats Tiime;AT/127;20240703;60100000;CompteLib_0005;;;11;20240703;EcritureLib_0032;20250422;153,56;0,00;D;AT/127;;
AT;Achats Tiime;AT/127;20240703;44566000;CompteLib_0004;;;11;20240703;EcritureLib_0032;20250422;8,44;0,00;D;AT/127;;
AT;Achats Tiime;AT/127;20240703;40100000;CompteLib_0001;FASIAFRICA;ASIAFRICA;11;20240703;EcritureLib_0032;20250422;0,00;162,00;C;AT/127;D;20240713
AT;Achats Tiime;AT/128;20240705;62260000;CompteLib_0003;;;FACT-20240701-10364;20240705;EcritureLib_0002;20250422;199,00;0,00;D;AT/128;;
AT;Achats Tiime;AT/128;20240705;44566000;CompteLib_0004;;;FACT-20240701-10364;20240705;EcritureLib_0002;20250422;39,80;0,00;D;AT/128;;
AT;Achats Tiime;AT/128;20240705;40100000;CompteLib_0001;FSTC;STC DIGIT;FACT-20240701-10364;20240705;EcritureLib_0002;20250422;0,00;238,80;C;AT/128;O;20241021
AT;Achats Tiime;AT/129;20240705;60100000;CompteLib_0005;;;24G22;20240705;EcritureLib_0035;20250422;185,65;0,00;D;AT/129;;
AT;Achats Tiime;AT/129;20240705;44566000;CompteLib_0004;;;24G22;20240705;EcritureLib_0035;20250422;10,21;0,00;D;AT/129;;
AT;Achats Tiime;AT/129;20240705;40100000;CompteLib_0001;FPARISSTORE;PARIS STORE;24G22;20240705;EcritureLib_0035;20250422;0,00;195,86;C;AT/129;O;20241016
AT;Achats Tiime;AT/130;20240705;62260000;CompteLib_0003;;;FACT-20240701-10370;20240705;EcritureLib_0002;20250422;258,00;0,00;D;AT/130;;
AT;Achats Tiime;AT/130;20240705;44566000;CompteLib_0004;;;FACT-20240701-10370;20240705;EcritureLib_0002;20250422;51,60;0,00;D;AT/130;;
AT;Achats Tiime;AT/130;20240705;40100000;CompteLib_0001;FSTC;STC DIGIT;FACT-20240701-10370;20240705;EcritureLib_0002;20250422;0,00;309,60;C;AT/130;N;20241021
AT;Achats Tiime;AT/131;20240710;61320000;CompteLib_0007;;;24-07-182;20240710;EcritureLib_0005;20250422;860,00;0,00;D;AT/131;;
AT;Achats Tiime;AT/131;20240710;44566000;CompteLib_0004;;;24-07-182;20240710;EcritureLib_0005;20250422;172,00;0,00;D;AT/131;;
AT;Achats Tiime;AT/131;20240710;40100000;CompteLib_0001;FLAMARMITE;LA MARMITE;24-07-182;20240710;EcritureLib_0005;20250422;0,00;1032,00;C;AT/131;E;20240711
AT;Achats Tiime;AT/132;20240718;61350000;CompteLib_0008;;;92989379;20240718;EcritureLib_0009;20250422;94,50;0,00;D;AT/132;;
AT;Achats Tiime;AT/132;20240718;44566000;CompteLib_0004;;;92989379;20240718;EcritureLib_0009;20250422;18,90;0,00;D;AT/132;;
AT;Achats Tiime;AT/132;20240718;40100000;CompteLib_0001;FAVEM;AVEM;92989379;20240718;EcritureLib_0009;20250422;0,00;113,40;C;AT/132;B;20240924
AT;Achats Tiime;AT/133;20240724;60100000;CompteLib_0005;;;24G78;20240724;EcritureLib_0021;20250422;34,84;0,00;D;AT/133;;
AT;Achats Tiime;AT/133;20240724;44566000;CompteLib_0004;;;24G78;20240724;EcritureLib_0021;20250422;1,92;0,00;D;AT/133;;
AT;Achats Tiime;AT/133;20240724;40100000;CompteLib_0001;FTRIANGLE;TRIANGLE;24G78;20240724;EcritureLib_0021;20250422;0,00;36,76;C;AT/133;P;20250214
AT;Achats Tiime;AT/134;20240725;60616000;CompteLib_0009;;;24G79;20240725;EcritureLib_0036;20250422;66,92;0,00;D;AT/134;;
AT;Achats Tiime;AT/134;20240725;44566000;CompteLib_0004;;;24G79;20240725;EcritureLib_0036;20250422;13,38;0,00;D;AT/134;;
AT;Achats Tiime;AT/134;20240725;40100000;CompteLib_0001;FCARBU;CARBURANT;24G79;20240725;EcritureLib_0036;20250422;0,00;80,30;C;AT/134;F;20250214
AT;Achats Tiime;AT/135;20240728;61353000;CompteLib_0011;;;FAC00650;20240728;EcritureLib_0018;20250422;75,00;0,00;D;AT/135;;
AT;Achats Tiime;AT/135;20240728;44566000;CompteLib_0004;;;FAC00650;20240728;EcritureLib_0018;20250422;15,00;0,00;D;AT/135;;
AT;Achats Tiime;AT/135;20240728;40100000;CompteLib_0001;FLIVE;LIVE ADVICE;FAC00650;20240728;EcritureLib_0018;20250422;0,00;90,00;C;AT/135;I;20250217
AT;Achats Tiime;AT/136;20240805;62260000;CompteLib_0003;;;FACT-20240801-10558;20240805;EcritureLib_0002;20250422;199,00;0,00;D;AT/136;;
AT;Achats Tiime;AT/136;20240805;44566000;CompteLib_0004;;;FACT-20240801-10558;20240805;EcritureLib_0002;20250422;39,80;0,00;D;AT/136;;
AT;Achats Tiime;AT/136;20240805;40100000;CompteLib_0001;FSTC;STC DIGIT;FACT-20240801-10558;20240805;EcritureLib_0002;20250422;0,00;238,80;C;AT/136;P;20241021
AT;Achats Tiime;AT/137;20240805;62260000;CompteLib_0003;;;FACT-20240801-10630;20240805;EcritureLib_0002;20250422;58,50;0,00;D;AT/137;;
AT;Achats Tiime;AT/137;20240805;44566000;CompteLib_0004;;;FACT-20240801-10630;20240805;EcritureLib_0002;20250422;11,70;0,00;D;AT/137;;
AT;Achats Tiime;AT/137;20240805;40100000;CompteLib_0001;FSTC;STC DIGIT;FACT-20240801-10630;20240805;EcritureLib_0002;20250422;0,00;70,20;C;AT/137;Q;20241021
AT;Achats Tiime;AT/138;20240807;60616000;CompteLib_0009;;;24H13;20240807;EcritureLib_0037;20250422;119,41;0,00;D;AT/138;;
AT;Achats Tiime;AT/138;20240807;40100000;CompteLib_0001;FCARBU;CARBURANT;24H13;20240807;EcritureLib_0037;20250422;0,00;119,41;C;AT/138;E;20240928
AT;Achats Tiime;AT/139;20240809;61320000;CompteLib_0007;;;24-08-187;20240809;EcritureLib_0005;20250422;860,00;0,00;D;AT/139;;
AT;Achats Tiime;AT/139;20240809;44566000;CompteLib_0004;;;24-08-187;20240809;EcritureLib_0005;20250422;172,00;0,00;D;AT/139;;
AT;Achats Tiime;AT/139;20240809;40100000;CompteLib_0001;FLAMARMITE;LA MARMITE;24-08-187;20240809;EcritureLib_0005;20250422;0,00;1032,00;C;AT/139;J;20250217
AT;Achats Tiime;AT/140;20240817;60100000;CompteLib_0005;;;24H18;20240817;EcritureLib_0003;20250422;58,53;0,00;D;AT/140;;
AT;Achats Tiime;AT/140;20240817;44566000;CompteLib_0004;;;24H18;20240817;EcritureLib_0003;20250422;3,22;0,00;D;AT/140;;
AT;Achats Tiime;AT/140;20240817;40100000;CompteLib_0001;FTRIANGLE;TRIANGLE;24H18;20240817;EcritureLib_0003;20250422;0,00;61,75;C;AT/140;L;20240904
AT;Achats Tiime;AT/141;20240828;61353000;CompteLib_0011;;;FAC00674;20240828;EcritureLib_0018;20250422;75,00;0,00;D;AT/141;;
AT;Achats Tiime;AT/141;20240828;44566000;CompteLib_0004;;;FAC00674;20240828;EcritureLib_0018;20250422;15,00;0,00;D;AT/141;;
AT;Achats Tiime;AT/141;20240828;40100000;CompteLib_0001;FLIVE;LIVE ADVICE;FAC00674;20240828;EcritureLib_0018;20250422;0,00;90,00;C;AT/141;E;20250217
AT;Achats Tiime;AT/142;20240829;60100000;CompteLib_0005;;;24H47;20240829;EcritureLib_0038;20250422;66,46;0,00;D;AT/142;;
AT;Achats Tiime;AT/142;20240829;40100000;CompteLib_0001;FPARISSTORE;PARIS STORE;24H47;20240829;EcritureLib_0038;20250422;0,00;66,46;C;AT/142;Q;20250214
AT;Achats Tiime;AT/143;20240831;60100000;CompteLib_0005;;;FA2408-0488;20240831;EcritureLib_0039;20250422;221,90;0,00;D;AT/143;;
AT;Achats Tiime;AT/143;20240831;44566000;CompteLib_0004;;;FA2408-0488;20240831;EcritureLib_0039;20250422;12,22;0,00;D;AT/143;;
AT;Achats Tiime;AT/143;20240831;40100000;CompteLib_0001;HAART;HAART;FA2408-0488;20240831;EcritureLib_0039;20250422;0,00;234,12;C;AT/143;B;20240928
AT;Achats Tiime;AT/144;20240903;60100000;CompteLib_0005;;;01.000.095060;20240903;EcritureLib_0012;20250422;86,08;0,00;D;AT/144;;
AT;Achats Tiime;AT/144;20240903;44566000;CompteLib_0004;;;01.000.095060;20240903;EcritureLib_0012;20250422;4,73;0,00;D;AT/144;;
AT;Achats Tiime;AT/144;20240903;40100000;CompteLib_0001;FPARISSTORE;PARIS STORE;01.000.095060;20240903;EcritureLib_0012;20250422;0,00;90,81;C;AT/144;I;20240924
AT;Achats Tiime;AT/145;20240903;60100000;CompteLib_0005;;;11;20240903;EcritureLib_0032;20250422;65,41;0,00;D;AT/145;;
AT;Achats Tiime;AT/145;20240903;44566000;CompteLib_0004;;;11;20240903;EcritureLib_0032;20250422;3,59;0,00;D;AT/145;;
AT;Achats Tiime;AT/145;20240903;40100000;CompteLib_0001;FASIAFRICA;ASIAFRICA;11;20240903;EcritureLib_0032;20250422;0,00;69,00;C;AT/145;E;20241011
AT;Achats Tiime;AT/146;20240905;62260000;CompteLib_0003;;;FACT-20240901-10748;20240905;EcritureLib_0002;20250422;199,00;0,00;D;AT/146;;
AT;Achats Tiime;AT/146;20240905;44566000;CompteLib_0004;;;FACT-20240901-10748;20240905;EcritureLib_0002;20250422;42,20;0,00;D;AT/146;;
AT;Achats Tiime;AT/146;20240905;40100000;CompteLib_0001;FSTC;STC DIGIT;FACT-20240901-10748;20240905;EcritureLib_0002;20250422;0,00;253,20;C;AT/146;S;20241021
AT;Achats Tiime;AT/146;20240905;61355000;CompteLib_0016;;;FACT-20240901-10748;20240905;EcritureLib_0002;20250422;12,00;0,00;D;AT/146;;
AT;Achats Tiime;AT/147;20240905;62260000;CompteLib_0003;;;FACT-20240901-10816;20240905;EcritureLib_0002;20250422;148,50;0,00;D;AT/147;;
AT;Achats Tiime;AT/147;20240905;44566000;CompteLib_0004;;;FACT-20240901-10816;20240905;EcritureLib_0002;20250422;29,70;0,00;D;AT/147;;
AT;Achats Tiime;AT/147;20240905;40100000;CompteLib_0001;FSTC;STC DIGIT;FACT-20240901-10816;20240905;EcritureLib_0002;20250422;0,00;178,20;C;AT/147;R;20241021
AT;Achats Tiime;AT/148;20240905;60100000;CompteLib_0005;;;01.000.095117;20240905;EcritureLib_0007;20250422;132,40;0,00;D;AT/148;;
AT;Achats Tiime;AT/148;20240905;44566000;CompteLib_0004;;;01.000.095117;20240905;EcritureLib_0007;20250422;7,28;0,00;D;AT/148;;
AT;Achats Tiime;AT/148;20240905;40100000;CompteLib_0001;FPARISSTORE;PARIS STORE;01.000.095117;20240905;EcritureLib_0007;20250422;0,00;139,68;C;AT/148;L;20241011
AT;Achats Tiime;AT/149;20240906;60100000;CompteLib_0005;;;553780;20240906;EcritureLib_0015;20250422;134,54;0,00;D;AT/149;;
AT;Achats Tiime;AT/149;20240906;44566000;CompteLib_0004;;;553780;20240906;EcritureLib_0015;20250422;10,39;0,00;D;AT/149;;
AT;Achats Tiime;AT/149;20240906;40100000;CompteLib_0001;PROMOCASH;PROMOCASH;553780;20240906;EcritureLib_0015;20250422;0,00;144,93;C;AT/149;E;20240924
AT;Achats Tiime;AT/150;20240910;60100000;CompteLib_0005;;;24I26;20240910;EcritureLib_0040;20250422;22,18;0,00;D;AT/150;;
AT;Achats Tiime;AT/150;20240910;44566000;CompteLib_0004;;;24I26;20240910;EcritureLib_0040;20250422;1,22;0,00;D;AT/150;;
AT;Achats Tiime;AT/150;20240910;40100000;CompteLib_0001;PROMOCASH;PROMOCASH;24I26;20240910;EcritureLib_0040;20250422;0,00;23,40;C;AT/150;F;20240924
AT;Achats Tiime;AT/151;20240910;60100000;CompteLib_0005;;;24I25;20240910;EcritureLib_0003;20250422;216,02;0,00;D;AT/151;;
AT;Achats Tiime;AT/151;20240910;44566000;CompteLib_0004;;;24I25;20240910;EcritureLib_0003;20250422;11,88;0,00;D;AT/151;;
AT;Achats Tiime;AT/151;20240910;40100000;CompteLib_0001;FTRIANGLE;TRIANGLE;24I25;20240910;EcritureLib_0003;20250422;0,00;227,90;C;AT/151;M;20240924
AT;Achats Tiime;AT/152;20240912;60616000;CompteLib_0009;;;24I29;20240912;EcritureLib_0020;20250422;42,35;0,00;D;AT/152;;
AT;Achats Tiime;AT/152;20240912;44566000;CompteLib_0004;;;24I29;20240912;EcritureLib_0020;20250422;8,47;0,00;D;AT/152;;
AT;Achats Tiime;AT/152;20240912;40100000;CompteLib_0001;FCARBU;CARBURANT;24I29;20240912;EcritureLib_0020;20250422;0,00;50,82;C;AT/152;C;20240924
AT;Achats Tiime;AT/153;20240914;60100000;CompteLib_0005;;;24I37;20240914;EcritureLib_0003;20250422;21,85;0,00;D;AT/153;;
AT;Achats Tiime;AT/153;20240914;44566000;CompteLib_0004;;;24I37;20240914;EcritureLib_0003;20250422;1,20;0,00;D;AT/153;;
AT;Achats Tiime;AT/153;20240914;40100000;CompteLib_0001;FTRIANGLE;TRIANGLE;24I37;20240914;EcritureLib_0003;20250422;0,00;23,05;C;AT/153;O;20241011
AT;Achats Tiime;AT/154;20240916;60100000;CompteLib_0005;;;01.000.095434;20240916;EcritureLib_0007;20250422;136,20;0,00;D;AT/154;;
AT;Achats Tiime;AT/154;20240916;44566000;CompteLib_0004;;;01.000.095434;20240916;EcritureLib_0007;20250422;7,55;0,00;D;AT/154;;
AT;Achats Tiime;AT/154;20240916;40100000;CompteLib_0001;FPARISSTORE;PARIS STORE;01.000.095434;20240916;EcritureLib_0007;20250422;0,00;143,75;C;AT/154;K;20241011
AT;Achats Tiime;AT/155;20240917;61320000;CompteLib_0007;;;24-09-199;20240917;EcritureLib_0005;20250422;860,00;0,00;D;AT/155;;
AT;Achats Tiime;AT/155;20240917;44566000;CompteLib_0004;;;24-09-199;20240917;EcritureLib_0005;20250422;172,00;0,00;D;AT/155;;
AT;Achats Tiime;AT/155;20240917;40100000;CompteLib_0001;FLAMARMITE;LA MARMITE;24-09-199;20240917;EcritureLib_0005;20250422;0,00;1032,00;C;AT/155;F;20240919
AT;Achats Tiime;AT/156;20240919;60100000;CompteLib_0005;;;24I64;20240919;EcritureLib_0041;20250422;7,11;0,00;D;AT/156;;
AT;Achats Tiime;AT/156;20240919;44566000;CompteLib_0004;;;24I64;20240919;EcritureLib_0041;20250422;0,39;0,00;D;AT/156;;
AT;Achats Tiime;AT/156;20240919;40100000;CompteLib_0001;FGRAND;GRAND FRAIS;24I64;20240919;EcritureLib_0041;20250422;0,00;7,50;C;AT/156;E;20241016
AT;Achats Tiime;AT/157;20240919;60100000;CompteLib_0005;;;24I63;20240919;EcritureLib_0003;20250422;212,81;0,00;D;AT/157;;
AT;Achats Tiime;AT/157;20240919;44566000;CompteLib_0004;;;24I63;20240919;EcritureLib_0003;20250422;12,18;0,00;D;AT/157;;
AT;Achats Tiime;AT/157;20240919;40100000;CompteLib_0001;FTRIANGLE;TRIANGLE;24I63;20240919;EcritureLib_0003;20250422;0,00;224,99;C;AT/157;N;20241011
AT;Achats Tiime;AT/158;20240928;60100000;CompteLib_0005;;;01.000.095735;20240928;EcritureLib_0007;20250422;213,35;0,00;D;AT/158;;
AT;Achats Tiime;AT/158;20240928;44566000;CompteLib_0004;;;01.000.095735;20240928;EcritureLib_0007;20250422;12,75;0,00;D;AT/158;;
AT;Achats Tiime;AT/158;20240928;40100000;CompteLib_0001;FPARISSTORE;PARIS STORE;01.000.095735;20240928;EcritureLib_0007;20250422;0,00;226,10;C;AT/158;J;20241011
AT;Achats Tiime;AT/159;20240928;61353000;CompteLib_0011;;;FAC00702;20240928;EcritureLib_0018;20250422;75,00;0,00;D;AT/159;;
AT;Achats Tiime;AT/159;20240928;44566000;CompteLib_0004;;;FAC00702;20240928;EcritureLib_0018;20250422;15,00;0,00;D;AT/159;;
AT;Achats Tiime;AT/159;20240928;40100000;CompteLib_0001;FLIVE;LIVE ADVICE;FAC00702;20240928;EcritureLib_0018;20250422;0,00;90,00;C;AT/159;F;20250217
AT;Achats Tiime;AT/160;20241005;62260000;CompteLib_0003;;;FACT-20241001-10947;20241005;EcritureLib_0002;20250422;199,00;0,00;D;AT/160;;
AT;Achats Tiime;AT/160;20241005;44566000;CompteLib_0004;;;FACT-20241001-10947;20241005;EcritureLib_0002;20250422;42,20;0,00;D;AT/160;;
AT;Achats Tiime;AT/160;20241005;40100000;CompteLib_0001;FSTC;STC DIGIT;FACT-20241001-10947;20241005;EcritureLib_0002;20250422;0,00;253,20;C;AT/160;T;20241025
AT;Achats Tiime;AT/160;20241005;61355000;CompteLib_0016;;;FACT-20241001-10947;20241005;EcritureLib_0002;20250422;12,00;0,00;D;AT/160;;
AT;Achats Tiime;AT/161;20241005;60100000;CompteLib_0005;;;558909;20241005;EcritureLib_0015;20250422;118,80;0,00;D;AT/161;;
AT;Achats Tiime;AT/161;20241005;44566000;CompteLib_0004;;;558909;20241005;EcritureLib_0015;20250422;12,12;0,00;D;AT/161;;
AT;Achats Tiime;AT/161;20241005;40100000;CompteLib_0001;PROMOCASH;PROMOCASH;558909;20241005;EcritureLib_0015;20250422;0,00;130,92;C;AT/161;G;20241115
AT;Achats Tiime;AT/162;20241005;62260000;CompteLib_0003;;;FACT-20241001-11011;20241005;EcritureLib_0002;20250422;19,50;0,00;D;AT/162;;
AT;Achats Tiime;AT/162;20241005;44566000;CompteLib_0004;;;FACT-20241001-11011;20241005;EcritureLib_0002;20250422;3,90;0,00;D;AT/162;;
AT;Achats Tiime;AT/162;20241005;40100000;CompteLib_0001;FSTC;STC DIGIT;FACT-20241001-11011;20241005;EcritureLib_0002;20250422;0,00;23,40;C;AT/162;U;20241115
AT;Achats Tiime;AT/163;20241008;61320000;CompteLib_0007;;;24-10-210;20241008;EcritureLib_0005;20250422;860,00;0,00;D;AT/163;;
AT;Achats Tiime;AT/163;20241008;44566000;CompteLib_0004;;;24-10-210;20241008;EcritureLib_0005;20250422;172,00;0,00;D;AT/163;;
AT;Achats Tiime;AT/163;20241008;40100000;CompteLib_0001;FLAMARMITE;LA MARMITE;24-10-210;20241008;EcritureLib_0005;20250422;0,00;1032,00;C;AT/163;I;20241115
AT;Achats Tiime;AT/164;20241008;60630000;CompteLib_0010;;;FC-2024-003;20241008;EcritureLib_0042;20250422;230,00;0,00;D;AT/164;;
AT;Achats Tiime;AT/164;20241008;44566000;CompteLib_0004;;;FC-2024-003;20241008;EcritureLib_0042;20250422;46,00;0,00;D;AT/164;;
AT;Achats Tiime;AT/164;20241008;40100000;CompteLib_0001;FPUMMAROLA;PUMMAROLA E LIMONE;FC-2024-003;20241008;EcritureLib_0042;20250422;0,00;276,00;C;AT/164;A;20241115
AT;Achats Tiime;AT/165;20241018;60100000;CompteLib_0005;;;561203;20241018;EcritureLib_0040;20250422;99,58;0,00;D;AT/165;;
AT;Achats Tiime;AT/165;20241018;44566000;CompteLib_0004;;;561203;20241018;EcritureLib_0040;20250422;5,48;0,00;D;AT/165;;
AT;Achats Tiime;AT/165;20241018;40100000;CompteLib_0001;PROMOCASH;PROMOCASH;561203;20241018;EcritureLib_0040;20250422;0,00;105,06;C;AT/165;J;20250226
AT;Achats Tiime;AT/166;20241028;61353000;CompteLib_0011;;;FAC00730;20241028;EcritureLib_0026;20250422;75,00;0,00;D;AT/166;;
AT;Achats Tiime;AT/166;20241028;44566000;CompteLib_0004;;;FAC00730;20241028;EcritureLib_0026;20250422;15,00;0,00;D;AT/166;;
AT;Achats Tiime;AT/166;20241028;40100000;CompteLib_0001;FLIVE;LIVE ADVICE;FAC00730;20241028;EcritureLib_0026;20250422;0,00;90,00;C;AT/166;B;20241115
AT;Achats Tiime;AT/167;20241128;61353000;CompteLib_0011;;;FAC00759;20241128;EcritureLib_0018;20250422;75,00;0,00;D;AT/167;;
AT;Achats Tiime;AT/167;20241128;44566000;CompteLib_0004;;;FAC00759;20241128;EcritureLib_0018;20250422;15,00;0,00;D;AT/167;;
AT;Achats Tiime;AT/167;20241128;40100000;CompteLib_0001;FLIVE;LIVE ADVICE;FAC00759;20241128;EcritureLib_0018;20250422;0,00;90,00;C;AT/167;D;20250217
AT;Achats Tiime;AT/168;20241216;60630000;CompteLib_0010;;;2024122210044109;20241216;EcritureLib_0043;20250422;83,10;0,00;D;AT/168;;
AT;Achats Tiime;AT/168;20241216;40100000;CompteLib_0001;FSTOKOMANI;STOKOMANI;2024122210044109;20241216;EcritureLib_0043;20250422;0,00;83,10;C;AT/168;A;20250217
AT;Achats Tiime;AT/169;20241216;60630000;CompteLib_0010;;;2024121610046211;20241216;EcritureLib_0043;20250422;81,14;0,00;D;AT/169;;
AT;Achats Tiime;AT/169;20241216;40100000;CompteLib_0001;FSTOKOMANI;STOKOMANI;2024121610046211;20241216;EcritureLib_0043;20250422;0,00;81,14;C;AT/169;B;20250226
AT;Achats Tiime;AT/170;20241228;60630000;CompteLib_0010;;;24L19;20241228;EcritureLib_0044;20250422;40,83;0,00;D;AT/170;;
AT;Achats Tiime;AT/170;20241228;44566000;CompteLib_0004;;;24L19;20241228;EcritureLib_0044;20250422;8,16;0,00;D;AT/170;;
AT;Achats Tiime;AT/170;20241228;40100000;CompteLib_0001;FFOIREF;FOIRE FOUILLE;24L19;20241228;EcritureLib_0044;20250422;0,00;48,99;C;AT/170;A;20250217
AT;Achats Tiime;AT/171;20241228;60630000;CompteLib_0010;;;24L20;20241228;EcritureLib_0044;20250422;124,92;0,00;D;AT/171;;
AT;Achats Tiime;AT/171;20241228;44566000;CompteLib_0004;;;24L20;20241228;EcritureLib_0044;20250422;24,98;0,00;D;AT/171;;
AT;Achats Tiime;AT/171;20241228;40100000;CompteLib_0001;FFOIREF;FOIRE FOUILLE;24L20;20241228;EcritureLib_0044;20250422;0,00;149,90;C;AT/171;B;20250217
EX;Extourne;EX/1;20241231;61350000;CompteLib_0008;;;24L33;20241231;EcritureLib_0045;20250422;0,00;56,40;C;EX/1;;
EX;Extourne;EX/1;20241231;48600000;CompteLib_0017;;;24L33;20241231;EcritureLib_0045;20250422;56,40;0,00;D;EX/1;;
EX;Extourne;EX/2;20241231;66110000;CompteLib_0018;;;24L35;20241231;EcritureLib_0046;20250422;100,22;0,00;D;EX/2;;
EX;Extourne;EX/2;20241231;16884000;CompteLib_0019;;;24L35;20241231;EcritureLib_0046;20250422;0,00;100,22;C;EX/2;;
LC;Banque LC;LC/110;20240102;62700000;CompteLib_0020;;;24A2;20240102;EcritureLib_0047;20250422;5,00;0,00;D;LC/110;;
LC;Banque LC;LC/110;20240102;51200000;CompteLib_0021;;;24A2;20240102;EcritureLib_0047;20250422;0,00;5,00;C;LC/110;;
LC;Banque LC;LC/111;20240102;61630000;CompteLib_0022;;;24A42;20240102;EcritureLib_0048;20250422;140,95;0,00;D;LC/111;;
LC;Banque LC;LC/111;20240102;51200000;CompteLib_0021;;;24A42;20240102;EcritureLib_0048;20250422;0,00;172,11;C;LC/111;;
LC;Banque LC;LC/111;20240102;61610000;CompteLib_0023;;;24A42;20240102;EcritureLib_0048;20250422;31,16;0,00;D;LC/111;;
LC;Banque LC;LC/112;20240103;40100000;CompteLib_0001;FDOTCOM;DOTCOM;24A3;20240103;EcritureLib_0049;20250422;690,00;0,00;D;LC/112;A;20240223
LC;Banque LC;LC/112;20240103;51200000;CompteLib_0021;;;24A3;20240103;EcritureLib_0049;20250422;0,00;690,00;C;LC/112;;
LC;Banque LC;LC/113;20240105;61600000;CompteLib_0024;;;24A5;20240105;EcritureLib_0050;20250422;4,41;0,00;D;LC/113;;
LC;Banque LC;LC/113;20240105;51200000;CompteLib_0021;;;24A5;20240105;EcritureLib_0050;20250422;0,00;4,41;C;LC/113;;
LC;Banque LC;LC/114;20240105;40100000;CompteLib_0001;FLAMARMITE;LA MARMITE;24A4;20240105;EcritureLib_0051;20250422;1032,00;0,00;D;LC/114;C;20240112
LC;Banque LC;LC/114;20240105;51200000;CompteLib_0021;;;24A4;20240105;EcritureLib_0051;20250422;0,00;1032,00;C;LC/114;;
LC;Banque LC;LC/115;20240108;40100000;CompteLib_0001;FTRIANGLE;TRIANGLE;24A8;20240108;EcritureLib_0052;20250422;38,44;0,00;D;LC/115;A;20240223
LC;Banque LC;LC/115;20240108;51200000;CompteLib_0021;;;24A8;20240108;EcritureLib_0052;20250422;0,00;38,44;C;LC/115;;
LC;Banque LC;LC/116;20240109;41100000;CompteLib_0014;CVOREUX;VOREUX;24A9;20240109;EcritureLib_0053;20250422;0,00;141,10;C;LC/116;A;20241016
LC;Banque LC;LC/116;20240109;51200000;CompteLib_0021;;;24A9;20240109;EcritureLib_0053;20250422;141,10;0,00;D;LC/116;;
LC;Banque LC;LC/117;20240111;40100000;CompteLib_0001;COMINES;COMINES;24A11;20240111;EcritureLib_0054;20250422;32,00;0,00;D;LC/117;A;20240424
LC;Banque LC;LC/117;20240111;51200000;CompteLib_0021;;;24A11;20240111;EcritureLib_0054;20250422;0,00;32,00;C;LC/117;;
LC;Banque LC;LC/118;20240116;63580000;CompteLib_0006;;;24A16;20240116;EcritureLib_0054;20250422;32,00;0,00;D;LC/118;;
LC;Banque LC;LC/118;20240116;51200000;CompteLib_0021;;;24A16;20240116;EcritureLib_0054;20250422;0,00;32,00;C;LC/118;;
LC;Banque LC;LC/119;20240116;43100000;CompteLib_0025;;;24A15;20240116;EcritureLib_0055;20250422;740,00;0,00;D;LC/119;D;20250303
LC;Banque LC;LC/119;20240116;51200000;CompteLib_0021;;;24A15;20240116;EcritureLib_0055;20250422;0,00;740,00;C;LC/119;;
LC;Banque LC;LC/120;20240118;40100000;CompteLib_0001;FPARISSTORE;PARIS STORE;24A21;20240118;EcritureLib_0056;20250422;96,00;0,00;D;LC/120;F;20240404
LC;Banque LC;LC/120;20240118;51200000;CompteLib_0021;;;24A21;20240118;EcritureLib_0056;20250422;0,00;96,00;C;LC/120;;
LC;Banque LC;LC/121;20240118;40100000;CompteLib_0001;FTRIANGLE;TRIANGLE;24A22;20240118;EcritureLib_0057;20250422;23,81;0,00;D;LC/121;G;20240424
LC;Banque LC;LC/121;20240118;51200000;CompteLib_0021;;;24A22;20240118;EcritureLib_0057;20250422;0,00;23,81;C;LC/121;;
LC;Banque LC;LC/122;20240118;40100000;CompteLib_0001;FPARISSTORE;PARIS STORE;24A20;20240118;EcritureLib_0056;20250422;185,87;0,00;D;LC/122;E;20240326
LC;Banque LC;LC/122;20240118;51200000;CompteLib_0021;;;24A20;20240118;EcritureLib_0056;20250422;0,00;185,87;C;LC/122;;
LC;Banque LC;LC/123;20240119;16400000;CompteLib_0026;;;24A24;20240119;EcritureLib_0058;20250422;292,90;0,00;D;LC/123;;
LC;Banque LC;LC/123;20240119;51200000;CompteLib_0021;;;24A24;20240119;EcritureLib_0058;20250422;0,00;292,90;C;LC/123;;
LC;Banque LC;LC/124;20240122;61350000;CompteLib_0008;;;24A25;20240122;EcritureLib_0059;20250422;80,63;0,00;D;LC/124;;
LC;Banque LC;LC/124;20240122;44566000;CompteLib_0004;;;24A25;20240122;EcritureLib_0059;20250422;16,13;0,00;D;LC/124;;
LC;Banque LC;LC/124;20240122;51200000;CompteLib_0021;;;24A25;20240122;EcritureLib_0059;20250422;0,00;96,76;C;LC/124;;
LC;Banque LC;LC/125;20240123;74000000;CompteLib_0027;;;24A45;20240123;EcritureLib_0060;20250422;0,00;347,57;C;LC/125;;
LC;Banque LC;LC/125;20240123;51200000;CompteLib_0021;;;24A45;20240123;EcritureLib_0060;20250422;347,57;0,00;D;LC/125;;
LC;Banque LC;LC/126;20240123;40100000;CompteLib_0001;FTRIANGLE;TRIANGLE;24A29;20240123;EcritureLib_0061;20250422;82,32;0,00;D;LC/126;E;20240408
LC;Banque LC;LC/126;20240123;51200000;CompteLib_0021;;;24A29;20240123;EcritureLib_0061;20250422;0,00;82,32;C;LC/126;;
LC;Banque LC;LC/127;20240123;43702000;CompteLib_0028;;;24A31;20240123;EcritureLib_0062;20250422;26,41;0,00;D;LC/127;A;20250227
LC;Banque LC;LC/127;20240123;51200000;CompteLib_0021;;;24A31;20240123;EcritureLib_0062;20250422;0,00;26,41;C;LC/127;;
LC;Banque LC;LC/128;20240123;43702000;CompteLib_0028;;;24A30;20240123;EcritureLib_0062;20250422;27,08;0,00;D;LC/128;A;20250227
LC;Banque LC;LC/128;20240123;51200000;CompteLib_0021;;;24A30;20240123;EcritureLib_0062;20250422;0,00;27,08;C;LC/128;;
LC;Banque LC;LC/129;20240124;62700000;CompteLib_0020;;;24A33;20240124;EcritureLib_0063;20250422;0,59;0,00;D;LC/129;;
LC;Banque LC;LC/129;20240124;51200000;CompteLib_0021;;;24A33;20240124;EcritureLib_0063;20250422;0,00;0,59;C;LC/129;;
LC;Banque LC;LC/130;20240124;51180000;CompteLib_0029;;;24A32;20240124;EcritureLib_0064;20250422;0,00;196,00;C;LC/130;E;20250226
LC;Banque LC;LC/130;20240124;51200000;CompteLib_0021;;;24A32;20240124;EcritureLib_0064;20250422;196,00;0,00;D;LC/130;;
LC;Banque LC;LC/131;20240125;40100000;CompteLib_0001;FSTC;STC DIGIT;24A34;20240125;EcritureLib_0065;20250422;118,80;0,00;D;LC/131;B;20240326
LC;Banque LC;LC/131;20240125;51200000;CompteLib_0021;;;24A34;20240125;EcritureLib_0065;20250422;0,00;118,80;C;LC/131;;
LC;Banque LC;LC/132;20240126;62700000;CompteLib_0020;;;24A36;20240126;EcritureLib_0066;20250422;12,20;0,00;D;LC/132;;
LC;Banque LC;LC/132;20240126;51200000;CompteLib_0021;;;24A36;20240126;EcritureLib_0066;20250422;0,00;12,20;C;LC/132;;
LC;Banque LC;LC/133;20240126;40100000;CompteLib_0001;FSTC;STC DIGIT;24A35;20240126;EcritureLib_0065;20250422;548,40;0,00;D;LC/133;A;20241021
LC;Banque LC;LC/133;20240126;51200000;CompteLib_0021;;;24A35;20240126;EcritureLib_0065;20250422;0,00;548,40;C;LC/133;;
LC;Banque LC;LC/134;20240130;62700000;CompteLib_0020;;;24A46;20240130;EcritureLib_0067;20250422;0,00;0,87;C;LC/134;;
LC;Banque LC;LC/134;20240130;51200000;CompteLib_0021;;;24A46;20240130;EcritureLib_0067;20250422;0,87;0,00;D;LC/134;;
LC;Banque LC;LC/135;20240130;62700000;CompteLib_0020;;;24A38;20240130;EcritureLib_0068;20250422;19,05;0,00;D;LC/135;;
LC;Banque LC;LC/135;20240130;51200000;CompteLib_0021;;;24A38;20240130;EcritureLib_0068;20250422;0,00;19,05;C;LC/135;;
LC;Banque LC;LC/136;20240201;61610000;CompteLib_0023;;;24B61;20240201;EcritureLib_0048;20250422;31,16;0,00;D;LC/136;;
LC;Banque LC;LC/136;20240201;51200000;CompteLib_0021;;;24B61;20240201;EcritureLib_0048;20250422;0,00;172,11;C;LC/136;;
LC;Banque LC;LC/136;20240201;61630000;CompteLib_0022;;;24B61;20240201;EcritureLib_0048;20250422;140,95;0,00;D;LC/136;;
LC;Banque LC;LC/137;20240201;62700000;CompteLib_0020;;;24B2;20240201;EcritureLib_0069;20250422;5,15;0,00;D;LC/137;;
LC;Banque LC;LC/137;20240201;51200000;CompteLib_0021;;;24B2;20240201;EcritureLib_0069;20250422;0,00;5,15;C;LC/137;;
LC;Banque LC;LC/138;20240205;40100000;CompteLib_0001;FLAMARMITE;LA MARMITE;24B6;20240205;EcritureLib_0051;20250422;1032,00;0,00;D;LC/138;G;20241016
LC;Banque LC;LC/138;20240205;51200000;CompteLib_0021;;;24B6;20240205;EcritureLib_0051;20250422;0,00;1032,00;C;LC/138;;
LC;Banque LC;LC/139;20240205;41100000;CompteLib_0014;CCUIZIN;CUIZ'IN LILE;24B5;20240205;EcritureLib_0070;20250422;0,00;732,17;C;LC/139;L;20241016
LC;Banque LC;LC/139;20240205;51200000;CompteLib_0021;;;24B5;20240205;EcritureLib_0070;20250422;732,17;0,00;D;LC/139;;
LC;Banque LC;LC/140;20240205;40100000;CompteLib_0001;FCARREFOUR;CARREFOUR;24B8;20240205;EcritureLib_0071;20250422;48,49;0,00;D;LC/140;C;20241016
LC;Banque LC;LC/140;20240205;51200000;CompteLib_0021;;;24B8;20240205;EcritureLib_0071;20250422;0,00;48,49;C;LC/140;;
LC;Banque LC;LC/141;20240205;40100000;CompteLib_0001;FCARREFOUR;CARREFOUR;24B9;20240205;EcritureLib_0072;20250422;31,63;0,00;D;LC/141;AA;20240424
LC;Banque LC;LC/141;20240205;51200000;CompteLib_0021;;;24B9;20240205;EcritureLib_0072;20250422;0,00;31,63;C;LC/141;;
LC;Banque LC;LC/142;20240205;40100000;CompteLib_0001;FCARREFOUR;CARREFOUR;24B7;20240205;EcritureLib_0072;20250422;57,32;0,00;D;LC/142;B;20241016
LC;Banque LC;LC/142;20240205;51200000;CompteLib_0021;;;24B7;20240205;EcritureLib_0072;20250422;0,00;57,32;C;LC/142;;
LC;Banque LC;LC/143;20240205;61600000;CompteLib_0024;;;24B10;20240205;EcritureLib_0050;20250422;4,41;0,00;D;LC/143;;
LC;Banque LC;LC/143;20240205;51200000;CompteLib_0021;;;24B10;20240205;EcritureLib_0050;20250422;0,00;4,41;C;LC/143;;
LC;Banque LC;LC/144;20240206;40100000;CompteLib_0001;FAVEM;AVEM;24B12;20240206;EcritureLib_0073;20250422;113,40;0,00;D;LC/144;C;20240326
LC;Banque LC;LC/144;20240206;51200000;CompteLib_0021;;;24B12;20240206;EcritureLib_0073;20250422;0,00;113,40;C;LC/144;;
LC;Banque LC;LC/145;20240207;62700000;CompteLib_0020;;;24B18;20240207;EcritureLib_0063;20250422;0,03;0,00;D;LC/145;;
LC;Banque LC;LC/145;20240207;51200000;CompteLib_0021;;;24B18;20240207;EcritureLib_0063;20250422;0,00;0,03;C;LC/145;;
LC;Banque LC;LC/146;20240207;40100000;CompteLib_0001;FCARBU;CARBURANT;24B16;20240207;EcritureLib_0074;20250422;80,00;0,00;D;LC/146;M;20240408
LC;Banque LC;LC/146;20240207;51200000;CompteLib_0021;;;24B16;20240207;EcritureLib_0074;20250422;0,00;80,00;C;LC/146;;
LC;Banque LC;LC/147;20240207;62700000;CompteLib_0020;;;24B17;20240207;EcritureLib_0063;20250422;0,46;0,00;D;LC/147;;
LC;Banque LC;LC/147;20240207;51200000;CompteLib_0021;;;24B17;20240207;EcritureLib_0063;20250422;0,00;0,46;C;LC/147;;
LC;Banque LC;LC/148;20240207;51180000;CompteLib_0029;;;24B15;20240207;EcritureLib_0075;20250422;0,00;11,00;C;LC/148;E;20250226
LC;Banque LC;LC/148;20240207;51200000;CompteLib_0021;;;24B15;20240207;EcritureLib_0075;20250422;11,00;0,00;D;LC/148;;
LC;Banque LC;LC/149;20240207;51180000;CompteLib_0029;;;24B14;20240207;EcritureLib_0076;20250422;0,00;154,50;C;LC/149;E;20250226
LC;Banque LC;LC/149;20240207;51200000;CompteLib_0021;;;24B14;20240207;EcritureLib_0076;20250422;154,50;0,00;D;LC/149;;
LC;Banque LC;LC/150;20240213;70110000;CompteLib_0013;;;24B65;20240213;EcritureLib_0077;20250422;0,00;1,77;C;LC/150;;
LC;Banque LC;LC/150;20240213;51200000;CompteLib_0021;;;24B65;20240213;EcritureLib_0077;20250422;1,95;0,00;D;LC/150;;
LC;Banque LC;LC/150;20240213;44571100;CompteLib_0015;;;24B65;20240213;EcritureLib_0077;20250422;0,00;0,18;C;LC/150;;
LC;Banque LC;LC/151;20240215;70110000;CompteLib_0013;;;24B66;20240215;EcritureLib_0078;20250422;0,00;89,99;C;LC/151;;
LC;Banque LC;LC/151;20240215;51200000;CompteLib_0021;;;24B66;20240215;EcritureLib_0078;20250422;97,26;0,00;D;LC/151;;
LC;Banque LC;LC/151;20240215;62220000;CompteLib_0030;;;24B66;20240215;EcritureLib_0078;20250422;1,73;0,00;D;LC/151;;
LC;Banque LC;LC/151;20240215;44571100;CompteLib_0015;;;24B66;20240215;EcritureLib_0078;20250422;0,00;9,00;C;LC/151;;
LC;Banque LC;LC/152;20240215;40100000;CompteLib_0001;FPARISSTORE;PARIS STORE;24B22;20240215;EcritureLib_0079;20250422;91,98;0,00;D;LC/152;D;20240322
LC;Banque LC;LC/152;20240215;51200000;CompteLib_0021;;;24B22;20240215;EcritureLib_0079;20250422;0,00;91,98;C;LC/152;;
LC;Banque LC;LC/153;20240216;40100000;CompteLib_0001;PROMOCASH;PROMOCASH;24B27;20240216;EcritureLib_0080;20250422;62,45;0,00;D;LC/153;B;20240322
LC;Banque LC;LC/153;20240216;51200000;CompteLib_0021;;;24B27;20240216;EcritureLib_0080;20250422;0,00;62,45;C;LC/153;;
LC;Banque LC;LC/154;20240216;40100000;CompteLib_0001;FTRIANGLE;TRIANGLE;24B26;20240216;EcritureLib_0081;20250422;161,45;0,00;D;LC/154;F;20240424
LC;Banque LC;LC/154;20240216;51200000;CompteLib_0021;;;24B26;20240216;EcritureLib_0081;20250422;0,00;161,45;C;LC/154;;
LC;Banque LC;LC/155;20240216;43100000;CompteLib_0025;;;24B25;20240216;EcritureLib_0055;20250422;786,00;0,00;D;LC/155;F;20250303
LC;Banque LC;LC/155;20240216;51200000;CompteLib_0021;;;24B25;20240216;EcritureLib_0055;20250422;0,00;786,00;C;LC/155;;
LC;Banque LC;LC/156;20240219;51180000;CompteLib_0029;;;24B34;20240219;EcritureLib_0082;20250422;0,00;1007,00;C;LC/156;E;20250226
LC;Banque LC;LC/156;20240219;51200000;CompteLib_0021;;;24B34;20240219;EcritureLib_0082;20250422;1007,00;0,00;D;LC/156;;
LC;Banque LC;LC/157;20240219;51180000;CompteLib_0029;;;24B35;20240219;EcritureLib_0083;20250422;0,00;45,00;C;LC/157;E;20250226
LC;Banque LC;LC/157;20240219;51200000;CompteLib_0021;;;24B35;20240219;EcritureLib_0083;20250422;45,00;0,00;D;LC/157;;
LC;Banque LC;LC/158;20240219;40100000;CompteLib_0001;CORA;CORA;24B39;20240219;EcritureLib_0084;20250422;111,28;0,00;D;LC/158;A;20240322
LC;Banque LC;LC/158;20240219;51200000;CompteLib_0021;;;24B39;20240219;EcritureLib_0084;20250422;0,00;111,28;C;LC/158;;
LC;Banque LC;LC/159;20240219;40100000;CompteLib_0001;PROMOCASH;PROMOCASH;24B37;20240219;EcritureLib_0085;20250422;282,75;0,00;D;LC/159;A;20240322
LC;Banque LC;LC/159;20240219;51200000;CompteLib_0021;;;24B37;20240219;EcritureLib_0085;20250422;0,00;282,75;C;LC/159;;
LC;Banque LC;LC/160;20240219;16400000;CompteLib_0026;;;24B36;20240219;EcritureLib_0058;20250422;292,90;0,00;D;LC/160;;
LC;Banque LC;LC/160;20240219;51200000;CompteLib_0021;;;24B36;20240219;EcritureLib_0058;20250422;0,00;292,90;C;LC/160;;
LC;Banque LC;LC/161;20240219;40100000;CompteLib_0001;CENTRAKOR;CENTRAKOR;24B38;20240219;EcritureLib_0086;20250422;113,91;0,00;D;LC/161;A;20250311
LC;Banque LC;LC/161;20240219;51200000;CompteLib_0021;;;24B38;20240219;EcritureLib_0086;20250422;0,00;113,91;C;LC/161;;
LC;Banque LC;LC/162;20240219;40100000;CompteLib_0001;FTRIANGLE;TRIANGLE;24B40;20240219;EcritureLib_0087;20250422;107,45;0,00;D;LC/162;C;20240408
LC;Banque LC;LC/162;20240219;51200000;CompteLib_0021;;;24B40;20240219;EcritureLib_0087;20250422;0,00;107,45;C;LC/162;;
LC;Banque LC;LC/163;20240219;40100000;CompteLib_0001;CORA;CORA;24B41;20240219;EcritureLib_0088;20250422;53,79;0,00;D;LC/163;B;20240322
LC;Banque LC;LC/163;20240219;51200000;CompteLib_0021;;;24B41;20240219;EcritureLib_0088;20250422;0,00;53,79;C;LC/163;;
LC;Banque LC;LC/164;20240219;40100000;CompteLib_0001;NORDBOISSON;NORD BOISSON;24B42;20240219;EcritureLib_0089;20250422;40,50;0,00;D;LC/164;A;20240322
LC;Banque LC;LC/164;20240219;51200000;CompteLib_0021;;;24B42;20240219;EcritureLib_0089;20250422;0,00;40,50;C;LC/164;;
LC;Banque LC;LC/165;20240219;62700000;CompteLib_0020;;;24B43;20240219;EcritureLib_0063;20250422;3,26;0,00;D;LC/165;;
LC;Banque LC;LC/165;20240219;51200000;CompteLib_0021;;;24B43;20240219;EcritureLib_0063;20250422;0,00;3,26;C;LC/165;;
LC;Banque LC;LC/166;20240219;62700000;CompteLib_0020;;;24B44;20240219;EcritureLib_0063;20250422;0,15;0,00;D;LC/166;;
LC;Banque LC;LC/166;20240219;51200000;CompteLib_0021;;;24B44;20240219;EcritureLib_0063;20250422;0,00;0,15;C;LC/166;;
LC;Banque LC;LC/167;20240220;61350000;CompteLib_0008;;;24B46;20240220;EcritureLib_0059;20250422;80,63;0,00;D;LC/167;;
LC;Banque LC;LC/167;20240220;44566000;CompteLib_0004;;;24B46;20240220;EcritureLib_0059;20250422;16,13;0,00;D;LC/167;;
LC;Banque LC;LC/167;20240220;51200000;CompteLib_0021;;;24B46;20240220;EcritureLib_0059;20250422;0,00;96,76;C;LC/167;;
LC;Banque LC;LC/168;20240220;70110000;CompteLib_0013;;;24B69;20240220;EcritureLib_0090;20250422;0,00;88,17;C;LC/168;;
LC;Banque LC;LC/168;20240220;51200000;CompteLib_0021;;;24B69;20240220;EcritureLib_0090;20250422;95,29;0,00;D;LC/168;;
LC;Banque LC;LC/168;20240220;62220000;CompteLib_0030;;;24B69;20240220;EcritureLib_0090;20250422;1,70;0,00;D;LC/168;;
LC;Banque LC;LC/168;20240220;44571100;CompteLib_0015;;;24B69;20240220;EcritureLib_0090;20250422;0,00;8,82;C;LC/168;;
LC;Banque LC;LC/169;20240221;40100000;CompteLib_0001;FPARISSTORE;PARIS STORE;24B48;20240221;EcritureLib_0091;20250422;80,70;0,00;D;LC/169;C;20240322
LC;Banque LC;LC/169;20240221;51200000;CompteLib_0021;;;24B48;20240221;EcritureLib_0091;20250422;0,00;80,70;C;LC/169;;
LC;Banque LC;LC/170;20240223;40100000;CompteLib_0001;FSTC;STC DIGIT;24B50;20240223;EcritureLib_0065;20250422;118,80;0,00;D;LC/170;D;20241021
LC;Banque LC;LC/170;20240223;51200000;CompteLib_0021;;;24B50;20240223;EcritureLib_0065;20250422;0,00;118,80;C;LC/170;;
LC;Banque LC;LC/171;20240223;40100000;CompteLib_0001;FSTC;STC DIGIT;24B51;20240223;EcritureLib_0065;20250422;46,80;0,00;D;LC/171;E;20241021
LC;Banque LC;LC/171;20240223;51200000;CompteLib_0021;;;24B51;20240223;EcritureLib_0065;20250422;0,00;46,80;C;LC/171;;
LC;Banque LC;LC/172;20240223;60100000;CompteLib_0005;;;24B52;20240223;EcritureLib_0092;20250422;29,80;0,00;D;LC/172;;
LC;Banque LC;LC/172;20240223;51200000;CompteLib_0021;;;24B52;20240223;EcritureLib_0092;20250422;0,00;29,80;C;LC/172;;
LC;Banque LC;LC/173;20240226;43703000;CompteLib_0031;;;24B53;20240226;EcritureLib_0093;20250422;518,28;0,00;D;LC/173;H;20241004
LC;Banque LC;LC/173;20240226;51200000;CompteLib_0021;;;24B53;20240226;EcritureLib_0093;20250422;0,00;518,28;C;LC/173;;
LC;Banque LC;LC/174;20240226;62700000;CompteLib_0020;;;24B54;20240226;EcritureLib_0066;20250422;12,20;0,00;D;LC/174;;
LC;Banque LC;LC/174;20240226;51200000;CompteLib_0021;;;24B54;20240226;EcritureLib_0066;20250422;0,00;12,20;C;LC/174;;
LC;Banque LC;LC/175;20240228;62700000;CompteLib_0020;;;24B57;20240228;EcritureLib_0068;20250422;19,05;0,00;D;LC/175;;
LC;Banque LC;LC/175;20240228;51200000;CompteLib_0021;;;24B57;20240228;EcritureLib_0068;20250422;0,00;19,05;C;LC/175;;
LC;Banque LC;LC/176;20240228;62700000;CompteLib_0020;;;24B56;20240228;EcritureLib_0067;20250422;0,00;0,87;C;LC/176;;
LC;Banque LC;LC/176;20240228;51200000;CompteLib_0021;;;24B56;20240228;EcritureLib_0067;20250422;0,87;0,00;D;LC/176;;
LC;Banque LC;LC/177;20240228;40100000;CompteLib_0001;FLIVE;LIVE ADVICE;24B55;20240228;EcritureLib_0049;20250422;90,00;0,00;D;LC/177;C;20250217
LC;Banque LC;LC/177;20240228;51200000;CompteLib_0021;;;24B55;20240228;EcritureLib_0049;20250422;0,00;90,00;C;LC/177;;
LC;Banque LC;LC/178;20240301;62700000;CompteLib_0020;;;24C2;20240301;EcritureLib_0069;20250422;5,15;0,00;D;LC/178;;
LC;Banque LC;LC/178;20240301;51200000;CompteLib_0021;;;24C2;20240301;EcritureLib_0069;20250422;0,00;5,15;C;LC/178;;
LC;Banque LC;LC/179;20240301;61630000;CompteLib_0022;;;24C37;20240301;EcritureLib_0048;20250422;140,95;0,00;D;LC/179;;
LC;Banque LC;LC/179;20240301;51200000;CompteLib_0021;;;24C37;20240301;EcritureLib_0048;20250422;0,00;172,11;C;LC/179;;
LC;Banque LC;LC/179;20240301;61610000;CompteLib_0023;;;24C37;20240301;EcritureLib_0048;20250422;31,16;0,00;D;LC/179;;
LC;Banque LC;LC/180;20240305;45500001;CompteLib_0032;;;24C4;20240305;EcritureLib_0094;20250422;0,00;1500,00;C;LC/180;;
LC;Banque LC;LC/180;20240305;51200000;CompteLib_0021;;;24C4;20240305;EcritureLib_0094;20250422;1500,00;0,00;D;LC/180;;
LC;Banque LC;LC/181;20240305;61600000;CompteLib_0024;;;24C5;20240305;EcritureLib_0050;20250422;4,41;0,00;D;LC/181;;
LC;Banque LC;LC/181;20240305;51200000;CompteLib_0021;;;24C5;20240305;EcritureLib_0050;20250422;0,00;4,41;C;LC/181;;
LC;Banque LC;LC/182;20240306;40100000;CompteLib_0001;FLAMARMITE;LA MARMITE;24C7;20240306;EcritureLib_0051;20250422;1032,00;0,00;D;LC/182;H;20250217
LC;Banque LC;LC/182;20240306;51200000;CompteLib_0021;;;24C7;20240306;EcritureLib_0051;20250422;0,00;1032,00;C;LC/182;;
LC;Banque LC;LC/183;20240306;40100000;CompteLib_0001;FCARBU;CARBURANT;24C8;20240306;EcritureLib_0095;20250422;32,96;0,00;D;LC/183;FC;20240326
LC;Banque LC;LC/183;20240306;51200000;CompteLib_0021;;;24C8;20240306;EcritureLib_0095;20250422;0,00;32,96;C;LC/183;;
LC;Banque LC;LC/184;20240311;40100000;CompteLib_0001;MAIRIEDAN;MAIRIE DANKERQUE;24C9;20240311;EcritureLib_0096;20250422;70,00;0,00;D;LC/184;B;20241016
LC;Banque LC;LC/184;20240311;51200000;CompteLib_0021;;;24C9;20240311;EcritureLib_0096;20250422;0,00;70,00;C;LC/184;;
LC;Banque LC;LC/185;20240313;51180000;CompteLib_0029;;;24C40;20240313;EcritureLib_0097;20250422;0,00;1,00;C;LC/185;E;20250226
LC;Banque LC;LC/185;20240313;51200000;CompteLib_0021;;;24C40;20240313;EcritureLib_0097;20250422;1,00;0,00;D;LC/185;;
LC;Banque LC;LC/186;20240318;60100000;CompteLib_0005;;;24C13;20240318;EcritureLib_0098;20250422;168,10;0,00;D;LC/186;;
LC;Banque LC;LC/186;20240318;51200000;CompteLib_0021;;;24C13;20240318;EcritureLib_0098;20250422;0,00;168,10;C;LC/186;;
LC;Banque LC;LC/187;20240318;43100000;CompteLib_0025;;;24C12;20240318;EcritureLib_0055;20250422;685,00;0,00;D;LC/187;G;20250303
LC;Banque LC;LC/187;20240318;51200000;CompteLib_0021;;;24C12;20240318;EcritureLib_0055;20250422;0,00;685,00;C;LC/187;;
LC;Banque LC;LC/188;20240318;40100000;CompteLib_0001;FTRIANGLE;TRIANGLE;24C14;20240318;EcritureLib_0099;20250422;69,49;0,00;D;LC/188;B;20240322
LC;Banque LC;LC/188;20240318;51200000;CompteLib_0021;;;24C14;20240318;EcritureLib_0099;20250422;0,00;69,49;C;LC/188;;
LC;Banque LC;LC/189;20240319;41100000;CompteLib_0014;CCUIZIN;CUIZ'IN LILE;24C15;20240319;EcritureLib_0100;20250422;0,00;1798,50;C;LC/189;J;20241016
LC;Banque LC;LC/189;20240319;51200000;CompteLib_0021;;;24C15;20240319;EcritureLib_0100;20250422;1798,50;0,00;D;LC/189;;
LC;Banque LC;LC/190;20240319;16400000;CompteLib_0026;;;24C17;20240319;EcritureLib_0058;20250422;292,90;0,00;D;LC/190;;
LC;Banque LC;LC/190;20240319;51200000;CompteLib_0021;;;24C17;20240319;EcritureLib_0058;20250422;0,00;292,90;C;LC/190;;
LC;Banque LC;LC/191;20240319;51180000;CompteLib_0029;;;24C42;20240319;EcritureLib_0101;20250422;0,00;1,00;C;LC/191;E;20250226
LC;Banque LC;LC/191;20240319;51200000;CompteLib_0021;;;24C42;20240319;EcritureLib_0101;20250422;1,00;0,00;D;LC/191;;
LC;Banque LC;LC/192;20240320;51180000;CompteLib_0029;;;24C20;20240320;EcritureLib_0102;20250422;0,00;22,00;C;LC/192;E;20250226
LC;Banque LC;LC/192;20240320;51200000;CompteLib_0021;;;24C20;20240320;EcritureLib_0102;20250422;22,00;0,00;D;LC/192;;
LC;Banque LC;LC/193;20240320;40100000;CompteLib_0001;FSTC;STC DIGIT;24C23;20240320;EcritureLib_0065;20250422;46,80;0,00;D;LC/193;F;20241021
LC;Banque LC;LC/193;20240320;51200000;CompteLib_0021;;;24C23;20240320;EcritureLib_0065;20250422;0,00;46,80;C;LC/193;;
LC;Banque LC;LC/194;20240320;62700000;CompteLib_0020;;;24C26;20240320;EcritureLib_0063;20250422;0,08;0,00;D;LC/194;;
LC;Banque LC;LC/194;20240320;51200000;CompteLib_0021;;;24C26;20240320;EcritureLib_0063;20250422;0,00;0,08;C;LC/194;;
LC;Banque LC;LC/195;20240320;62700000;CompteLib_0020;;;24C25;20240320;EcritureLib_0063;20250422;0,73;0,00;D;LC/195;;
LC;Banque LC;LC/195;20240320;51200000;CompteLib_0021;;;24C25;20240320;EcritureLib_0063;20250422;0,00;0,73;C;LC/195;;
LC;Banque LC;LC/196;20240320;51180000;CompteLib_0029;;;24C19;20240320;EcritureLib_0103;20250422;0,00;98,00;C;LC/196;E;20250226
LC;Banque LC;LC/196;20240320;51200000;CompteLib_0021;;;24C19;20240320;EcritureLib_0103;20250422;98,00;0,00;D;LC/196;;
LC;Banque LC;LC/197;20240320;40100000;CompteLib_0001;FCARBU;CARBURANT;24C24;20240320;EcritureLib_0104;20250422;30,65;0,00;D;LC/197;D;20240325
LC;Banque LC;LC/197;20240320;51200000;CompteLib_0021;;;24C24;20240320;EcritureLib_0104;20250422;0,00;30,65;C;LC/197;;
LC;Banque LC;LC/198;20240320;61350000;CompteLib_0008;;;24C22;20240320;EcritureLib_0059;20250422;80,63;0,00;D;LC/198;;
LC;Banque LC;LC/198;20240320;44566000;CompteLib_0004;;;24C22;20240320;EcritureLib_0059;20250422;16,13;0,00;D;LC/198;;
LC;Banque LC;LC/198;20240320;51200000;CompteLib_0021;;;24C22;20240320;EcritureLib_0059;20250422;0,00;96,76;C;LC/198;;
LC;Banque LC;LC/199;20240320;40100000;CompteLib_0001;FSTC;STC DIGIT;24C21;20240320;EcritureLib_0065;20250422;118,80;0,00;D;LC/199;G;20241021
LC;Banque LC;LC/199;20240320;51200000;CompteLib_0021;;;24C21;20240320;EcritureLib_0065;20250422;0,00;118,80;C;LC/199;;
LC;Banque LC;LC/200;20240321;70110000;CompteLib_0013;;;24C43;20240321;EcritureLib_0105;20250422;0,00;619,57;C;LC/200;;
LC;Banque LC;LC/200;20240321;51200000;CompteLib_0021;;;24C43;20240321;EcritureLib_0105;20250422;681,53;0,00;D;LC/200;;
LC;Banque LC;LC/200;20240321;44571100;CompteLib_0015;;;24C43;20240321;EcritureLib_0105;20250422;0,00;61,96;C;LC/200;;
LC;Banque LC;LC/201;20240325;43703000;CompteLib_0031;;;24C29;20240325;EcritureLib_0093;20250422;136,41;0,00;D;LC/201;E;20241004
LC;Banque LC;LC/201;20240325;51200000;CompteLib_0021;;;24C29;20240325;EcritureLib_0093;20250422;0,00;136,41;C;LC/201;;
LC;Banque LC;LC/202;20240326;62700000;CompteLib_0020;;;24C31;20240326;EcritureLib_0066;20250422;12,20;0,00;D;LC/202;;
LC;Banque LC;LC/202;20240326;51200000;CompteLib_0021;;;24C31;20240326;EcritureLib_0066;20250422;0,00;12,20;C;LC/202;;
LC;Banque LC;LC/203;20240326;42100000;CompteLib_0033;;;24C30;20240326;EcritureLib_0106;20250422;537,62;0,00;D;LC/203;D;20250303
LC;Banque LC;LC/203;20240326;51200000;CompteLib_0021;;;24C30;20240326;EcritureLib_0106;20250422;0,00;537,62;C;LC/203;;
LC;Banque LC;LC/204;20240328;62700000;CompteLib_0020;;;24C34;20240328;EcritureLib_0068;20250422;19,05;0,00;D;LC/204;;
LC;Banque LC;LC/204;20240328;51200000;CompteLib_0021;;;24C34;20240328;EcritureLib_0068;20250422;0,00;19,05;C;LC/204;;
LC;Banque LC;LC/205;20240328;61353000;CompteLib_0011;;;24C32;20240328;EcritureLib_0049;20250422;90,00;0,00;D;LC/205;;
LC;Banque LC;LC/205;20240328;51200000;CompteLib_0021;;;24C32;20240328;EcritureLib_0049;20250422;0,00;90,00;C;LC/205;;
LC;Banque LC;LC/206;20240328;62700000;CompteLib_0020;;;24C33;20240328;EcritureLib_0067;20250422;0,00;0,87;C;LC/206;;
LC;Banque LC;LC/206;20240328;51200000;CompteLib_0021;;;24C33;20240328;EcritureLib_0067;20250422;0,87;0,00;D;LC/206;;
LC;Banque LC;LC/207;20240402;62700000;CompteLib_0020;;;24D2;20240402;EcritureLib_0069;20250422;5,15;0,00;D;LC/207;;
LC;Banque LC;LC/207;20240402;51200000;CompteLib_0021;;;24D2;20240402;EcritureLib_0069;20250422;0,00;5,15;C;LC/207;;
LC;Banque LC;LC/208;20240402;62700000;CompteLib_0020;;;24D3;20240402;EcritureLib_0107;20250422;22,32;0,00;D;LC/208;;
LC;Banque LC;LC/208;20240402;51200000;CompteLib_0021;;;24D3;20240402;EcritureLib_0107;20250422;0,00;22,32;C;LC/208;;
LC;Banque LC;LC/209;20240402;61610000;CompteLib_0023;;;24D65;20240402;EcritureLib_0048;20250422;31,16;0,00;D;LC/209;;
LC;Banque LC;LC/209;20240402;51200000;CompteLib_0021;;;24D65;20240402;EcritureLib_0048;20250422;0,00;172,11;C;LC/209;;
LC;Banque LC;LC/209;20240402;61630000;CompteLib_0022;;;24D65;20240402;EcritureLib_0048;20250422;140,95;0,00;D;LC/209;;
LC;Banque LC;LC/210;20240403;60630000;CompteLib_0010;;;24D4;20240403;EcritureLib_0108;20250422;1,69;0,00;D;LC/210;;
LC;Banque LC;LC/210;20240403;51200000;CompteLib_0021;;;24D4;20240403;EcritureLib_0108;20250422;0,00;1,69;C;LC/210;;
LC;Banque LC;LC/211;20240405;40100000;CompteLib_0001;FLAMARMITE;LA MARMITE;24D6;20240405;EcritureLib_0051;20250422;1032,00;0,00;D;LC/211;L;20250226
LC;Banque LC;LC/211;20240405;51200000;CompteLib_0021;;;24D6;20240405;EcritureLib_0051;20250422;0,00;1032,00;C;LC/211;;
LC;Banque LC;LC/212;20240405;61600000;CompteLib_0024;;;24D7;20240405;EcritureLib_0050;20250422;4,41;0,00;D;LC/212;;
LC;Banque LC;LC/212;20240405;51200000;CompteLib_0021;;;24D7;20240405;EcritureLib_0050;20250422;0,00;4,41;C;LC/212;;
LC;Banque LC;LC/213;20240411;45500001;CompteLib_0032;;;24D9;20240411;EcritureLib_0109;20250422;0,00;500,00;C;LC/213;;
LC;Banque LC;LC/213;20240411;51200000;CompteLib_0021;;;24D9;20240411;EcritureLib_0109;20250422;500,00;0,00;D;LC/213;;
LC;Banque LC;LC/214;20240415;40100000;CompteLib_0001;FTRIANGLE;TRIANGLE;24D13;20240415;EcritureLib_0110;20250422;67,58;0,00;D;LC/214;I;20240424
LC;Banque LC;LC/214;20240415;51200000;CompteLib_0021;;;24D13;20240415;EcritureLib_0110;20250422;0,00;67,58;C;LC/214;;
LC;Banque LC;LC/215;20240415;41100000;CompteLib_0014;CCUIZIN;CUIZ'IN LILE;24D12;20240415;EcritureLib_0111;20250422;0,00;728,46;C;LC/215;K;20241016
LC;Banque LC;LC/215;20240415;51200000;CompteLib_0021;;;24D12;20240415;EcritureLib_0111;20250422;728,46;0,00;D;LC/215;;
LC;Banque LC;LC/216;20240415;40100000;CompteLib_0001;FTRIANGLE;TRIANGLE;24D14;20240415;EcritureLib_0112;20250422;47,94;0,00;D;LC/216;J;20240424
LC;Banque LC;LC/216;20240415;51200000;CompteLib_0021;;;24D14;20240415;EcritureLib_0112;20250422;0,00;47,94;C;LC/216;;
LC;Banque LC;LC/217;20240416;43100000;CompteLib_0025;;;24D15;20240416;EcritureLib_0055;20250422;287,00;0,00;D;LC/217;H;20250303
LC;Banque LC;LC/217;20240416;51200000;CompteLib_0021;;;24D15;20240416;EcritureLib_0055;20250422;0,00;287,00;C;LC/217;;
LC;Banque LC;LC/218;20240419;40100000;CompteLib_0001;FTRIANGLE;TRIANGLE;24D22;20240419;EcritureLib_0113;20250422;30,99;0,00;D;LC/218;H;20240424
LC;Banque LC;LC/218;20240419;51200000;CompteLib_0021;;;24D22;20240419;EcritureLib_0113;20250422;0,00;30,99;C;LC/218;;
LC;Banque LC;LC/219;20240419;16400000;CompteLib_0026;;;24D19;20240419;EcritureLib_0058;20250422;292,90;0,00;D;LC/219;;
LC;Banque LC;LC/219;20240419;51200000;CompteLib_0021;;;24D19;20240419;EcritureLib_0058;20250422;0,00;292,90;C;LC/219;;
LC;Banque LC;LC/220;20240419;40100000;CompteLib_0001;FSTC;STC DIGIT;24D20;20240419;EcritureLib_0065;20250422;238,80;0,00;D;LC/220;I;20241021
LC;Banque LC;LC/220;20240419;51200000;CompteLib_0021;;;24D20;20240419;EcritureLib_0065;20250422;0,00;238,80;C;LC/220;;
LC;Banque LC;LC/221;20240419;62700000;CompteLib_0020;;;24D23;20240419;EcritureLib_0063;20250422;0,39;0,00;D;LC/221;;
LC;Banque LC;LC/221;20240419;51200000;CompteLib_0021;;;24D23;20240419;EcritureLib_0063;20250422;0,00;0,39;C;LC/221;;
LC;Banque LC;LC/222;20240419;62700000;CompteLib_0020;;;24D24;20240419;EcritureLib_0063;20250422;0,05;0,00;D;LC/222;;
LC;Banque LC;LC/222;20240419;51200000;CompteLib_0021;;;24D24;20240419;EcritureLib_0063;20250422;0,00;0,05;C;LC/222;;
LC;Banque LC;LC/223;20240419;40100000;CompteLib_0001;FSTC;STC DIGIT;24D21;20240419;EcritureLib_0065;20250422;46,80;0,00;D;LC/223;H;20241021
LC;Banque LC;LC/223;20240419;51200000;CompteLib_0021;;;24D21;20240419;EcritureLib_0065;20250422;0,00;46,80;C;LC/223;;
LC;Banque LC;LC/224;20240419;51180000;CompteLib_0029;;;24D17;20240419;EcritureLib_0114;20250422;0,00;130,00;C;LC/224;A;20240524
LC;Banque LC;LC/224;20240419;51200000;CompteLib_0021;;;24D17;20240419;EcritureLib_0114;20250422;130,00;0,00;D;LC/224;;
LC;Banque LC;LC/225;20240419;51180000;CompteLib_0029;;;24D18;20240419;EcritureLib_0115;20250422;0,00;15,00;C;LC/225;A;20240524
LC;Banque LC;LC/225;20240419;51200000;CompteLib_0021;;;24D18;20240419;EcritureLib_0115;20250422;15,00;0,00;D;LC/225;;
LC;Banque LC;LC/226;20240422;51180000;CompteLib_0029;;;24D28;20240422;EcritureLib_0116;20250422;0,00;288,00;C;LC/226;C;20241018
LC;Banque LC;LC/226;20240422;51200000;CompteLib_0021;;;24D28;20240422;EcritureLib_0116;20250422;288,00;0,00;D;LC/226;;
LC;Banque LC;LC/227;20240422;61350000;CompteLib_0008;;;24D29;20240422;EcritureLib_0059;20250422;80,63;0,00;D;LC/227;;
LC;Banque LC;LC/227;20240422;44566000;CompteLib_0004;;;24D29;20240422;EcritureLib_0059;20250422;16,13;0,00;D;LC/227;;
LC;Banque LC;LC/227;20240422;51200000;CompteLib_0021;;;24D29;20240422;EcritureLib_0059;20250422;0,00;96,76;C;LC/227;;
LC;Banque LC;LC/228;20240422;51180000;CompteLib_0029;;;24D27;20240422;EcritureLib_0117;20250422;0,00;439,00;C;LC/228;C;20241018
LC;Banque LC;LC/228;20240422;51200000;CompteLib_0021;;;24D27;20240422;EcritureLib_0117;20250422;439,00;0,00;D;LC/228;;
LC;Banque LC;LC/229;20240422;40100000;CompteLib_0001;FPARISSTORE;PARIS STORE;24D30;20240422;EcritureLib_0118;20250422;87,51;0,00;D;LC/229;G;20240424
LC;Banque LC;LC/229;20240422;51200000;CompteLib_0021;;;24D30;20240422;EcritureLib_0118;20250422;0,00;87,51;C;LC/229;;
LC;Banque LC;LC/230;20240422;62700000;CompteLib_0020;;;24D31;20240422;EcritureLib_0063;20250422;2,24;0,00;D;LC/230;;
LC;Banque LC;LC/230;20240422;51200000;CompteLib_0021;;;24D31;20240422;EcritureLib_0063;20250422;0,00;2,24;C;LC/230;;
LC;Banque LC;LC/231;20240422;62700000;CompteLib_0020;;;24D32;20240422;EcritureLib_0063;20250422;0,96;0,00;D;LC/231;;
LC;Banque LC;LC/231;20240422;51200000;CompteLib_0021;;;24D32;20240422;EcritureLib_0063;20250422;0,00;0,96;C;LC/231;;
LC;Banque LC;LC/232;20240422;70720000;CompteLib_0034;;;24D69;20240422;EcritureLib_0119;20250422;0,00;430,66;C;LC/232;;
LC;Banque LC;LC/232;20240422;51200000;CompteLib_0021;;;24D69;20240422;EcritureLib_0119;20250422;454,35;0,00;D;LC/232;;
LC;Banque LC;LC/232;20240422;44571200;CompteLib_0035;;;24D69;20240422;EcritureLib_0119;20250422;0,00;23,69;C;LC/232;;
LC;Banque LC;LC/233;20240424;40100000;CompteLib_0001;FASIAFRICA;ASIAFRICA;24D36;20240424;EcritureLib_0120;20250422;133,40;0,00;D;LC/233;B;20240429
LC;Banque LC;LC/233;20240424;51200000;CompteLib_0021;;;24D36;20240424;EcritureLib_0120;20250422;0,00;133,40;C;LC/233;;
LC;Banque LC;LC/234;20240424;40100000;CompteLib_0001;FPARISSTORE;PARIS STORE;24D39;20240424;EcritureLib_0121;20250422;54,96;0,00;D;LC/234;H;20240525
LC;Banque LC;LC/234;20240424;51200000;CompteLib_0021;;;24D39;20240424;EcritureLib_0121;20250422;0,00;54,96;C;LC/234;;
LC;Banque LC;LC/235;20240424;43702000;CompteLib_0028;;;24D40;20240424;EcritureLib_0062;20250422;29,42;0,00;D;LC/235;B;20250227
LC;Banque LC;LC/235;20240424;51200000;CompteLib_0021;;;24D40;20240424;EcritureLib_0062;20250422;0,00;29,42;C;LC/235;;
LC;Banque LC;LC/236;20240424;43702000;CompteLib_0028;;;24D38;20240424;EcritureLib_0062;20250422;60,88;0,00;D;LC/236;B;20250227
LC;Banque LC;LC/236;20240424;51200000;CompteLib_0021;;;24D38;20240424;EcritureLib_0062;20250422;0,00;60,88;C;LC/236;;
LC;Banque LC;LC/237;20240424;40100000;CompteLib_0001;FTRIANGLE;TRIANGLE;24D37;20240424;EcritureLib_0122;20250422;103,32;0,00;D;LC/237;Q;20250214
LC;Banque LC;LC/237;20240424;51200000;CompteLib_0021;;;24D37;20240424;EcritureLib_0122;20250422;0,00;103,32;C;LC/237;;
LC;Banque LC;LC/238;20240425;62700000;CompteLib_0020;;;24D41;20240425;EcritureLib_0066;20250422;12,20;0,00;D;LC/238;;
LC;Banque LC;LC/238;20240425;51200000;CompteLib_0021;;;24D41;20240425;EcritureLib_0066;20250422;0,00;12,20;C;LC/238;;
LC;Banque LC;LC/239;20240426;51180000;CompteLib_0029;;;24D43;20240426;EcritureLib_0123;20250422;0,00;204,00;C;LC/239;E;20250226
LC;Banque LC;LC/239;20240426;51200000;CompteLib_0021;;;24D43;20240426;EcritureLib_0123;20250422;204,00;0,00;D;LC/239;;
LC;Banque LC;LC/240;20240426;51180000;CompteLib_0029;;;24D44;20240426;EcritureLib_0124;20250422;0,00;12,00;C;LC/240;E;20250226
LC;Banque LC;LC/240;20240426;51200000;CompteLib_0021;;;24D44;20240426;EcritureLib_0124;20250422;12,00;0,00;D;LC/240;;
LC;Banque LC;LC/241;20240426;40100000;CompteLib_0001;FLIVE;LIVE ADVICE;24D45;20240426;EcritureLib_0049;20250422;90,00;0,00;D;LC/241;G;20250217
LC;Banque LC;LC/241;20240426;51200000;CompteLib_0021;;;24D45;20240426;EcritureLib_0049;20250422;0,00;90,00;C;LC/241;;
LC;Banque LC;LC/242;20240426;43703000;CompteLib_0031;;;24D46;20240426;EcritureLib_0093;20250422;57,78;0,00;D;LC/242;F;20241004
LC;Banque LC;LC/242;20240426;51200000;CompteLib_0021;;;24D46;20240426;EcritureLib_0093;20250422;0,00;57,78;C;LC/242;;
LC;Banque LC;LC/243;20240426;60616000;CompteLib_0009;;;24D47;20240426;EcritureLib_0125;20250422;50,38;0,00;D;LC/243;;
LC;Banque LC;LC/243;20240426;51200000;CompteLib_0021;;;24D47;20240426;EcritureLib_0125;20250422;0,00;50,38;C;LC/243;;
LC;Banque LC;LC/244;20240426;62700000;CompteLib_0020;;;24D48;20240426;EcritureLib_0063;20250422;0,66;0,00;D;LC/244;;
LC;Banque LC;LC/244;20240426;51200000;CompteLib_0021;;;24D48;20240426;EcritureLib_0063;20250422;0,00;0,66;C;LC/244;;
LC;Banque LC;LC/245;20240426;62700000;CompteLib_0020;;;24D49;20240426;EcritureLib_0063;20250422;0,04;0,00;D;LC/245;;
LC;Banque LC;LC/245;20240426;51200000;CompteLib_0021;;;24D49;20240426;EcritureLib_0063;20250422;0,00;0,04;C;LC/245;;
LC;Banque LC;LC/246;20240429;40100000;CompteLib_0001;FPARISSTORE;PARIS STORE;24D55;20240429;EcritureLib_0126;20250422;82,15;0,00;D;LC/246;M;20241016
LC;Banque LC;LC/246;20240429;51200000;CompteLib_0021;;;24D55;20240429;EcritureLib_0126;20250422;0,00;82,15;C;LC/246;;
LC;Banque LC;LC/247;20240429;62700000;CompteLib_0020;;;24D58;20240429;EcritureLib_0067;20250422;0,00;0,87;C;LC/247;;
LC;Banque LC;LC/247;20240429;51200000;CompteLib_0021;;;24D58;20240429;EcritureLib_0067;20250422;0,87;0,00;D;LC/247;;
LC;Banque LC;LC/248;20240429;51180000;CompteLib_0029;;;24D53;20240429;EcritureLib_0127;20250422;0,00;253,50;C;LC/248;E;20250226
LC;Banque LC;LC/248;20240429;51200000;CompteLib_0021;;;24D53;20240429;EcritureLib_0127;20250422;253,50;0,00;D;LC/248;;
LC;Banque LC;LC/249;20240429;51180000;CompteLib_0029;;;24D54;20240429;EcritureLib_0128;20250422;0,00;162,50;C;LC/249;E;20250226
LC;Banque LC;LC/249;20240429;51200000;CompteLib_0021;;;24D54;20240429;EcritureLib_0128;20250422;162,50;0,00;D;LC/249;;
LC;Banque LC;LC/250;20240429;62700000;CompteLib_0020;;;24D60;20240429;EcritureLib_0068;20250422;19,05;0,00;D;LC/250;;
LC;Banque LC;LC/250;20240429;51200000;CompteLib_0021;;;24D60;20240429;EcritureLib_0068;20250422;0,00;19,05;C;LC/250;;
LC;Banque LC;LC/251;20240429;42100000;CompteLib_0033;;;24D59;20240429;EcritureLib_0129;20250422;296,83;0,00;D;LC/251;E;20250303
LC;Banque LC;LC/251;20240429;51200000;CompteLib_0021;;;24D59;20240429;EcritureLib_0129;20250422;0,00;296,83;C;LC/251;;
LC;Banque LC;LC/252;20240429;62700000;CompteLib_0020;;;24D57;20240429;EcritureLib_0063;20250422;0,57;0,00;D;LC/252;;
LC;Banque LC;LC/252;20240429;51200000;CompteLib_0021;;;24D57;20240429;EcritureLib_0063;20250422;0,00;0,57;C;LC/252;;
LC;Banque LC;LC/253;20240429;62700000;CompteLib_0020;;;24D56;20240429;EcritureLib_0063;20250422;0,88;0,00;D;LC/253;;
LC;Banque LC;LC/253;20240429;51200000;CompteLib_0021;;;24D56;20240429;EcritureLib_0063;20250422;0,00;0,88;C;LC/253;;
LC;Banque LC;LC/254;20240430;40100000;CompteLib_0001;PROMOCASH;PROMOCASH;24D62;20240430;EcritureLib_0130;20250422;219,43;0,00;D;LC/254;D;20240504
LC;Banque LC;LC/254;20240430;51200000;CompteLib_0021;;;24D62;20240430;EcritureLib_0130;20250422;0,00;219,43;C;LC/254;;
LC;Banque LC;LC/255;20240502;62700000;CompteLib_0020;;;24E3;20240502;EcritureLib_0069;20250422;5,15;0,00;D;LC/255;;
LC;Banque LC;LC/255;20240502;51200000;CompteLib_0021;;;24E3;20240502;EcritureLib_0069;20250422;0,00;5,15;C;LC/255;;
LC;Banque LC;LC/256;20240502;40100000;CompteLib_0001;PROMOCASH;PROMOCASH;24E2;20240502;EcritureLib_0131;20250422;74,49;0,00;D;LC/256;I;20250217
LC;Banque LC;LC/256;20240502;51200000;CompteLib_0021;;;24E2;20240502;EcritureLib_0131;20250422;0,00;74,49;C;LC/256;;
LC;Banque LC;LC/257;20240502;61610000;CompteLib_0023;;;24E54;20240502;EcritureLib_0048;20250422;31,16;0,00;D;LC/257;;
LC;Banque LC;LC/257;20240502;51200000;CompteLib_0021;;;24E54;20240502;EcritureLib_0048;20250422;0,00;172,11;C;LC/257;;
LC;Banque LC;LC/257;20240502;61630000;CompteLib_0022;;;24E54;20240502;EcritureLib_0048;20250422;140,95;0,00;D;LC/257;;
LC;Banque LC;LC/258;20240503;62700000;CompteLib_0020;;;24E7;20240503;EcritureLib_0063;20250422;0,40;0,00;D;LC/258;;
LC;Banque LC;LC/258;20240503;51200000;CompteLib_0021;;;24E7;20240503;EcritureLib_0063;20250422;0,00;0,40;C;LC/258;;
LC;Banque LC;LC/259;20240503;51180000;CompteLib_0029;;;24E4;20240503;EcritureLib_0132;20250422;0,00;115,50;C;LC/259;E;20250226
LC;Banque LC;LC/259;20240503;51200000;CompteLib_0021;;;24E4;20240503;EcritureLib_0132;20250422;115,50;0,00;D;LC/259;;
LC;Banque LC;LC/260;20240503;51180000;CompteLib_0029;;;24E5;20240503;EcritureLib_0133;20250422;0,00;35,00;C;LC/260;E;20250226
LC;Banque LC;LC/260;20240503;51200000;CompteLib_0021;;;24E5;20240503;EcritureLib_0133;20250422;35,00;0,00;D;LC/260;;
LC;Banque LC;LC/261;20240503;62700000;CompteLib_0020;;;24E8;20240503;EcritureLib_0063;20250422;0,12;0,00;D;LC/261;;
LC;Banque LC;LC/261;20240503;51200000;CompteLib_0021;;;24E8;20240503;EcritureLib_0063;20250422;0,00;0,12;C;LC/261;;
LC;Banque LC;LC/262;20240503;40100000;CompteLib_0001;FPARISSTORE;PARIS STORE;24E6;20240503;EcritureLib_0134;20250422;79,91;0,00;D;LC/262;U;20250214
LC;Banque LC;LC/262;20240503;51200000;CompteLib_0021;;;24E6;20240503;EcritureLib_0134;20250422;0,00;79,91;C;LC/262;;
LC;Banque LC;LC/263;20240506;60100000;CompteLib_0005;;;24E11;20240506;EcritureLib_0135;20250422;18,28;0,00;D;LC/263;;
LC;Banque LC;LC/263;20240506;51200000;CompteLib_0021;;;24E11;20240506;EcritureLib_0135;20250422;0,00;18,28;C;LC/263;;
LC;Banque LC;LC/264;20240506;61600000;CompteLib_0024;;;24E12;20240506;EcritureLib_0050;20250422;4,41;0,00;D;LC/264;;
LC;Banque LC;LC/264;20240506;51200000;CompteLib_0021;;;24E12;20240506;EcritureLib_0050;20250422;0,00;4,41;C;LC/264;;
LC;Banque LC;LC/265;20240506;51180000;CompteLib_0029;;;24E9;20240506;EcritureLib_0136;20250422;0,00;164,00;C;LC/265;E;20250226
LC;Banque LC;LC/265;20240506;51200000;CompteLib_0021;;;24E9;20240506;EcritureLib_0136;20250422;164,00;0,00;D;LC/265;;
LC;Banque LC;LC/266;20240506;51180000;CompteLib_0029;;;24E10;20240506;EcritureLib_0137;20250422;0,00;127,50;C;LC/266;E;20250226
LC;Banque LC;LC/266;20240506;51200000;CompteLib_0021;;;24E10;20240506;EcritureLib_0137;20250422;127,50;0,00;D;LC/266;;
LC;Banque LC;LC/267;20240506;62700000;CompteLib_0020;;;24E14;20240506;EcritureLib_0063;20250422;0,45;0,00;D;LC/267;;
LC;Banque LC;LC/267;20240506;51200000;CompteLib_0021;;;24E14;20240506;EcritureLib_0063;20250422;0,00;0,45;C;LC/267;;
LC;Banque LC;LC/268;20240506;62700000;CompteLib_0020;;;24E13;20240506;EcritureLib_0063;20250422;0,91;0,00;D;LC/268;;
LC;Banque LC;LC/268;20240506;51200000;CompteLib_0021;;;24E13;20240506;EcritureLib_0063;20250422;0,00;0,91;C;LC/268;;
LC;Banque LC;LC/269;20240507;61350000;CompteLib_0008;;;24E58;20240507;EcritureLib_0073;20250422;94,50;0,00;D;LC/269;;
LC;Banque LC;LC/269;20240507;51200000;CompteLib_0021;;;24E58;20240507;EcritureLib_0073;20250422;0,00;113,40;C;LC/269;;
LC;Banque LC;LC/269;20240507;44566000;CompteLib_0004;;;24E58;20240507;EcritureLib_0073;20250422;18,90;0,00;D;LC/269;;
LC;Banque LC;LC/270;20240507;40100000;CompteLib_0001;FLAMARMITE;LA MARMITE;24E15;20240507;EcritureLib_0051;20250422;1032,00;0,00;D;LC/270;D;20240525
LC;Banque LC;LC/270;20240507;51200000;CompteLib_0021;;;24E15;20240507;EcritureLib_0051;20250422;0,00;1032,00;C;LC/270;;
LC;Banque LC;LC/271;20240510;60100000;CompteLib_0005;;;24E18;20240510;EcritureLib_0138;20250422;26,32;0,00;D;LC/271;;
LC;Banque LC;LC/271;20240510;51200000;CompteLib_0021;;;24E18;20240510;EcritureLib_0138;20250422;0,00;26,32;C;LC/271;;
LC;Banque LC;LC/272;20240514;45500001;CompteLib_0032;;;24E19;20240514;EcritureLib_0094;20250422;0,00;200,00;C;LC/272;;
LC;Banque LC;LC/272;20240514;51200000;CompteLib_0021;;;24E19;20240514;EcritureLib_0094;20250422;200,00;0,00;D;LC/272;;
LC;Banque LC;LC/273;20240516;43100000;CompteLib_0025;;;24E21;20240516;EcritureLib_0055;20250422;409,00;0,00;D;LC/273;I;20250303
LC;Banque LC;LC/273;20240516;51200000;CompteLib_0021;;;24E21;20240516;EcritureLib_0055;20250422;0,00;409,00;C;LC/273;;
LC;Banque LC;LC/274;20240517;51180000;CompteLib_0029;;;24E24;20240517;EcritureLib_0139;20250422;0,00;58,00;C;LC/274;E;20250226
LC;Banque LC;LC/274;20240517;51200000;CompteLib_0021;;;24E24;20240517;EcritureLib_0139;20250422;58,00;0,00;D;LC/274;;
LC;Banque LC;LC/275;20240517;62700000;CompteLib_0020;;;24E27;20240517;EcritureLib_0063;20250422;0,20;0,00;D;LC/275;;
LC;Banque LC;LC/275;20240517;51200000;CompteLib_0021;;;24E27;20240517;EcritureLib_0063;20250422;0,00;0,20;C;LC/275;;
LC;Banque LC;LC/276;20240517;40100000;CompteLib_0001;FCARBU;CARBURANT;24E25;20240517;EcritureLib_0140;20250422;41,01;0,00;D;LC/276;BD;20240525
LC;Banque LC;LC/276;20240517;51200000;CompteLib_0021;;;24E25;20240517;EcritureLib_0140;20250422;0,00;41,01;C;LC/276;;
LC;Banque LC;LC/277;20240517;51180000;CompteLib_0029;;;24E23;20240517;EcritureLib_0141;20250422;0,00;329,00;C;LC/277;E;20250226
LC;Banque LC;LC/277;20240517;51200000;CompteLib_0021;;;24E23;20240517;EcritureLib_0141;20250422;329,00;0,00;D;LC/277;;
LC;Banque LC;LC/278;20240517;62700000;CompteLib_0020;;;24E26;20240517;EcritureLib_0063;20250422;1,10;0,00;D;LC/278;;
LC;Banque LC;LC/278;20240517;51200000;CompteLib_0021;;;24E26;20240517;EcritureLib_0063;20250422;0,00;1,10;C;LC/278;;
LC;Banque LC;LC/279;20240519;16400000;CompteLib_0026;;;24E28;20240519;EcritureLib_0058;20250422;292,90;0,00;D;LC/279;;
LC;Banque LC;LC/279;20240519;51200000;CompteLib_0021;;;24E28;20240519;EcritureLib_0058;20250422;0,00;292,90;C;LC/279;;
LC;Banque LC;LC/280;20240520;61350000;CompteLib_0008;;;24E29;20240520;EcritureLib_0059;20250422;80,63;0,00;D;LC/280;;
LC;Banque LC;LC/280;20240520;44566000;CompteLib_0004;;;24E29;20240520;EcritureLib_0059;20250422;16,13;0,00;D;LC/280;;
LC;Banque LC;LC/280;20240520;51200000;CompteLib_0021;;;24E29;20240520;EcritureLib_0059;20250422;0,00;96,76;C;LC/280;;
LC;Banque LC;LC/281;20240521;62700000;CompteLib_0020;;;24E32;20240521;EcritureLib_0063;20250422;0,55;0,00;D;LC/281;;
LC;Banque LC;LC/281;20240521;51200000;CompteLib_0021;;;24E32;20240521;EcritureLib_0063;20250422;0,00;0,55;C;LC/281;;
LC;Banque LC;LC/282;20240521;62700000;CompteLib_0020;;;24E33;20240521;EcritureLib_0063;20250422;0,42;0,00;D;LC/282;;
LC;Banque LC;LC/282;20240521;51200000;CompteLib_0021;;;24E33;20240521;EcritureLib_0063;20250422;0,00;0,42;C;LC/282;;
LC;Banque LC;LC/283;20240521;51180000;CompteLib_0029;;;24E31;20240521;EcritureLib_0142;20250422;0,00;119,00;C;LC/283;E;20250226
LC;Banque LC;LC/283;20240521;51200000;CompteLib_0021;;;24E31;20240521;EcritureLib_0142;20250422;119,00;0,00;D;LC/283;;
LC;Banque LC;LC/284;20240521;51180000;CompteLib_0029;;;24E30;20240521;EcritureLib_0143;20250422;0,00;160,50;C;LC/284;E;20250226
LC;Banque LC;LC/284;20240521;51200000;CompteLib_0021;;;24E30;20240521;EcritureLib_0143;20250422;160,50;0,00;D;LC/284;;
LC;Banque LC;LC/285;20240523;40100000;CompteLib_0001;FSTC;STC DIGIT;24E35;20240523;EcritureLib_0065;20250422;46,80;0,00;D;LC/285;J;20241021
LC;Banque LC;LC/285;20240523;51200000;CompteLib_0021;;;24E35;20240523;EcritureLib_0065;20250422;0,00;46,80;C;LC/285;;
LC;Banque LC;LC/286;20240523;40100000;CompteLib_0001;FSTC;STC DIGIT;24E34;20240523;EcritureLib_0065;20250422;238,80;0,00;D;LC/286;K;20241021
LC;Banque LC;LC/286;20240523;51200000;CompteLib_0021;;;24E34;20240523;EcritureLib_0065;20250422;0,00;238,80;C;LC/286;;
LC;Banque LC;LC/287;20240524;51180000;CompteLib_0029;;;24E37;20240524;EcritureLib_0144;20250422;0,00;390,00;C;LC/287;E;20250226
LC;Banque LC;LC/287;20240524;51200000;CompteLib_0021;;;24E37;20240524;EcritureLib_0144;20250422;390,00;0,00;D;LC/287;;
LC;Banque LC;LC/288;20240524;62700000;CompteLib_0020;;;24E38;20240524;EcritureLib_0063;20250422;1,34;0,00;D;LC/288;;
LC;Banque LC;LC/288;20240524;51200000;CompteLib_0021;;;24E38;20240524;EcritureLib_0063;20250422;0,00;1,34;C;LC/288;;
LC;Banque LC;LC/289;20240524;41100000;CompteLib_0014;CCUIZIN;CUIZ'IN LILE;24E39;20240524;EcritureLib_0111;20250422;0,00;2000,00;C;LC/289;G;20250227
LC;Banque LC;LC/289;20240524;51200000;CompteLib_0021;;;24E39;20240524;EcritureLib_0111;20250422;2000,00;0,00;D;LC/289;;
LC;Banque LC;LC/290;20240524;45500001;CompteLib_0032;;;24E36;20240524;EcritureLib_0145;20250422;0,00;500,00;C;LC/290;;
LC;Banque LC;LC/290;20240524;51200000;CompteLib_0021;;;24E36;20240524;EcritureLib_0145;20250422;500,00;0,00;D;LC/290;;
LC;Banque LC;LC/291;20240527;43703000;CompteLib_0031;;;24E42;20240527;EcritureLib_0093;20250422;80,39;0,00;D;LC/291;G;20241004
LC;Banque LC;LC/291;20240527;51200000;CompteLib_0021;;;24E42;20240527;EcritureLib_0093;20250422;0,00;80,39;C;LC/291;;
LC;Banque LC;LC/292;20240527;51180000;CompteLib_0029;;;24E40;20240527;EcritureLib_0146;20250422;0,00;336,50;C;LC/292;E;20250226
LC;Banque LC;LC/292;20240527;51200000;CompteLib_0021;;;24E40;20240527;EcritureLib_0146;20250422;336,50;0,00;D;LC/292;;
LC;Banque LC;LC/293;20240527;62700000;CompteLib_0020;;;24E44;20240527;EcritureLib_0063;20250422;0,18;0,00;D;LC/293;;
LC;Banque LC;LC/293;20240527;51200000;CompteLib_0021;;;24E44;20240527;EcritureLib_0063;20250422;0,00;0,18;C;LC/293;;
LC;Banque LC;LC/294;20240527;62700000;CompteLib_0020;;;24E43;20240527;EcritureLib_0063;20250422;1,42;0,00;D;LC/294;;
LC;Banque LC;LC/294;20240527;51200000;CompteLib_0021;;;24E43;20240527;EcritureLib_0063;20250422;0,00;1,42;C;LC/294;;
LC;Banque LC;LC/295;20240527;51180000;CompteLib_0029;;;24E41;20240527;EcritureLib_0147;20250422;0,00;51,00;C;LC/295;E;20250226
LC;Banque LC;LC/295;20240527;51200000;CompteLib_0021;;;24E41;20240527;EcritureLib_0147;20250422;51,00;0,00;D;LC/295;;
LC;Banque LC;LC/296;20240528;62700000;CompteLib_0020;;;24E46;20240528;EcritureLib_0066;20250422;12,20;0,00;D;LC/296;;
LC;Banque LC;LC/296;20240528;51200000;CompteLib_0021;;;24E46;20240528;EcritureLib_0066;20250422;0,00;12,20;C;LC/296;;
LC;Banque LC;LC/297;20240528;40100000;CompteLib_0001;FLIVE;LIVE ADVICE;24E45;20240528;EcritureLib_0049;20250422;90,00;0,00;D;LC/297;A;20240627
LC;Banque LC;LC/297;20240528;51200000;CompteLib_0021;;;24E45;20240528;EcritureLib_0049;20250422;0,00;90,00;C;LC/297;;
LC;Banque LC;LC/298;20240530;41100000;CompteLib_0014;CCUIZIN;CUIZ'IN LILE;24E48;20240530;EcritureLib_0111;20250422;0,00;1000,00;C;LC/298;G;20250227
LC;Banque LC;LC/298;20240530;51200000;CompteLib_0021;;;24E48;20240530;EcritureLib_0111;20250422;1000,00;0,00;D;LC/298;;
LC;Banque LC;LC/299;20240530;62700000;CompteLib_0020;;;24E50;20240530;EcritureLib_0068;20250422;19,05;0,00;D;LC/299;;
LC;Banque LC;LC/299;20240530;51200000;CompteLib_0021;;;24E50;20240530;EcritureLib_0068;20250422;0,00;19,05;C;LC/299;;
LC;Banque LC;LC/300;20240530;62700000;CompteLib_0020;;;24E49;20240530;EcritureLib_0067;20250422;0,00;0,87;C;LC/300;;
LC;Banque LC;LC/300;20240530;51200000;CompteLib_0021;;;24E49;20240530;EcritureLib_0067;20250422;0,87;0,00;D;LC/300;;
LC;Banque LC;LC/301;20240531;45500001;CompteLib_0032;;;24E51;20240531;EcritureLib_0129;20250422;500,00;0,00;D;LC/301;;
LC;Banque LC;LC/301;20240531;51200000;CompteLib_0021;;;24E51;20240531;EcritureLib_0129;20250422;0,00;500,00;C;LC/301;;
LC;Banque LC;LC/302;20240603;62700000;CompteLib_0020;;;24F2;20240603;EcritureLib_0069;20250422;5,15;0,00;D;LC/302;;
LC;Banque LC;LC/302;20240603;51200000;CompteLib_0021;;;24F2;20240603;EcritureLib_0069;20250422;0,00;5,15;C;LC/302;;
LC;Banque LC;LC/303;20240603;61610000;CompteLib_0023;;;24F79;20240603;EcritureLib_0048;20250422;31,16;0,00;D;LC/303;;
LC;Banque LC;LC/303;20240603;51200000;CompteLib_0021;;;24F79;20240603;EcritureLib_0048;20250422;0,00;172,11;C;LC/303;;
LC;Banque LC;LC/303;20240603;61630000;CompteLib_0022;;;24F79;20240603;EcritureLib_0048;20250422;140,95;0,00;D;LC/303;;
LC;Banque LC;LC/304;20240605;40100000;CompteLib_0001;FLAMARMITE;LA MARMITE;24F3;20240605;EcritureLib_0051;20250422;1032,00;0,00;D;LC/304;K;20250217
LC;Banque LC;LC/304;20240605;51200000;CompteLib_0021;;;24F3;20240605;EcritureLib_0051;20250422;0,00;1032,00;C;LC/304;;
LC;Banque LC;LC/305;20240607;61600000;CompteLib_0024;;;24F4;20240607;EcritureLib_0050;20250422;4,41;0,00;D;LC/305;;
LC;Banque LC;LC/305;20240607;51200000;CompteLib_0021;;;24F4;20240607;EcritureLib_0050;20250422;0,00;4,41;C;LC/305;;
LC;Banque LC;LC/306;20240611;40100000;CompteLib_0001;FNORAUTO;NORAUTO;24F83;20240611;EcritureLib_0148;20250422;17,99;0,00;D;LC/306;A;20250217
LC;Banque LC;LC/306;20240611;51200000;CompteLib_0021;;;24F83;20240611;EcritureLib_0148;20250422;0,00;17,99;C;LC/306;;
LC;Banque LC;LC/307;20240612;40100000;CompteLib_0001;FTRIANGLE;TRIANGLE;24F9;20240612;EcritureLib_0149;20250422;120,53;0,00;D;LC/307;R;20250214
LC;Banque LC;LC/307;20240612;51200000;CompteLib_0021;;;24F9;20240612;EcritureLib_0149;20250422;0,00;120,53;C;LC/307;;
LC;Banque LC;LC/308;20240612;40100000;CompteLib_0001;FASIAFRICA;ASIAFRICA;24F8;20240612;EcritureLib_0150;20250422;136,40;0,00;D;LC/308;G;20250226
LC;Banque LC;LC/308;20240612;51200000;CompteLib_0021;;;24F8;20240612;EcritureLib_0150;20250422;0,00;136,40;C;LC/308;;
LC;Banque LC;LC/309;20240613;41100000;CompteLib_0014;CCUIZIN;CUIZ'IN LILE;24F10;20240613;EcritureLib_0151;20250422;0,00;321,34;C;LC/309;N;20241016
LC;Banque LC;LC/309;20240613;51200000;CompteLib_0021;;;24F10;20240613;EcritureLib_0151;20250422;321,34;0,00;D;LC/309;;
LC;Banque LC;LC/310;20240613;40100000;CompteLib_0001;FTRIANGLE;TRIANGLE;24F11;20240613;EcritureLib_0152;20250422;27,87;0,00;D;LC/310;S;20250214
LC;Banque LC;LC/310;20240613;51200000;CompteLib_0021;;;24F11;20240613;EcritureLib_0152;20250422;0,00;27,87;C;LC/310;;
LC;Banque LC;LC/311;20240614;40100000;CompteLib_0001;FCARBU;CARBURANT;24F13;20240614;EcritureLib_0153;20250422;100,00;0,00;D;LC/311;G;20250214
LC;Banque LC;LC/311;20240614;51200000;CompteLib_0021;;;24F13;20240614;EcritureLib_0153;20250422;0,00;100,00;C;LC/311;;
LC;Banque LC;LC/312;20240614;60100000;CompteLib_0005;;;24F15;20240614;EcritureLib_0154;20250422;41,29;0,00;D;LC/312;;
LC;Banque LC;LC/312;20240614;51200000;CompteLib_0021;;;24F15;20240614;EcritureLib_0154;20250422;0,00;41,29;C;LC/312;;
LC;Banque LC;LC/313;20240614;62700000;CompteLib_0020;;;24F16;20240614;EcritureLib_0063;20250422;0,50;0,00;D;LC/313;;
LC;Banque LC;LC/313;20240614;51200000;CompteLib_0021;;;24F16;20240614;EcritureLib_0063;20250422;0,00;0,50;C;LC/313;;
LC;Banque LC;LC/314;20240614;51180000;CompteLib_0029;;;24F12;20240614;EcritureLib_0155;20250422;0,00;152,00;C;LC/314;E;20250226
LC;Banque LC;LC/314;20240614;51200000;CompteLib_0021;;;24F12;20240614;EcritureLib_0155;20250422;152,00;0,00;D;LC/314;;
LC;Banque LC;LC/315;20240614;40100000;CompteLib_0001;FTRIANGLE;TRIANGLE;24F14;20240614;EcritureLib_0156;20250422;63,59;0,00;D;LC/315;T;20250214
LC;Banque LC;LC/315;20240614;51200000;CompteLib_0021;;;24F14;20240614;EcritureLib_0156;20250422;0,00;63,59;C;LC/315;;
LC;Banque LC;LC/316;20240617;51180000;CompteLib_0029;;;24F20;20240617;EcritureLib_0157;20250422;0,00;111,00;C;LC/316;E;20250226
LC;Banque LC;LC/316;20240617;51200000;CompteLib_0021;;;24F20;20240617;EcritureLib_0157;20250422;111,00;0,00;D;LC/316;;
LC;Banque LC;LC/317;20240617;41100000;CompteLib_0014;CCUIZIN;CUIZ'IN LILE;24F18;20240617;EcritureLib_0158;20250422;0,00;4344,60;C;LC/317;G;20250227
LC;Banque LC;LC/317;20240617;51200000;CompteLib_0021;;;24F18;20240617;EcritureLib_0158;20250422;4344,60;0,00;D;LC/317;;
LC;Banque LC;LC/318;20240617;51180000;CompteLib_0029;;;24F19;20240617;EcritureLib_0159;20250422;0,00;463,00;C;LC/318;E;20250226
LC;Banque LC;LC/318;20240617;51200000;CompteLib_0021;;;24F19;20240617;EcritureLib_0159;20250422;463,00;0,00;D;LC/318;;
LC;Banque LC;LC/319;20240617;51180000;CompteLib_0029;;;24F21;20240617;EcritureLib_0160;20250422;0,00;67,00;C;LC/319;E;20250226
LC;Banque LC;LC/319;20240617;51200000;CompteLib_0021;;;24F21;20240617;EcritureLib_0160;20250422;67,00;0,00;D;LC/319;;
LC;Banque LC;LC/320;20240617;51180000;CompteLib_0029;;;24F22;20240617;EcritureLib_0161;20250422;0,00;45,50;C;LC/320;E;20250226
LC;Banque LC;LC/320;20240617;51200000;CompteLib_0021;;;24F22;20240617;EcritureLib_0161;20250422;45,50;0,00;D;LC/320;;
LC;Banque LC;LC/321;20240617;40100000;CompteLib_0001;FPARISSTORE;PARIS STORE;24F23;20240617;EcritureLib_0162;20250422;109,36;0,00;D;LC/321;T;20250214
LC;Banque LC;LC/321;20240617;51200000;CompteLib_0021;;;24F23;20240617;EcritureLib_0162;20250422;0,00;109,36;C;LC/321;;
LC;Banque LC;LC/322;20240617;40100000;CompteLib_0001;FPARISSTORE;PARIS STORE;24F24;20240617;EcritureLib_0163;20250422;97,80;0,00;D;LC/322;R;20250214
LC;Banque LC;LC/322;20240617;51200000;CompteLib_0021;;;24F24;20240617;EcritureLib_0163;20250422;0,00;97,80;C;LC/322;;
LC;Banque LC;LC/323;20240617;40100000;CompteLib_0001;FTRIANGLE;TRIANGLE;24F25;20240617;EcritureLib_0164;20250422;75,94;0,00;D;LC/323;U;20250214
LC;Banque LC;LC/323;20240617;51200000;CompteLib_0021;;;24F25;20240617;EcritureLib_0164;20250422;0,00;75,94;C;LC/323;;
LC;Banque LC;LC/324;20240617;40100000;CompteLib_0001;FTRIANGLE;TRIANGLE;24F26;20240617;EcritureLib_0164;20250422;11,58;0,00;D;LC/324;K;20240627
LC;Banque LC;LC/324;20240617;51200000;CompteLib_0021;;;24F26;20240617;EcritureLib_0164;20250422;0,00;11,58;C;LC/324;;
LC;Banque LC;LC/325;20240617;62700000;CompteLib_0020;;;24F27;20240617;EcritureLib_0063;20250422;1,70;0,00;D;LC/325;;
LC;Banque LC;LC/325;20240617;51200000;CompteLib_0021;;;24F27;20240617;EcritureLib_0063;20250422;0,00;1,70;C;LC/325;;
LC;Banque LC;LC/326;20240617;62700000;CompteLib_0020;;;24F28;20240617;EcritureLib_0063;20250422;0,36;0,00;D;LC/326;;
LC;Banque LC;LC/326;20240617;51200000;CompteLib_0021;;;24F28;20240617;EcritureLib_0063;20250422;0,00;0,36;C;LC/326;;
LC;Banque LC;LC/327;20240617;62700000;CompteLib_0020;;;24F29;20240617;EcritureLib_0063;20250422;0,23;0,00;D;LC/327;;
LC;Banque LC;LC/327;20240617;51200000;CompteLib_0021;;;24F29;20240617;EcritureLib_0063;20250422;0,00;0,23;C;LC/327;;
LC;Banque LC;LC/328;20240617;62700000;CompteLib_0020;;;24F30;20240617;EcritureLib_0063;20250422;0,15;0,00;D;LC/328;;
LC;Banque LC;LC/328;20240617;51200000;CompteLib_0021;;;24F30;20240617;EcritureLib_0063;20250422;0,00;0,15;C;LC/328;;
LC;Banque LC;LC/329;20240618;43100000;CompteLib_0025;;;24F32;20240618;EcritureLib_0055;20250422;521,00;0,00;D;LC/329;B;20250303
LC;Banque LC;LC/329;20240618;51200000;CompteLib_0021;;;24F32;20240618;EcritureLib_0055;20250422;0,00;521,00;C;LC/329;;
LC;Banque LC;LC/330;20240618;60630000;CompteLib_0010;;;24F33;20240618;EcritureLib_0165;20250422;124,80;0,00;D;LC/330;;
LC;Banque LC;LC/330;20240618;51200000;CompteLib_0021;;;24F33;20240618;EcritureLib_0165;20250422;0,00;124,80;C;LC/330;;
LC;Banque LC;LC/331;20240619;16400000;CompteLib_0026;;;24F34;20240619;EcritureLib_0058;20250422;292,90;0,00;D;LC/331;;
LC;Banque LC;LC/331;20240619;51200000;CompteLib_0021;;;24F34;20240619;EcritureLib_0058;20250422;0,00;292,90;C;LC/331;;
LC;Banque LC;LC/332;20240620;40100000;CompteLib_0001;FASIAFRICA;ASIAFRICA;24F35;20240620;EcritureLib_0166;20250422;240,55;0,00;D;LC/332;F;20250214
LC;Banque LC;LC/332;20240620;51200000;CompteLib_0021;;;24F35;20240620;EcritureLib_0166;20250422;0,00;240,55;C;LC/332;;
LC;Banque LC;LC/333;20240620;61350000;CompteLib_0008;;;24F36;20240620;EcritureLib_0059;20250422;80,63;0,00;D;LC/333;;
LC;Banque LC;LC/333;20240620;44566000;CompteLib_0004;;;24F36;20240620;EcritureLib_0059;20250422;16,13;0,00;D;LC/333;;
LC;Banque LC;LC/333;20240620;51200000;CompteLib_0021;;;24F36;20240620;EcritureLib_0059;20250422;0,00;96,76;C;LC/333;;
LC;Banque LC;LC/334;20240621;40100000;CompteLib_0001;FTRIANGLE;TRIANGLE;24F37;20240621;EcritureLib_0167;20250422;235,48;0,00;D;LC/334;V;20250214
LC;Banque LC;LC/334;20240621;51200000;CompteLib_0021;;;24F37;20240621;EcritureLib_0167;20250422;0,00;235,48;C;LC/334;;
LC;Banque LC;LC/335;20240621;60630000;CompteLib_0010;;;24F38;20240621;EcritureLib_0168;20250422;133,68;0,00;D;LC/335;;
LC;Banque LC;LC/335;20240621;51200000;CompteLib_0021;;;24F38;20240621;EcritureLib_0168;20250422;0,00;133,68;C;LC/335;;
LC;Banque LC;LC/336;20240622;41100000;CompteLib_0014;DCANY;MR OU MME DANY;24F39;20240622;EcritureLib_0169;20250422;0,00;349,00;C;LC/336;B;20250121
LC;Banque LC;LC/336;20240622;51200000;CompteLib_0021;;;24F39;20240622;EcritureLib_0169;20250422;349,00;0,00;D;LC/336;;
LC;Banque LC;LC/337;20240624;62700000;CompteLib_0020;;;24F49;20240624;EcritureLib_0063;20250422;0,15;0,00;D;LC/337;;
LC;Banque LC;LC/337;20240624;51200000;CompteLib_0021;;;24F49;20240624;EcritureLib_0063;20250422;0,00;0,15;C;LC/337;;
LC;Banque LC;LC/338;20240624;62700000;CompteLib_0020;;;24F48;20240624;EcritureLib_0063;20250422;0,28;0,00;D;LC/338;;
LC;Banque LC;LC/338;20240624;51200000;CompteLib_0021;;;24F48;20240624;EcritureLib_0063;20250422;0,00;0,28;C;LC/338;;
LC;Banque LC;LC/339;20240624;62700000;CompteLib_0020;;;24F47;20240624;EcritureLib_0063;20250422;0,84;0,00;D;LC/339;;
LC;Banque LC;LC/339;20240624;51200000;CompteLib_0021;;;24F47;20240624;EcritureLib_0063;20250422;0,00;0,84;C;LC/339;;
LC;Banque LC;LC/340;20240624;60100000;CompteLib_0005;;;24F46;20240624;EcritureLib_0170;20250422;264,61;0,00;D;LC/340;;
LC;Banque LC;LC/340;20240624;51200000;CompteLib_0021;;;24F46;20240624;EcritureLib_0170;20250422;0,00;264,61;C;LC/340;;
LC;Banque LC;LC/341;20240624;51180000;CompteLib_0029;;;24F41;20240624;EcritureLib_0171;20250422;0,00;90,00;C;LC/341;E;20250226
LC;Banque LC;LC/341;20240624;51200000;CompteLib_0021;;;24F41;20240624;EcritureLib_0171;20250422;90,00;0,00;D;LC/341;;
LC;Banque LC;LC/342;20240624;51180000;CompteLib_0029;;;24F45;20240624;EcritureLib_0172;20250422;0,00;10,00;C;LC/342;E;20250226
LC;Banque LC;LC/342;20240624;51200000;CompteLib_0021;;;24F45;20240624;EcritureLib_0172;20250422;10,00;0,00;D;LC/342;;
LC;Banque LC;LC/343;20240624;51180000;CompteLib_0029;;;24F44;20240624;EcritureLib_0173;20250422;0,00;26,00;C;LC/343;E;20250226
LC;Banque LC;LC/343;20240624;51200000;CompteLib_0021;;;24F44;20240624;EcritureLib_0173;20250422;26,00;0,00;D;LC/343;;
LC;Banque LC;LC/344;20240624;51180000;CompteLib_0029;;;24F43;20240624;EcritureLib_0174;20250422;0,00;34,00;C;LC/344;E;20250226
LC;Banque LC;LC/344;20240624;51200000;CompteLib_0021;;;24F43;20240624;EcritureLib_0174;20250422;34,00;0,00;D;LC/344;;
LC;Banque LC;LC/345;20240624;51180000;CompteLib_0029;;;24F40;20240624;EcritureLib_0175;20250422;0,00;264,00;C;LC/345;E;20250226
LC;Banque LC;LC/345;20240624;51200000;CompteLib_0021;;;24F40;20240624;EcritureLib_0175;20250422;264,00;0,00;D;LC/345;;
LC;Banque LC;LC/346;20240624;51180000;CompteLib_0029;;;24F42;20240624;EcritureLib_0176;20250422;0,00;44,00;C;LC/346;E;20250226
LC;Banque LC;LC/346;20240624;51200000;CompteLib_0021;;;24F42;20240624;EcritureLib_0176;20250422;44,00;0,00;D;LC/346;;
LC;Banque LC;LC/347;20240624;62700000;CompteLib_0020;;;24F51;20240624;EcritureLib_0063;20250422;0,08;0,00;D;LC/347;;
LC;Banque LC;LC/347;20240624;51200000;CompteLib_0021;;;24F51;20240624;EcritureLib_0063;20250422;0,00;0,08;C;LC/347;;
LC;Banque LC;LC/348;20240624;62700000;CompteLib_0020;;;24F50;20240624;EcritureLib_0063;20250422;0,12;0,00;D;LC/348;;
LC;Banque LC;LC/348;20240624;51200000;CompteLib_0021;;;24F50;20240624;EcritureLib_0063;20250422;0,00;0,12;C;LC/348;;
LC;Banque LC;LC/349;20240624;62700000;CompteLib_0020;;;24F52;20240624;EcritureLib_0063;20250422;0,03;0,00;D;LC/349;;
LC;Banque LC;LC/349;20240624;51200000;CompteLib_0021;;;24F52;20240624;EcritureLib_0063;20250422;0,00;0,03;C;LC/349;;
LC;Banque LC;LC/350;20240625;40100000;CompteLib_0001;FTRIANGLE;TRIANGLE;24F57;20240625;EcritureLib_0177;20250422;37,46;0,00;D;LC/350;W;20250214
LC;Banque LC;LC/350;20240625;51200000;CompteLib_0021;;;24F57;20240625;EcritureLib_0177;20250422;0,00;37,46;C;LC/350;;
LC;Banque LC;LC/351;20240625;62700000;CompteLib_0020;;;24F58;20240625;EcritureLib_0066;20250422;12,20;0,00;D;LC/351;;
LC;Banque LC;LC/351;20240625;51200000;CompteLib_0021;;;24F58;20240625;EcritureLib_0066;20250422;0,00;12,20;C;LC/351;;
LC;Banque LC;LC/352;20240625;40100000;CompteLib_0001;FSTC;STC DIGIT;24F54;20240625;EcritureLib_0065;20250422;238,80;0,00;D;LC/352;L;20241021
LC;Banque LC;LC/352;20240625;51200000;CompteLib_0021;;;24F54;20240625;EcritureLib_0065;20250422;0,00;238,80;C;LC/352;;
LC;Banque LC;LC/353;20240625;40100000;CompteLib_0001;FSTC;STC DIGIT;24F56;20240625;EcritureLib_0065;20250422;46,80;0,00;D;LC/353;M;20241021
LC;Banque LC;LC/353;20240625;51200000;CompteLib_0021;;;24F56;20240625;EcritureLib_0065;20250422;0,00;46,80;C;LC/353;;
LC;Banque LC;LC/354;20240625;43703000;CompteLib_0031;;;24F55;20240625;EcritureLib_0093;20250422;104,08;0,00;D;LC/354;D;20241004
LC;Banque LC;LC/354;20240625;51200000;CompteLib_0021;;;24F55;20240625;EcritureLib_0093;20250422;0,00;104,08;C;LC/354;;
LC;Banque LC;LC/355;20240625;42100000;CompteLib_0033;;;24F53;20240625;EcritureLib_0129;20250422;634,73;0,00;D;LC/355;F;20250303
LC;Banque LC;LC/355;20240625;51200000;CompteLib_0021;;;24F53;20240625;EcritureLib_0129;20250422;0,00;634,73;C;LC/355;;
LC;Banque LC;LC/356;20240626;40100000;CompteLib_0001;FASIAFRICA;ASIAFRICA;24F62;20240626;EcritureLib_0178;20250422;145,50;0,00;D;LC/356;C;20240702
LC;Banque LC;LC/356;20240626;51200000;CompteLib_0021;;;24F62;20240626;EcritureLib_0178;20250422;0,00;145,50;C;LC/356;;
LC;Banque LC;LC/357;20240626;41100000;CompteLib_0014;CPOULAIN;POULAIN ANTOINE;24F61;20240626;EcritureLib_0179;20250422;0,00;600,00;C;LC/357;A;20241016
LC;Banque LC;LC/357;20240626;51200000;CompteLib_0021;;;24F61;20240626;EcritureLib_0179;20250422;600,00;0,00;D;LC/357;;
LC;Banque LC;LC/358;20240627;70860000;CompteLib_0036;;;24F97;20240627;EcritureLib_0180;20250422;0,00;284,85;C;LC/358;;
LC;Banque LC;LC/358;20240627;51200000;CompteLib_0021;;;24F97;20240627;EcritureLib_0180;20250422;341,82;0,00;D;LC/358;;
LC;Banque LC;LC/358;20240627;44571210;CompteLib_0037;;;24F97;20240627;EcritureLib_0180;20250422;0,00;56,97;C;LC/358;;
LC;Banque LC;LC/359;20240627;40100000;CompteLib_0001;FLIVE;LIVE ADVICE;24F69;20240627;EcritureLib_0049;20250422;90,00;0,00;D;LC/359;H;20250217
LC;Banque LC;LC/359;20240627;51200000;CompteLib_0021;;;24F69;20240627;EcritureLib_0049;20250422;0,00;90,00;C;LC/359;;
LC;Banque LC;LC/360;20240627;62700000;CompteLib_0020;;;24F72;20240627;EcritureLib_0068;20250422;19,05;0,00;D;LC/360;;
LC;Banque LC;LC/360;20240627;51200000;CompteLib_0021;;;24F72;20240627;EcritureLib_0068;20250422;0,00;19,05;C;LC/360;;
LC;Banque LC;LC/361;20240627;62700000;CompteLib_0020;;;24F71;20240627;EcritureLib_0067;20250422;0,00;0,87;C;LC/361;;
LC;Banque LC;LC/361;20240627;51200000;CompteLib_0021;;;24F71;20240627;EcritureLib_0067;20250422;0,87;0,00;D;LC/361;;
LC;Banque LC;LC/362;20240627;41100000;CompteLib_0014;CCUIZIN;CUIZ'IN LILE;24F67;20240627;EcritureLib_0181;20250422;0,00;94,95;C;LC/362;M;20241016
LC;Banque LC;LC/362;20240627;51200000;CompteLib_0021;;;24F67;20240627;EcritureLib_0181;20250422;94,95;0,00;D;LC/362;;
LC;Banque LC;LC/363;20240627;41100000;CompteLib_0014;CCUIZIN;CUIZ'IN LILE;24F65;20240627;EcritureLib_0182;20250422;0,00;453,44;C;LC/363;I;20241016
LC;Banque LC;LC/363;20240627;51200000;CompteLib_0021;;;24F65;20240627;EcritureLib_0182;20250422;453,44;0,00;D;LC/363;;
LC;Banque LC;LC/364;20240627;51180000;CompteLib_0029;;;24F68;20240627;EcritureLib_0183;20250422;0,00;44,00;C;LC/364;E;20250226
LC;Banque LC;LC/364;20240627;51200000;CompteLib_0021;;;24F68;20240627;EcritureLib_0183;20250422;44,00;0,00;D;LC/364;;
LC;Banque LC;LC/365;20240627;62700000;CompteLib_0020;;;24F70;20240627;EcritureLib_0063;20250422;0,53;0,00;D;LC/365;;
LC;Banque LC;LC/365;20240627;51200000;CompteLib_0021;;;24F70;20240627;EcritureLib_0063;20250422;0,00;0,53;C;LC/365;;
LC;Banque LC;LC/366;20240628;40100000;CompteLib_0001;FPARISSTORE;PARIS STORE;24F74;20240628;EcritureLib_0184;20250422;118,39;0,00;D;LC/366;S;20250214
LC;Banque LC;LC/366;20240628;51200000;CompteLib_0021;;;24F74;20240628;EcritureLib_0184;20250422;0,00;118,39;C;LC/366;;
LC;Banque LC;LC/367;20240701;42100000;CompteLib_0033;;;24G6;20240701;EcritureLib_0129;20250422;688,13;0,00;D;LC/367;;
LC;Banque LC;LC/367;20240701;51200000;CompteLib_0021;;;24G6;20240701;EcritureLib_0129;20250422;0,00;688,13;C;LC/367;;
LC;Banque LC;LC/368;20240701;41100000;CompteLib_0014;DCANY;MR OU MME DANY;24G4;20240701;EcritureLib_0169;20250422;0,00;43,50;C;LC/368;;
LC;Banque LC;LC/368;20240701;51200000;CompteLib_0021;;;24G4;20240701;EcritureLib_0169;20250422;43,50;0,00;D;LC/368;;
LC;Banque LC;LC/369;20240701;62700000;CompteLib_0020;;;24G10;20240701;EcritureLib_0069;20250422;5,15;0,00;D;LC/369;;
LC;Banque LC;LC/369;20240701;51200000;CompteLib_0021;;;24G10;20240701;EcritureLib_0069;20250422;0,00;5,15;C;LC/369;;
LC;Banque LC;LC/370;20240701;51180000;CompteLib_0029;;;24G2;20240701;EcritureLib_0185;20250422;0,00;184,50;C;LC/370;E;20250226
LC;Banque LC;LC/370;20240701;51200000;CompteLib_0021;;;24G2;20240701;EcritureLib_0185;20250422;184,50;0,00;D;LC/370;;
LC;Banque LC;LC/371;20240701;51180000;CompteLib_0029;;;24G3;20240701;EcritureLib_0186;20250422;0,00;56,50;C;LC/371;E;20250226
LC;Banque LC;LC/371;20240701;51200000;CompteLib_0021;;;24G3;20240701;EcritureLib_0186;20250422;56,50;0,00;D;LC/371;;
LC;Banque LC;LC/372;20240701;42100000;CompteLib_0033;;;24G5;20240701;EcritureLib_0187;20250422;783,27;0,00;D;LC/372;G;20250303
LC;Banque LC;LC/372;20240701;51200000;CompteLib_0021;;;24G5;20240701;EcritureLib_0187;20250422;0,00;783,27;C;LC/372;;
LC;Banque LC;LC/373;20240701;62700000;CompteLib_0020;;;24G8;20240701;EcritureLib_0063;20250422;0,62;0,00;D;LC/373;;
LC;Banque LC;LC/373;20240701;51200000;CompteLib_0021;;;24G8;20240701;EcritureLib_0063;20250422;0,00;0,62;C;LC/373;;
LC;Banque LC;LC/374;20240701;62700000;CompteLib_0020;;;24G9;20240701;EcritureLib_0063;20250422;0,20;0,00;D;LC/374;;
LC;Banque LC;LC/374;20240701;51200000;CompteLib_0021;;;24G9;20240701;EcritureLib_0063;20250422;0,00;0,20;C;LC/374;;
LC;Banque LC;LC/375;20240701;41100000;CompteLib_0014;DCANY;MR OU MME DANY;24G1;20240701;EcritureLib_0169;20250422;0,00;349,00;C;LC/375;B;20250121
LC;Banque LC;LC/375;20240701;51200000;CompteLib_0021;;;24G1;20240701;EcritureLib_0169;20250422;349,00;0,00;D;LC/375;;
LC;Banque LC;LC/376;20240701;61630000;CompteLib_0022;;;24G73;20240701;EcritureLib_0048;20250422;140,95;0,00;D;LC/376;;
LC;Banque LC;LC/376;20240701;51200000;CompteLib_0021;;;24G73;20240701;EcritureLib_0048;20250422;0,00;172,11;C;LC/376;;
LC;Banque LC;LC/376;20240701;61610000;CompteLib_0023;;;24G73;20240701;EcritureLib_0048;20250422;31,16;0,00;D;LC/376;;
LC;Banque LC;LC/377;20240701;62700000;CompteLib_0020;;;24G11;20240701;EcritureLib_0188;20250422;21,77;0,00;D;LC/377;;
LC;Banque LC;LC/377;20240701;51200000;CompteLib_0021;;;24G11;20240701;EcritureLib_0188;20250422;0,00;21,77;C;LC/377;;
LC;Banque LC;LC/378;20240703;41100000;CompteLib_0014;CENTRESOCIAL;CENTRE SOCIAL FAUBOURG DE BETHUNE;24G12;20240703;EcritureLib_0189;20250422;0,00;181,40;C;LC/378;A;20250303
LC;Banque LC;LC/378;20240703;51200000;CompteLib_0021;;;24G12;20240703;EcritureLib_0189;20250422;181,40;0,00;D;LC/378;;
LC;Banque LC;LC/379;20240704;40100000;CompteLib_0001;FASIAFRICA;ASIAFRICA;24G14;20240704;EcritureLib_0190;20250422;162,00;0,00;D;LC/379;D;20240713
LC;Banque LC;LC/379;20240704;51200000;CompteLib_0021;;;24G14;20240704;EcritureLib_0190;20250422;0,00;162,00;C;LC/379;;
LC;Banque LC;LC/380;20240705;41100000;CompteLib_0014;CASSINITIAT;ASS INITIATIVE LILLE METROPOLE NORD;24G15;20240705;EcritureLib_0191;20250422;0,00;500,50;C;LC/380;A;20250121
LC;Banque LC;LC/380;20240705;51200000;CompteLib_0021;;;24G15;20240705;EcritureLib_0191;20250422;500,50;0,00;D;LC/380;;
LC;Banque LC;LC/381;20240705;62700000;CompteLib_0020;;;24G21;20240705;EcritureLib_0063;20250422;0,08;0,00;D;LC/381;;
LC;Banque LC;LC/381;20240705;51200000;CompteLib_0021;;;24G21;20240705;EcritureLib_0063;20250422;0,00;0,08;C;LC/381;;
LC;Banque LC;LC/382;20240705;62700000;CompteLib_0020;;;24G20;20240705;EcritureLib_0063;20250422;1,03;0,00;D;LC/382;;
LC;Banque LC;LC/382;20240705;51200000;CompteLib_0021;;;24G20;20240705;EcritureLib_0063;20250422;0,00;1,03;C;LC/382;;
LC;Banque LC;LC/383;20240705;61600000;CompteLib_0024;;;24G19;20240705;EcritureLib_0050;20250422;4,41;0,00;D;LC/383;;
LC;Banque LC;LC/383;20240705;51200000;CompteLib_0021;;;24G19;20240705;EcritureLib_0050;20250422;0,00;4,41;C;LC/383;;
LC;Banque LC;LC/384;20240705;40100000;CompteLib_0001;FLAMARMITE;LA MARMITE;24G18;20240705;EcritureLib_0051;20250422;1032,00;0,00;D;LC/384;E;20240711
LC;Banque LC;LC/384;20240705;51200000;CompteLib_0021;;;24G18;20240705;EcritureLib_0051;20250422;0,00;1032,00;C;LC/384;;
LC;Banque LC;LC/385;20240705;51180000;CompteLib_0029;;;24G17;20240705;EcritureLib_0192;20250422;0,00;28,00;C;LC/385;E;20250226
LC;Banque LC;LC/385;20240705;51200000;CompteLib_0021;;;24G17;20240705;EcritureLib_0192;20250422;28,00;0,00;D;LC/385;;
LC;Banque LC;LC/386;20240705;51180000;CompteLib_0029;;;24G16;20240705;EcritureLib_0193;20250422;0,00;263,00;C;LC/386;E;20250226
LC;Banque LC;LC/386;20240705;51200000;CompteLib_0021;;;24G16;20240705;EcritureLib_0193;20250422;263,00;0,00;D;LC/386;;
LC;Banque LC;LC/387;20240706;42100000;CompteLib_0033;;;24G23;20240706;EcritureLib_0194;20250422;430,75;0,00;D;LC/387;H;20250303
LC;Banque LC;LC/387;20240706;51200000;CompteLib_0021;;;24G23;20240706;EcritureLib_0194;20250422;0,00;430,75;C;LC/387;;
LC;Banque LC;LC/388;20240708;41100000;CompteLib_0014;CPOULAIN;POULAIN ANTOINE;24G24;20240708;EcritureLib_0195;20250422;0,00;679,90;C;LC/388;A;20241016
LC;Banque LC;LC/388;20240708;51200000;CompteLib_0021;;;24G24;20240708;EcritureLib_0195;20250422;679,90;0,00;D;LC/388;;
LC;Banque LC;LC/389;20240708;40100000;CompteLib_0001;FPARISSTORE;PARIS STORE;24G27;20240708;EcritureLib_0196;20250422;195,86;0,00;D;LC/389;O;20241016
LC;Banque LC;LC/389;20240708;51200000;CompteLib_0021;;;24G27;20240708;EcritureLib_0196;20250422;0,00;195,86;C;LC/389;;
LC;Banque LC;LC/390;20240708;60616000;CompteLib_0009;;;24G28;20240708;EcritureLib_0197;20250422;60,30;0,00;D;LC/390;;
LC;Banque LC;LC/390;20240708;51200000;CompteLib_0021;;;24G28;20240708;EcritureLib_0197;20250422;0,00;60,30;C;LC/390;;
LC;Banque LC;LC/391;20240708;51180000;CompteLib_0029;;;24G25;20240708;EcritureLib_0198;20250422;0,00;122,00;C;LC/391;E;20250226
LC;Banque LC;LC/391;20240708;51200000;CompteLib_0021;;;24G25;20240708;EcritureLib_0198;20250422;122,00;0,00;D;LC/391;;
LC;Banque LC;LC/392;20240708;51180000;CompteLib_0029;;;24G26;20240708;EcritureLib_0199;20250422;0,00;2,00;C;LC/392;E;20250226
LC;Banque LC;LC/392;20240708;51200000;CompteLib_0021;;;24G26;20240708;EcritureLib_0199;20250422;2,00;0,00;D;LC/392;;
LC;Banque LC;LC/393;20240708;62700000;CompteLib_0020;;;24G32;20240708;EcritureLib_0063;20250422;0,01;0,00;D;LC/393;;
LC;Banque LC;LC/393;20240708;51200000;CompteLib_0021;;;24G32;20240708;EcritureLib_0063;20250422;0,00;0,01;C;LC/393;;
LC;Banque LC;LC/394;20240708;62700000;CompteLib_0020;;;24G31;20240708;EcritureLib_0063;20250422;0,38;0,00;D;LC/394;;
LC;Banque LC;LC/394;20240708;51200000;CompteLib_0021;;;24G31;20240708;EcritureLib_0063;20250422;0,00;0,38;C;LC/394;;
LC;Banque LC;LC/395;20240708;62700000;CompteLib_0020;;;24G30;20240708;EcritureLib_0063;20250422;2,38;0,00;D;LC/395;;
LC;Banque LC;LC/395;20240708;51200000;CompteLib_0021;;;24G30;20240708;EcritureLib_0063;20250422;0,00;2,38;C;LC/395;;
LC;Banque LC;LC/396;20240708;60100000;CompteLib_0005;;;24G29;20240708;EcritureLib_0200;20250422;12,49;0,00;D;LC/396;;
LC;Banque LC;LC/396;20240708;51200000;CompteLib_0021;;;24G29;20240708;EcritureLib_0200;20250422;0,00;12,49;C;LC/396;;
LC;Banque LC;LC/397;20240710;60100000;CompteLib_0005;;;24G34;20240710;EcritureLib_0201;20250422;64,15;0,00;D;LC/397;;
LC;Banque LC;LC/397;20240710;51200000;CompteLib_0021;;;24G34;20240710;EcritureLib_0201;20250422;0,00;64,15;C;LC/397;;
LC;Banque LC;LC/398;20240712;60100000;CompteLib_0005;;;24G35;20240712;EcritureLib_0202;20250422;112,40;0,00;D;LC/398;;
LC;Banque LC;LC/398;20240712;51200000;CompteLib_0021;;;24G35;20240712;EcritureLib_0202;20250422;0,00;112,40;C;LC/398;;
LC;Banque LC;LC/399;20240715;60100000;CompteLib_0005;;;24G42;20240715;EcritureLib_0203;20250422;22,50;0,00;D;LC/399;;
LC;Banque LC;LC/399;20240715;51200000;CompteLib_0021;;;24G42;20240715;EcritureLib_0203;20250422;0,00;22,50;C;LC/399;;
LC;Banque LC;LC/400;20240715;62700000;CompteLib_0020;;;24G43;20240715;EcritureLib_0063;20250422;2,02;0,00;D;LC/400;;
LC;Banque LC;LC/400;20240715;51200000;CompteLib_0021;;;24G43;20240715;EcritureLib_0063;20250422;0,00;2,02;C;LC/400;;
LC;Banque LC;LC/401;20240715;62700000;CompteLib_0020;;;24G44;20240715;EcritureLib_0063;20250422;0,66;0,00;D;LC/401;;
LC;Banque LC;LC/401;20240715;51200000;CompteLib_0021;;;24G44;20240715;EcritureLib_0063;20250422;0,00;0,66;C;LC/401;;
LC;Banque LC;LC/402;20240715;60100000;CompteLib_0005;;;24G41;20240715;EcritureLib_0204;20250422;47,93;0,00;D;LC/402;;
LC;Banque LC;LC/402;20240715;51200000;CompteLib_0021;;;24G41;20240715;EcritureLib_0204;20250422;0,00;47,93;C;LC/402;;
LC;Banque LC;LC/403;20240715;60100000;CompteLib_0005;;;24G40;20240715;EcritureLib_0203;20250422;66,54;0,00;D;LC/403;;
LC;Banque LC;LC/403;20240715;51200000;CompteLib_0021;;;24G40;20240715;EcritureLib_0203;20250422;0,00;66,54;C;LC/403;;
LC;Banque LC;LC/404;20240715;51180000;CompteLib_0029;;;24G39;20240715;EcritureLib_0205;20250422;0,00;38,00;C;LC/404;E;20250226
LC;Banque LC;LC/404;20240715;51200000;CompteLib_0021;;;24G39;20240715;EcritureLib_0205;20250422;38,00;0,00;D;LC/404;;
LC;Banque LC;LC/405;20240715;51180000;CompteLib_0029;;;24G38;20240715;EcritureLib_0206;20250422;0,00;54,00;C;LC/405;E;20250226
LC;Banque LC;LC/405;20240715;51200000;CompteLib_0021;;;24G38;20240715;EcritureLib_0206;20250422;54,00;0,00;D;LC/405;;
LC;Banque LC;LC/406;20240715;51180000;CompteLib_0029;;;24G37;20240715;EcritureLib_0207;20250422;0,00;204,00;C;LC/406;E;20250226
LC;Banque LC;LC/406;20240715;51200000;CompteLib_0021;;;24G37;20240715;EcritureLib_0207;20250422;204,00;0,00;D;LC/406;;
LC;Banque LC;LC/407;20240715;51180000;CompteLib_0029;;;24G36;20240715;EcritureLib_0208;20250422;0,00;625,00;C;LC/407;E;20250226
LC;Banque LC;LC/407;20240715;51200000;CompteLib_0021;;;24G36;20240715;EcritureLib_0208;20250422;625,00;0,00;D;LC/407;;
LC;Banque LC;LC/408;20240715;62700000;CompteLib_0020;;;24G46;20240715;EcritureLib_0063;20250422;0,13;0,00;D;LC/408;;
LC;Banque LC;LC/408;20240715;51200000;CompteLib_0021;;;24G46;20240715;EcritureLib_0063;20250422;0,00;0,13;C;LC/408;;
LC;Banque LC;LC/409;20240715;62700000;CompteLib_0020;;;24G45;20240715;EcritureLib_0063;20250422;0,17;0,00;D;LC/409;;
LC;Banque LC;LC/409;20240715;51200000;CompteLib_0021;;;24G45;20240715;EcritureLib_0063;20250422;0,00;0,17;C;LC/409;;
LC;Banque LC;LC/410;20240716;43100000;CompteLib_0025;;;24G47;20240716;EcritureLib_0055;20250422;737,00;0,00;D;LC/410;E;20250227
LC;Banque LC;LC/410;20240716;51200000;CompteLib_0021;;;24G47;20240716;EcritureLib_0055;20250422;0,00;737,00;C;LC/410;;
LC;Banque LC;LC/411;20240717;41100000;CompteLib_0014;LESPANNIERS;LES PANNIERS DE LEA;24G48;20240717;EcritureLib_0209;20250422;0,00;375,97;C;LC/411;A;20241016
LC;Banque LC;LC/411;20240717;51200000;CompteLib_0021;;;24G48;20240717;EcritureLib_0209;20250422;375,97;0,00;D;LC/411;;
LC;Banque LC;LC/412;20240719;60630000;CompteLib_0010;;;24G52;20240719;EcritureLib_0210;20250422;103,02;0,00;D;LC/412;;
LC;Banque LC;LC/412;20240719;51200000;CompteLib_0021;;;24G52;20240719;EcritureLib_0210;20250422;0,00;103,02;C;LC/412;;
LC;Banque LC;LC/413;20240719;16400000;CompteLib_0026;;;24G51;20240719;EcritureLib_0058;20250422;930,93;0,00;D;LC/413;;
LC;Banque LC;LC/413;20240719;51200000;CompteLib_0021;;;24G51;20240719;EcritureLib_0058;20250422;0,00;930,93;C;LC/413;;
LC;Banque LC;LC/414;20240720;41100000;CompteLib_0014;CVINCENT;VINCENT OLIVIER ET STEPHANIE;24G53;20240720;EcritureLib_0211;20250422;0,00;921,90;C;LC/414;A;20241018
LC;Banque LC;LC/414;20240720;51200000;CompteLib_0021;;;24G53;20240720;EcritureLib_0211;20250422;921,90;0,00;D;LC/414;;
LC;Banque LC;LC/415;20240722;61350000;CompteLib_0008;;;24G54;20240722;EcritureLib_0059;20250422;80,63;0,00;D;LC/415;;
LC;Banque LC;LC/415;20240722;44566000;CompteLib_0004;;;24G54;20240722;EcritureLib_0059;20250422;16,13;0,00;D;LC/415;;
LC;Banque LC;LC/415;20240722;51200000;CompteLib_0021;;;24G54;20240722;EcritureLib_0059;20250422;0,00;96,76;C;LC/415;;
LC;Banque LC;LC/416;20240725;43703000;CompteLib_0031;;;24G56;20240725;EcritureLib_0093;20250422;146,43;0,00;D;LC/416;C;20241004
LC;Banque LC;LC/416;20240725;51200000;CompteLib_0021;;;24G56;20240725;EcritureLib_0093;20250422;0,00;146,43;C;LC/416;;
LC;Banque LC;LC/417;20240725;40100000;CompteLib_0001;FTRIANGLE;TRIANGLE;24G57;20240725;EcritureLib_0212;20250422;36,76;0,00;D;LC/417;P;20250214
LC;Banque LC;LC/417;20240725;51200000;CompteLib_0021;;;24G57;20240725;EcritureLib_0212;20250422;0,00;36,76;C;LC/417;;
LC;Banque LC;LC/418;20240726;40100000;CompteLib_0001;FSTC;STC DIGIT;24G60;20240726;EcritureLib_0065;20250422;309,60;0,00;D;LC/418;N;20241021
LC;Banque LC;LC/418;20240726;51200000;CompteLib_0021;;;24G60;20240726;EcritureLib_0065;20250422;0,00;309,60;C;LC/418;;
LC;Banque LC;LC/419;20240726;51180000;CompteLib_0029;;;24G59;20240726;EcritureLib_0213;20250422;0,00;12,00;C;LC/419;E;20250226
LC;Banque LC;LC/419;20240726;51200000;CompteLib_0021;;;24G59;20240726;EcritureLib_0213;20250422;12,00;0,00;D;LC/419;;
LC;Banque LC;LC/420;20240726;40100000;CompteLib_0001;FSTC;STC DIGIT;24G61;20240726;EcritureLib_0065;20250422;238,80;0,00;D;LC/420;O;20241021
LC;Banque LC;LC/420;20240726;51200000;CompteLib_0021;;;24G61;20240726;EcritureLib_0065;20250422;0,00;238,80;C;LC/420;;
LC;Banque LC;LC/421;20240726;40100000;CompteLib_0001;FLIVE;LIVE ADVICE;24G62;20240726;EcritureLib_0049;20250422;90,00;0,00;D;LC/421;I;20250217
LC;Banque LC;LC/421;20240726;51200000;CompteLib_0021;;;24G62;20240726;EcritureLib_0049;20250422;0,00;90,00;C;LC/421;;
LC;Banque LC;LC/422;20240726;62700000;CompteLib_0020;;;24G64;20240726;EcritureLib_0063;20250422;0,04;0,00;D;LC/422;;
LC;Banque LC;LC/422;20240726;51200000;CompteLib_0021;;;24G64;20240726;EcritureLib_0063;20250422;0,00;0,04;C;LC/422;;
LC;Banque LC;LC/423;20240726;62700000;CompteLib_0020;;;24G65;20240726;EcritureLib_0066;20250422;12,20;0,00;D;LC/423;;
LC;Banque LC;LC/423;20240726;51200000;CompteLib_0021;;;24G65;20240726;EcritureLib_0066;20250422;0,00;12,20;C;LC/423;;
LC;Banque LC;LC/424;20240726;40100000;CompteLib_0001;FCARBU;CARBURANT;24G63;20240726;EcritureLib_0214;20250422;80,30;0,00;D;LC/424;F;20250214
LC;Banque LC;LC/424;20240726;51200000;CompteLib_0021;;;24G63;20240726;EcritureLib_0214;20250422;0,00;80,30;C;LC/424;;
LC;Banque LC;LC/425;20240729;40100000;CompteLib_0001;CVETO;VETO GEMO;24G66;20240729;EcritureLib_0215;20250422;0,00;960,00;C;LC/425;;
LC;Banque LC;LC/425;20240729;51200000;CompteLib_0021;;;24G66;20240729;EcritureLib_0215;20250422;960,00;0,00;D;LC/425;;
LC;Banque LC;LC/426;20240729;40100000;CompteLib_0001;CVETO;VETO GEMO;24G67;20240729;EcritureLib_0216;20250422;0,00;563,20;C;LC/426;;
LC;Banque LC;LC/426;20240729;51200000;CompteLib_0021;;;24G67;20240729;EcritureLib_0216;20250422;563,20;0,00;D;LC/426;;
LC;Banque LC;LC/427;20240729;42100000;CompteLib_0033;;;24G68;20240729;EcritureLib_0194;20250422;467,52;0,00;D;LC/427;I;20250303
LC;Banque LC;LC/427;20240729;51200000;CompteLib_0021;;;24G68;20240729;EcritureLib_0194;20250422;0,00;467,52;C;LC/427;;
LC;Banque LC;LC/428;20240730;62700000;CompteLib_0020;;;24G69;20240730;EcritureLib_0067;20250422;0,00;0,87;C;LC/428;;
LC;Banque LC;LC/428;20240730;51200000;CompteLib_0021;;;24G69;20240730;EcritureLib_0067;20250422;0,87;0,00;D;LC/428;;
LC;Banque LC;LC/429;20240730;62700000;CompteLib_0020;;;24G70;20240730;EcritureLib_0068;20250422;19,05;0,00;D;LC/429;;
LC;Banque LC;LC/429;20240730;51200000;CompteLib_0021;;;24G70;20240730;EcritureLib_0068;20250422;0,00;19,05;C;LC/429;;
LC;Banque LC;LC/430;20240731;41100000;CompteLib_0014;CCUIZIN;CUIZ'IN LILE;24G71;20240731;EcritureLib_0217;20250422;0,00;474,75;C;LC/430;H;20241016
LC;Banque LC;LC/430;20240731;51200000;CompteLib_0021;;;24G71;20240731;EcritureLib_0217;20250422;474,75;0,00;D;LC/430;;
LC;Banque LC;LC/431;20240801;62700000;CompteLib_0020;;;24H2;20240801;EcritureLib_0069;20250422;5,15;0,00;D;LC/431;;
LC;Banque LC;LC/431;20240801;51200000;CompteLib_0021;;;24H2;20240801;EcritureLib_0069;20250422;0,00;5,15;C;LC/431;;
LC;Banque LC;LC/432;20240801;61630000;CompteLib_0022;;;24H40;20240801;EcritureLib_0048;20250422;140,95;0,00;D;LC/432;;
LC;Banque LC;LC/432;20240801;51200000;CompteLib_0021;;;24H40;20240801;EcritureLib_0048;20250422;0,00;172,11;C;LC/432;;
LC;Banque LC;LC/432;20240801;61610000;CompteLib_0023;;;24H40;20240801;EcritureLib_0048;20250422;31,16;0,00;D;LC/432;;
LC;Banque LC;LC/433;20240802;60100000;CompteLib_0005;;;24H3;20240802;EcritureLib_0218;20250422;85,00;0,00;D;LC/433;;
LC;Banque LC;LC/433;20240802;51200000;CompteLib_0021;;;24H3;20240802;EcritureLib_0218;20250422;0,00;85,00;C;LC/433;;
LC;Banque LC;LC/434;20240802;62510000;CompteLib_0038;;;24H4;20240802;EcritureLib_0219;20250422;1,00;0,00;D;LC/434;;
LC;Banque LC;LC/434;20240802;51200000;CompteLib_0021;;;24H4;20240802;EcritureLib_0219;20250422;0,00;1,00;C;LC/434;;
LC;Banque LC;LC/435;20240805;62700000;CompteLib_0020;;;24H11;20240805;EcritureLib_0063;20250422;0,14;0,00;D;LC/435;;
LC;Banque LC;LC/435;20240805;51200000;CompteLib_0021;;;24H11;20240805;EcritureLib_0063;20250422;0,00;0,14;C;LC/435;;
LC;Banque LC;LC/436;20240805;51180000;CompteLib_0029;;;24H5;20240805;EcritureLib_0220;20250422;0,00;163,00;C;LC/436;E;20250226
LC;Banque LC;LC/436;20240805;51200000;CompteLib_0021;;;24H5;20240805;EcritureLib_0220;20250422;163,00;0,00;D;LC/436;;
LC;Banque LC;LC/437;20240805;51180000;CompteLib_0029;;;24H6;20240805;EcritureLib_0221;20250422;0,00;42,00;C;LC/437;E;20250226
LC;Banque LC;LC/437;20240805;51200000;CompteLib_0021;;;24H6;20240805;EcritureLib_0221;20250422;42,00;0,00;D;LC/437;;
LC;Banque LC;LC/438;20240805;40100000;CompteLib_0001;FLAMARMITE;LA MARMITE;24H7;20240805;EcritureLib_0051;20250422;1032,00;0,00;D;LC/438;J;20250217
LC;Banque LC;LC/438;20240805;51200000;CompteLib_0021;;;24H7;20240805;EcritureLib_0051;20250422;0,00;1032,00;C;LC/438;;
LC;Banque LC;LC/439;20240805;60100000;CompteLib_0005;;;24H8;20240805;EcritureLib_0222;20250422;17,98;0,00;D;LC/439;;
LC;Banque LC;LC/439;20240805;51200000;CompteLib_0021;;;24H8;20240805;EcritureLib_0222;20250422;0,00;17,98;C;LC/439;;
LC;Banque LC;LC/440;20240805;61600000;CompteLib_0024;;;24H9;20240805;EcritureLib_0050;20250422;4,41;0,00;D;LC/440;;
LC;Banque LC;LC/440;20240805;51200000;CompteLib_0021;;;24H9;20240805;EcritureLib_0050;20250422;0,00;4,41;C;LC/440;;
LC;Banque LC;LC/441;20240805;62700000;CompteLib_0020;;;24H10;20240805;EcritureLib_0063;20250422;0,52;0,00;D;LC/441;;
LC;Banque LC;LC/441;20240805;51200000;CompteLib_0021;;;24H10;20240805;EcritureLib_0063;20250422;0,00;0,52;C;LC/441;;
LC;Banque LC;LC/442;20240806;40100000;CompteLib_0001;FAVEM;AVEM;24H12;20240806;EcritureLib_0073;20250422;113,40;0,00;D;LC/442;B;20240924
LC;Banque LC;LC/442;20240806;51200000;CompteLib_0021;;;24H12;20240806;EcritureLib_0073;20250422;0,00;113,40;C;LC/442;;
LC;Banque LC;LC/443;20240809;40100000;CompteLib_0001;FCARBU;CARBURANT;24H14;20240809;EcritureLib_0223;20250422;119,41;0,00;D;LC/443;E;20240928
LC;Banque LC;LC/443;20240809;51200000;CompteLib_0021;;;24H14;20240809;EcritureLib_0223;20250422;0,00;119,41;C;LC/443;;
LC;Banque LC;LC/444;20240812;62330000;CompteLib_0039;;;24H15;20240812;EcritureLib_0224;20250422;75,00;0,00;D;LC/444;;
LC;Banque LC;LC/444;20240812;51200000;CompteLib_0021;;;24H15;20240812;EcritureLib_0225;20250422;0,00;75,00;C;LC/444;;
LC;Banque LC;LC/445;20240813;40100000;CompteLib_0001;FSTC;STC DIGIT;24H16;20240813;EcritureLib_0065;20250422;238,80;0,00;D;LC/445;P;20241021
LC;Banque LC;LC/445;20240813;51200000;CompteLib_0021;;;24H16;20240813;EcritureLib_0065;20250422;0,00;238,80;C;LC/445;;
LC;Banque LC;LC/446;20240813;40100000;CompteLib_0001;FSTC;STC DIGIT;24H17;20240813;EcritureLib_0065;20250422;70,20;0,00;D;LC/446;Q;20241021
LC;Banque LC;LC/446;20240813;51200000;CompteLib_0021;;;24H17;20240813;EcritureLib_0065;20250422;0,00;70,20;C;LC/446;;
LC;Banque LC;LC/447;20240819;40100000;CompteLib_0001;FTRIANGLE;TRIANGLE;24H22;20240819;EcritureLib_0226;20250422;61,75;0,00;D;LC/447;L;20240904
LC;Banque LC;LC/447;20240819;51200000;CompteLib_0021;;;24H22;20240819;EcritureLib_0226;20250422;0,00;61,75;C;LC/447;;
LC;Banque LC;LC/448;20240819;51180000;CompteLib_0029;;;24H19;20240819;EcritureLib_0227;20250422;0,00;422,00;C;LC/448;E;20250226
LC;Banque LC;LC/448;20240819;51200000;CompteLib_0021;;;24H19;20240819;EcritureLib_0227;20250422;422,00;0,00;D;LC/448;;
LC;Banque LC;LC/449;20240819;16400000;CompteLib_0026;;;24H20;20240819;EcritureLib_0058;20250422;930,93;0,00;D;LC/449;;
LC;Banque LC;LC/449;20240819;51200000;CompteLib_0021;;;24H20;20240819;EcritureLib_0058;20250422;0,00;930,93;C;LC/449;;
LC;Banque LC;LC/450;20240819;43100000;CompteLib_0025;;;24H21;20240819;EcritureLib_0055;20250422;580,00;0,00;D;LC/450;K;20250303
LC;Banque LC;LC/450;20240819;51200000;CompteLib_0021;;;24H21;20240819;EcritureLib_0055;20250422;0,00;580,00;C;LC/450;;
LC;Banque LC;LC/451;20240819;62700000;CompteLib_0020;;;24H23;20240819;EcritureLib_0063;20250422;1,41;0,00;D;LC/451;;
LC;Banque LC;LC/451;20240819;51200000;CompteLib_0021;;;24H23;20240819;EcritureLib_0063;20250422;0,00;1,41;C;LC/451;;
LC;Banque LC;LC/452;20240820;62510000;CompteLib_0038;;;24H27;20240820;EcritureLib_0219;20250422;3,90;0,00;D;LC/452;;
LC;Banque LC;LC/452;20240820;51200000;CompteLib_0021;;;24H27;20240820;EcritureLib_0219;20250422;0,00;3,90;C;LC/452;;
LC;Banque LC;LC/453;20240820;61350000;CompteLib_0008;;;24H26;20240820;EcritureLib_0059;20250422;80,63;0,00;D;LC/453;;
LC;Banque LC;LC/453;20240820;44566000;CompteLib_0004;;;24H26;20240820;EcritureLib_0059;20250422;16,13;0,00;D;LC/453;;
LC;Banque LC;LC/453;20240820;51200000;CompteLib_0021;;;24H26;20240820;EcritureLib_0059;20250422;0,00;96,76;C;LC/453;;
LC;Banque LC;LC/454;20240820;70110000;CompteLib_0013;;;24H45;20240820;EcritureLib_0228;20250422;0,00;21,82;C;LC/454;;
LC;Banque LC;LC/454;20240820;51200000;CompteLib_0021;;;24H45;20240820;EcritureLib_0228;20250422;23,58;0,00;D;LC/454;;
LC;Banque LC;LC/454;20240820;62220000;CompteLib_0030;;;24H45;20240820;EcritureLib_0228;20250422;0,42;0,00;D;LC/454;;
LC;Banque LC;LC/454;20240820;44566000;CompteLib_0004;;;24H45;20240820;EcritureLib_0228;20250422;0,00;2,18;C;LC/454;;
LC;Banque LC;LC/455;20240826;43703000;CompteLib_0031;;;24H28;20240826;EcritureLib_0093;20250422;115,14;0,00;D;LC/455;B;20241004
LC;Banque LC;LC/455;20240826;51200000;CompteLib_0021;;;24H28;20240826;EcritureLib_0093;20250422;0,00;115,14;C;LC/455;;
LC;Banque LC;LC/456;20240827;62700000;CompteLib_0020;;;24H29;20240827;EcritureLib_0066;20250422;12,20;0,00;D;LC/456;;
LC;Banque LC;LC/456;20240827;51200000;CompteLib_0021;;;24H29;20240827;EcritureLib_0066;20250422;0,00;12,20;C;LC/456;;
LC;Banque LC;LC/457;20240828;40100000;CompteLib_0001;FLIVE;LIVE ADVICE;24H30;20240828;EcritureLib_0049;20250422;90,00;0,00;D;LC/457;E;20250217
LC;Banque LC;LC/457;20240828;51200000;CompteLib_0021;;;24H30;20240828;EcritureLib_0049;20250422;0,00;90,00;C;LC/457;;
LC;Banque LC;LC/458;20240829;62700000;CompteLib_0020;;;24H34;20240829;EcritureLib_0068;20250422;19,05;0,00;D;LC/458;;
LC;Banque LC;LC/458;20240829;51200000;CompteLib_0021;;;24H34;20240829;EcritureLib_0068;20250422;0,00;19,05;C;LC/458;;
LC;Banque LC;LC/459;20240829;62700000;CompteLib_0020;;;24H33;20240829;EcritureLib_0067;20250422;0,00;0,87;C;LC/459;;
LC;Banque LC;LC/459;20240829;51200000;CompteLib_0021;;;24H33;20240829;EcritureLib_0067;20250422;0,87;0,00;D;LC/459;;
LC;Banque LC;LC/460;20240830;40100000;CompteLib_0001;FPARISSTORE;PARIS STORE;24H35;20240830;EcritureLib_0229;20250422;66,46;0,00;D;LC/460;Q;20250214
LC;Banque LC;LC/460;20240830;51200000;CompteLib_0021;;;24H35;20240830;EcritureLib_0229;20250422;0,00;66,46;C;LC/460;;
LC;Banque LC;LC/461;20240901;41100000;CompteLib_0014;CVINCENT;VINCENT OLIVIER ET STEPHANIE;24I1;20240901;EcritureLib_0211;20250422;0,00;987,90;C;LC/461;A;20241018
LC;Banque LC;LC/461;20240901;51200000;CompteLib_0021;;;24I1;20240901;EcritureLib_0211;20250422;987,90;0,00;D;LC/461;;
LC;Banque LC;LC/462;20240902;62700000;CompteLib_0020;;;24I4;20240902;EcritureLib_0069;20250422;5,15;0,00;D;LC/462;;
LC;Banque LC;LC/462;20240902;51200000;CompteLib_0021;;;24I4;20240902;EcritureLib_0069;20250422;0,00;5,15;C;LC/462;;
LC;Banque LC;LC/463;20240902;51180000;CompteLib_0029;;;24I2;20240902;EcritureLib_0230;20250422;0,00;129,00;C;LC/463;D;20250120
LC;Banque LC;LC/463;20240902;51200000;CompteLib_0021;;;24I2;20240902;EcritureLib_0230;20250422;129,00;0,00;D;LC/463;;
LC;Banque LC;LC/464;20240902;62700000;CompteLib_0020;;;24I3;20240902;EcritureLib_0063;20250422;0,41;0,00;D;LC/464;;
LC;Banque LC;LC/464;20240902;51200000;CompteLib_0021;;;24I3;20240902;EcritureLib_0063;20250422;0,00;0,41;C;LC/464;;
LC;Banque LC;LC/465;20240903;41100000;CompteLib_0014;CCUIZIN;CUIZ'IN LILE;24I6;20240903;EcritureLib_0231;20250422;0,00;142,50;C;LC/465;F;20241016
LC;Banque LC;LC/465;20240903;51200000;CompteLib_0021;;;24I6;20240903;EcritureLib_0231;20250422;142,50;0,00;D;LC/465;;
LC;Banque LC;LC/466;20240903;41100000;CompteLib_0014;CCUIZIN;CUIZ'IN LILE;24I5;20240903;EcritureLib_0232;20250422;0,00;630,72;C;LC/466;E;20241016
LC;Banque LC;LC/466;20240903;51200000;CompteLib_0021;;;24I5;20240903;EcritureLib_0232;20250422;630,72;0,00;D;LC/466;;
LC;Banque LC;LC/467;20240904;40100000;CompteLib_0001;FASIAFRICA;ASIAFRICA;24I12;20240904;EcritureLib_0233;20250422;69,00;0,00;D;LC/467;E;20241011
LC;Banque LC;LC/467;20240904;51200000;CompteLib_0021;;;24I12;20240904;EcritureLib_0233;20250422;0,00;69,00;C;LC/467;;
LC;Banque LC;LC/468;20240904;40100000;CompteLib_0001;FPARISSTORE;PARIS STORE;24I11;20240904;EcritureLib_0234;20250422;90,81;0,00;D;LC/468;I;20240924
LC;Banque LC;LC/468;20240904;51200000;CompteLib_0021;;;24I11;20240904;EcritureLib_0234;20250422;0,00;90,81;C;LC/468;;
LC;Banque LC;LC/469;20240904;41100000;CompteLib_0014;CMARIETTE;MARIETTE SYLVIE;24I9;20240904;EcritureLib_0235;20250422;0,00;406,80;C;LC/469;B;20250121
LC;Banque LC;LC/469;20240904;51200000;CompteLib_0021;;;24I9;20240904;EcritureLib_0235;20250422;406,80;0,00;D;LC/469;;
LC;Banque LC;LC/470;20240904;44551000;CompteLib_0040;;;24I93;20240904;EcritureLib_0236;20250422;578,00;0,00;D;LC/470;A;20250226
LC;Banque LC;LC/470;20240904;51200000;CompteLib_0021;;;24I93;20240904;EcritureLib_0236;20250422;0,00;606,00;C;LC/470;;
LC;Banque LC;LC/470;20240904;67120000;CompteLib_0041;;;24I93;20240904;EcritureLib_0236;20250422;28,00;0,00;D;LC/470;;
LC;Banque LC;LC/471;20240905;42100000;CompteLib_0033;;;24I17;20240905;EcritureLib_0194;20250422;287,18;0,00;D;LC/471;K;20250303
LC;Banque LC;LC/471;20240905;51200000;CompteLib_0021;;;24I17;20240905;EcritureLib_0194;20250422;0,00;287,18;C;LC/471;;
LC;Banque LC;LC/472;20240905;41100000;CompteLib_0014;CCUIZIN;CUIZ'IN LILE;24I14;20240905;EcritureLib_0237;20250422;0,00;474,75;C;LC/472;D;20241016
LC;Banque LC;LC/472;20240905;51200000;CompteLib_0021;;;24I14;20240905;EcritureLib_0237;20250422;474,75;0,00;D;LC/472;;
LC;Banque LC;LC/473;20240905;61600000;CompteLib_0024;;;24I16;20240905;EcritureLib_0050;20250422;4,41;0,00;D;LC/473;;
LC;Banque LC;LC/473;20240905;51200000;CompteLib_0021;;;24I16;20240905;EcritureLib_0050;20250422;0,00;4,41;C;LC/473;;
LC;Banque LC;LC/474;20240905;40100000;CompteLib_0001;FLAMARMITE;LA MARMITE;24I15;20240905;EcritureLib_0051;20250422;1032,00;0,00;D;LC/474;F;20240919
LC;Banque LC;LC/474;20240905;51200000;CompteLib_0021;;;24I15;20240905;EcritureLib_0051;20250422;0,00;1032,00;C;LC/474;;
LC;Banque LC;LC/475;20240906;40100000;CompteLib_0001;FPARISSTORE;PARIS STORE;24I19;20240906;EcritureLib_0238;20250422;139,68;0,00;D;LC/475;L;20241011
LC;Banque LC;LC/475;20240906;51200000;CompteLib_0021;;;24I19;20240906;EcritureLib_0238;20250422;0,00;139,68;C;LC/475;;
LC;Banque LC;LC/476;20240909;51180000;CompteLib_0029;;;24I22;20240909;EcritureLib_0239;20250422;0,00;350,00;C;LC/476;D;20250120
LC;Banque LC;LC/476;20240909;51200000;CompteLib_0021;;;24I22;20240909;EcritureLib_0239;20250422;350,00;0,00;D;LC/476;;
LC;Banque LC;LC/477;20240909;40100000;CompteLib_0001;PROMOCASH;PROMOCASH;24I23;20240909;EcritureLib_0240;20250422;144,93;0,00;D;LC/477;E;20240924
LC;Banque LC;LC/477;20240909;51200000;CompteLib_0021;;;24I23;20240909;EcritureLib_0240;20250422;0,00;144,93;C;LC/477;;
LC;Banque LC;LC/478;20240909;62700000;CompteLib_0020;;;24I24;20240909;EcritureLib_0063;20250422;1,39;0,00;D;LC/478;;
LC;Banque LC;LC/478;20240909;51200000;CompteLib_0021;;;24I24;20240909;EcritureLib_0063;20250422;0,00;1,39;C;LC/478;;
LC;Banque LC;LC/479;20240909;41100000;CompteLib_0014;CMARIETTE;MARIETTE SYLVIE;24I21;20240909;EcritureLib_0241;20250422;0,00;406,80;C;LC/479;B;20250121
LC;Banque LC;LC/479;20240909;51200000;CompteLib_0021;;;24I21;20240909;EcritureLib_0241;20250422;406,80;0,00;D;LC/479;;
LC;Banque LC;LC/480;20240911;40100000;CompteLib_0001;PROMOCASH;PROMOCASH;24I28;20240911;EcritureLib_0242;20250422;23,40;0,00;D;LC/480;F;20240924
LC;Banque LC;LC/480;20240911;51200000;CompteLib_0021;;;24I28;20240911;EcritureLib_0242;20250422;0,00;23,40;C;LC/480;;
LC;Banque LC;LC/481;20240911;40100000;CompteLib_0001;FTRIANGLE;TRIANGLE;24I27;20240911;EcritureLib_0243;20250422;227,90;0,00;D;LC/481;M;20240924
LC;Banque LC;LC/481;20240911;51200000;CompteLib_0021;;;24I27;20240911;EcritureLib_0243;20250422;0,00;227,90;C;LC/481;;
LC;Banque LC;LC/482;20240913;40100000;CompteLib_0001;FCARBU;CARBURANT;24I32;20240913;EcritureLib_0244;20250422;50,82;0,00;D;LC/482;C;20240924
LC;Banque LC;LC/482;20240913;51200000;CompteLib_0021;;;24I32;20240913;EcritureLib_0244;20250422;0,00;50,82;C;LC/482;;
LC;Banque LC;LC/483;20240913;51180000;CompteLib_0029;;;24I30;20240913;EcritureLib_0245;20250422;0,00;131,00;C;LC/483;D;20250120
LC;Banque LC;LC/483;20240913;51200000;CompteLib_0021;;;24I30;20240913;EcritureLib_0245;20250422;131,00;0,00;D;LC/483;;
LC;Banque LC;LC/484;20240913;51180000;CompteLib_0029;;;24I31;20240913;EcritureLib_0246;20250422;0,00;46,00;C;LC/484;D;20250120
LC;Banque LC;LC/484;20240913;51200000;CompteLib_0021;;;24I31;20240913;EcritureLib_0246;20250422;46,00;0,00;D;LC/484;;
LC;Banque LC;LC/485;20240913;62700000;CompteLib_0020;;;24I34;20240913;EcritureLib_0063;20250422;0,16;0,00;D;LC/485;;
LC;Banque LC;LC/485;20240913;51200000;CompteLib_0021;;;24I34;20240913;EcritureLib_0063;20250422;0,00;0,16;C;LC/485;;
LC;Banque LC;LC/486;20240913;62700000;CompteLib_0020;;;24I33;20240913;EcritureLib_0063;20250422;0,45;0,00;D;LC/486;;
LC;Banque LC;LC/486;20240913;51200000;CompteLib_0021;;;24I33;20240913;EcritureLib_0063;20250422;0,00;0,45;C;LC/486;;
LC;Banque LC;LC/487;20240916;40100000;CompteLib_0001;FTRIANGLE;TRIANGLE;24I43;20240916;EcritureLib_0247;20250422;23,05;0,00;D;LC/487;O;20241011
LC;Banque LC;LC/487;20240916;51200000;CompteLib_0021;;;24I43;20240916;EcritureLib_0247;20250422;0,00;23,05;C;LC/487;;
LC;Banque LC;LC/488;20240916;51180000;CompteLib_0029;;;24I38;20240916;EcritureLib_0248;20250422;0,00;128,00;C;LC/488;D;20250120
LC;Banque LC;LC/488;20240916;51200000;CompteLib_0021;;;24I38;20240916;EcritureLib_0248;20250422;128,00;0,00;D;LC/488;;
LC;Banque LC;LC/489;20240916;51180000;CompteLib_0029;;;24I39;20240916;EcritureLib_0249;20250422;0,00;94,00;C;LC/489;D;20250120
LC;Banque LC;LC/489;20240916;51200000;CompteLib_0021;;;24I39;20240916;EcritureLib_0249;20250422;94,00;0,00;D;LC/489;;
LC;Banque LC;LC/490;20240916;51180000;CompteLib_0029;;;24I40;20240916;EcritureLib_0250;20250422;0,00;75,00;C;LC/490;D;20250120
LC;Banque LC;LC/490;20240916;51200000;CompteLib_0021;;;24I40;20240916;EcritureLib_0250;20250422;75,00;0,00;D;LC/490;;
LC;Banque LC;LC/491;20240916;51180000;CompteLib_0029;;;24I41;20240916;EcritureLib_0251;20250422;0,00;29,00;C;LC/491;D;20250120
LC;Banque LC;LC/491;20240916;51200000;CompteLib_0021;;;24I41;20240916;EcritureLib_0251;20250422;29,00;0,00;D;LC/491;;
LC;Banque LC;LC/492;20240916;51180000;CompteLib_0029;;;24I42;20240916;EcritureLib_0252;20250422;0,00;22,00;C;LC/492;D;20250120
LC;Banque LC;LC/492;20240916;51200000;CompteLib_0021;;;24I42;20240916;EcritureLib_0252;20250422;22,00;0,00;D;LC/492;;
LC;Banque LC;LC/493;20240916;62700000;CompteLib_0020;;;24I44;20240916;EcritureLib_0253;20250422;14,00;0,00;D;LC/493;;
LC;Banque LC;LC/493;20240916;51200000;CompteLib_0021;;;24I44;20240916;EcritureLib_0253;20250422;0,00;14,00;C;LC/493;;
LC;Banque LC;LC/494;20240916;62700000;CompteLib_0020;;;24I45;20240916;EcritureLib_0063;20250422;0,75;0,00;D;LC/494;;
LC;Banque LC;LC/494;20240916;51200000;CompteLib_0021;;;24I45;20240916;EcritureLib_0063;20250422;0,00;0,75;C;LC/494;;
LC;Banque LC;LC/495;20240916;62700000;CompteLib_0020;;;24I46;20240916;EcritureLib_0063;20250422;0,72;0,00;D;LC/495;;
LC;Banque LC;LC/495;20240916;51200000;CompteLib_0021;;;24I46;20240916;EcritureLib_0063;20250422;0,00;0,72;C;LC/495;;
LC;Banque LC;LC/496;20240916;62700000;CompteLib_0020;;;24I47;20240916;EcritureLib_0063;20250422;0,44;0,00;D;LC/496;;
LC;Banque LC;LC/496;20240916;51200000;CompteLib_0021;;;24I47;20240916;EcritureLib_0063;20250422;0,00;0,44;C;LC/496;;
LC;Banque LC;LC/497;20240916;62700000;CompteLib_0020;;;24I48;20240916;EcritureLib_0063;20250422;0,10;0,00;D;LC/497;;
LC;Banque LC;LC/497;20240916;51200000;CompteLib_0021;;;24I48;20240916;EcritureLib_0063;20250422;0,00;0,10;C;LC/497;;
LC;Banque LC;LC/498;20240916;62700000;CompteLib_0020;;;24I49;20240916;EcritureLib_0063;20250422;0,07;0,00;D;LC/498;;
LC;Banque LC;LC/498;20240916;51200000;CompteLib_0021;;;24I49;20240916;EcritureLib_0063;20250422;0,00;0,07;C;LC/498;;
LC;Banque LC;LC/499;20240917;43100000;CompteLib_0025;;;24I52;20240917;EcritureLib_0055;20250422;465,00;0,00;D;LC/499;L;20250303
LC;Banque LC;LC/499;20240917;51200000;CompteLib_0021;;;24I52;20240917;EcritureLib_0055;20250422;0,00;465,00;C;LC/499;;
LC;Banque LC;LC/500;20240917;40100000;CompteLib_0001;FPARISSTORE;PARIS STORE;24I53;20240917;EcritureLib_0254;20250422;143,75;0,00;D;LC/500;K;20241011
LC;Banque LC;LC/500;20240917;51200000;CompteLib_0021;;;24I53;20240917;EcritureLib_0254;20250422;0,00;143,75;C;LC/500;;
LC;Banque LC;LC/501;20240918;42100000;CompteLib_0033;;;24I54;20240918;EcritureLib_0187;20250422;91,93;0,00;D;LC/501;J;20250303
LC;Banque LC;LC/501;20240918;51200000;CompteLib_0021;;;24I54;20240918;EcritureLib_0187;20250422;0,00;91,93;C;LC/501;;
LC;Banque LC;LC/502;20240919;41100000;CompteLib_0014;CCUIZIN;CUIZ'IN LILE;24I60;20240919;EcritureLib_0255;20250422;0,00;1046,56;C;LC/502;C;20241016
LC;Banque LC;LC/502;20240919;51200000;CompteLib_0021;;;24I60;20240919;EcritureLib_0255;20250422;1046,56;0,00;D;LC/502;;
LC;Banque LC;LC/503;20240919;41100000;CompteLib_0014;CCUIZIN;CUIZ'IN LILE;24I61;20240919;EcritureLib_0256;20250422;0,00;172,80;C;LC/503;B;20241016
LC;Banque LC;LC/503;20240919;51200000;CompteLib_0021;;;24I61;20240919;EcritureLib_0256;20250422;172,80;0,00;D;LC/503;;
LC;Banque LC;LC/504;20240919;41100000;CompteLib_0014;CCUIZIN;CUIZ'IN LILE;24I59;20240919;EcritureLib_0257;20250422;0,00;1079,10;C;LC/504;A;20241016
LC;Banque LC;LC/504;20240919;51200000;CompteLib_0021;;;24I59;20240919;EcritureLib_0257;20250422;1079,10;0,00;D;LC/504;;
LC;Banque LC;LC/505;20240919;16400000;CompteLib_0026;;;24I62;20240919;EcritureLib_0058;20250422;930,93;0,00;D;LC/505;;
LC;Banque LC;LC/505;20240919;51200000;CompteLib_0021;;;24I62;20240919;EcritureLib_0058;20250422;0,00;930,93;C;LC/505;;
LC;Banque LC;LC/506;20240920;40100000;CompteLib_0001;FTRIANGLE;TRIANGLE;24I65;20240920;EcritureLib_0258;20250422;224,99;0,00;D;LC/506;N;20241011
LC;Banque LC;LC/506;20240920;51200000;CompteLib_0021;;;24I65;20240920;EcritureLib_0258;20250422;0,00;224,99;C;LC/506;;
LC;Banque LC;LC/507;20240920;40100000;CompteLib_0001;FGRAND;GRAND FRAIS;24I67;20240920;EcritureLib_0259;20250422;7,50;0,00;D;LC/507;E;20241016
LC;Banque LC;LC/507;20240920;51200000;CompteLib_0021;;;24I67;20240920;EcritureLib_0259;20250422;0,00;7,50;C;LC/507;;
LC;Banque LC;LC/508;20240920;61350000;CompteLib_0008;;;24I66;20240920;EcritureLib_0059;20250422;80,63;0,00;D;LC/508;;
LC;Banque LC;LC/508;20240920;44566000;CompteLib_0004;;;24I66;20240920;EcritureLib_0059;20250422;16,13;0,00;D;LC/508;;
LC;Banque LC;LC/508;20240920;51200000;CompteLib_0021;;;24I66;20240920;EcritureLib_0059;20250422;0,00;96,76;C;LC/508;;
LC;Banque LC;LC/509;20240923;51180000;CompteLib_0029;;;24I71;20240923;EcritureLib_0260;20250422;0,00;12,00;C;LC/509;D;20250120
LC;Banque LC;LC/509;20240923;51200000;CompteLib_0021;;;24I71;20240923;EcritureLib_0260;20250422;12,00;0,00;D;LC/509;;
LC;Banque LC;LC/510;20240923;62700000;CompteLib_0020;;;24I75;20240923;EcritureLib_0063;20250422;0,80;0,00;D;LC/510;;
LC;Banque LC;LC/510;20240923;51200000;CompteLib_0021;;;24I75;20240923;EcritureLib_0063;20250422;0,00;0,80;C;LC/510;;
LC;Banque LC;LC/511;20240923;51180000;CompteLib_0029;;;24I72;20240923;EcritureLib_0261;20250422;0,00;12,00;C;LC/511;D;20250120
LC;Banque LC;LC/511;20240923;51200000;CompteLib_0021;;;24I72;20240923;EcritureLib_0261;20250422;12,00;0,00;D;LC/511;;
LC;Banque LC;LC/512;20240923;40100000;CompteLib_0001;HAART;HAART;24I73;20240923;EcritureLib_0262;20250422;234,12;0,00;D;LC/512;B;20240928
LC;Banque LC;LC/512;20240923;51200000;CompteLib_0021;;;24I73;20240923;EcritureLib_0262;20250422;0,00;234,12;C;LC/512;;
LC;Banque LC;LC/513;20240923;62700000;CompteLib_0020;;;24I79;20240923;EcritureLib_0063;20250422;0,04;0,00;D;LC/513;;
LC;Banque LC;LC/513;20240923;51200000;CompteLib_0021;;;24I79;20240923;EcritureLib_0063;20250422;0,00;0,04;C;LC/513;;
LC;Banque LC;LC/514;20240923;62700000;CompteLib_0020;;;24I78;20240923;EcritureLib_0063;20250422;0,04;0,00;D;LC/514;;
LC;Banque LC;LC/514;20240923;51200000;CompteLib_0021;;;24I78;20240923;EcritureLib_0063;20250422;0,00;0,04;C;LC/514;;
LC;Banque LC;LC/515;20240923;62700000;CompteLib_0020;;;24I77;20240923;EcritureLib_0063;20250422;0,05;0,00;D;LC/515;;
LC;Banque LC;LC/515;20240923;51200000;CompteLib_0021;;;24I77;20240923;EcritureLib_0063;20250422;0,00;0,05;C;LC/515;;
LC;Banque LC;LC/516;20240923;62700000;CompteLib_0020;;;24I76;20240923;EcritureLib_0063;20250422;0,71;0,00;D;LC/516;;
LC;Banque LC;LC/516;20240923;51200000;CompteLib_0021;;;24I76;20240923;EcritureLib_0063;20250422;0,00;0,71;C;LC/516;;
LC;Banque LC;LC/517;20240923;60616000;CompteLib_0009;;;24I74;20240923;EcritureLib_0263;20250422;30,22;0,00;D;LC/517;;
LC;Banque LC;LC/517;20240923;51200000;CompteLib_0021;;;24I74;20240923;EcritureLib_0263;20250422;0,00;30,22;C;LC/517;;
LC;Banque LC;LC/518;20240923;51180000;CompteLib_0029;;;24I68;20240923;EcritureLib_0264;20250422;0,00;241,00;C;LC/518;D;20250120
LC;Banque LC;LC/518;20240923;51200000;CompteLib_0021;;;24I68;20240923;EcritureLib_0264;20250422;241,00;0,00;D;LC/518;;
LC;Banque LC;LC/519;20240923;51180000;CompteLib_0029;;;24I69;20240923;EcritureLib_0265;20250422;0,00;215,00;C;LC/519;D;20250120
LC;Banque LC;LC/519;20240923;51200000;CompteLib_0021;;;24I69;20240923;EcritureLib_0265;20250422;215,00;0,00;D;LC/519;;
LC;Banque LC;LC/520;20240923;51180000;CompteLib_0029;;;24I70;20240923;EcritureLib_0266;20250422;0,00;17,00;C;LC/520;D;20250120
LC;Banque LC;LC/520;20240923;51200000;CompteLib_0021;;;24I70;20240923;EcritureLib_0266;20250422;17,00;0,00;D;LC/520;;
LC;Banque LC;LC/521;20240924;40100000;CompteLib_0001;FSTC;STC DIGIT;24I81;20240924;EcritureLib_0065;20250422;178,20;0,00;D;LC/521;R;20241021
LC;Banque LC;LC/521;20240924;51200000;CompteLib_0021;;;24I81;20240924;EcritureLib_0065;20250422;0,00;178,20;C;LC/521;;
LC;Banque LC;LC/522;20240924;40100000;CompteLib_0001;FSTC;STC DIGIT;24I80;20240924;EcritureLib_0065;20250422;253,20;0,00;D;LC/522;S;20241021
LC;Banque LC;LC/522;20240924;51200000;CompteLib_0021;;;24I80;20240924;EcritureLib_0065;20250422;0,00;253,20;C;LC/522;;
LC;Banque LC;LC/523;20240925;62700000;CompteLib_0020;;;24I83;20240925;EcritureLib_0066;20250422;12,20;0,00;D;LC/523;;
LC;Banque LC;LC/523;20240925;51200000;CompteLib_0021;;;24I83;20240925;EcritureLib_0066;20250422;0,00;12,20;C;LC/523;;
LC;Banque LC;LC/524;20240925;43703000;CompteLib_0031;;;24I82;20240925;EcritureLib_0093;20250422;94,54;0,00;D;LC/524;A;20241004
LC;Banque LC;LC/524;20240925;51200000;CompteLib_0021;;;24I82;20240925;EcritureLib_0093;20250422;0,00;94,54;C;LC/524;;
LC;Banque LC;LC/525;20240927;62700000;CompteLib_0020;;;24I86;20240927;EcritureLib_0067;20250422;0,00;0,87;C;LC/525;;
LC;Banque LC;LC/525;20240927;51200000;CompteLib_0021;;;24I86;20240927;EcritureLib_0067;20250422;0,87;0,00;D;LC/525;;
LC;Banque LC;LC/526;20240927;62700000;CompteLib_0020;;;24I87;20240927;EcritureLib_0068;20250422;19,05;0,00;D;LC/526;;
LC;Banque LC;LC/526;20240927;51200000;CompteLib_0021;;;24I87;20240927;EcritureLib_0068;20250422;0,00;19,05;C;LC/526;;
LC;Banque LC;LC/527;20240927;40100000;CompteLib_0001;FLIVE;LIVE ADVICE;24I84;20240927;EcritureLib_0049;20250422;90,00;0,00;D;LC/527;F;20250217
LC;Banque LC;LC/527;20240927;51200000;CompteLib_0021;;;24I84;20240927;EcritureLib_0049;20250422;0,00;90,00;C;LC/527;;
LC;Banque LC;LC/528;20240927;62700000;CompteLib_0020;;;24I85;20240927;EcritureLib_0067;20250422;0,00;19,91;C;LC/528;;
LC;Banque LC;LC/528;20240927;51200000;CompteLib_0021;;;24I85;20240927;EcritureLib_0067;20250422;19,91;0,00;D;LC/528;;
LC;Banque LC;LC/529;20240930;63580000;CompteLib_0006;;;24I91;20240930;EcritureLib_0267;20250422;50,00;0,00;D;LC/529;;
LC;Banque LC;LC/529;20240930;51200000;CompteLib_0021;;;24I91;20240930;EcritureLib_0267;20250422;0,00;50,00;C;LC/529;;
LC;Banque LC;LC/530;20240930;51180000;CompteLib_0029;;;24I89;20240930;EcritureLib_0268;20250422;0,00;614,00;C;LC/530;D;20250120
LC;Banque LC;LC/530;20240930;51200000;CompteLib_0021;;;24I89;20240930;EcritureLib_0268;20250422;614,00;0,00;D;LC/530;;
LC;Banque LC;LC/531;20240930;40100000;CompteLib_0001;FPARISSTORE;PARIS STORE;24I90;20240930;EcritureLib_0269;20250422;226,10;0,00;D;LC/531;J;20241011
LC;Banque LC;LC/531;20240930;51200000;CompteLib_0021;;;24I90;20240930;EcritureLib_0269;20250422;0,00;226,10;C;LC/531;;
LC;Banque LC;LC/532;20240930;62700000;CompteLib_0020;;;24I92;20240930;EcritureLib_0063;20250422;2,01;0,00;D;LC/532;;
LC;Banque LC;LC/532;20240930;51200000;CompteLib_0021;;;24I92;20240930;EcritureLib_0063;20250422;0,00;2,01;C;LC/532;;
LC;Banque LC;LC/533;20241001;62700000;CompteLib_0020;;;24J1;20241001;EcritureLib_0270;20250422;28,62;0,00;D;LC/533;;
LC;Banque LC;LC/533;20241001;51200000;CompteLib_0021;;;24J1;20241001;EcritureLib_0270;20250422;0,00;28,62;C;LC/533;;
LC;Banque LC;LC/534;20241001;62700000;CompteLib_0020;;;24J2;20241001;EcritureLib_0069;20250422;5,15;0,00;D;LC/534;;
LC;Banque LC;LC/534;20241001;51200000;CompteLib_0021;;;24J2;20241001;EcritureLib_0069;20250422;0,00;5,15;C;LC/534;;
LC;Banque LC;LC/535;20241007;40100000;CompteLib_0001;PROMOCASH;PROMOCASH;24J5;20241007;EcritureLib_0271;20250422;130,92;0,00;D;LC/535;G;20241115
LC;Banque LC;LC/535;20241007;51200000;CompteLib_0021;;;24J5;20241007;EcritureLib_0271;20250422;0,00;130,92;C;LC/535;;
LC;Banque LC;LC/536;20241007;41100000;CompteLib_0014;CLESATELIERS;LES ATELIERS DE LA HALLE;24J12;20241007;EcritureLib_0272;20250422;0,00;385,77;C;LC/536;A;20250121
LC;Banque LC;LC/536;20241007;51200000;CompteLib_0021;;;24J12;20241007;EcritureLib_0272;20250422;385,77;0,00;D;LC/536;;
LC;Banque LC;LC/537;20241007;40100000;CompteLib_0001;FLAMARMITE;LA MARMITE;24J4;20241007;EcritureLib_0051;20250422;1032,00;0,00;D;LC/537;I;20241115
LC;Banque LC;LC/537;20241007;51200000;CompteLib_0021;;;24J4;20241007;EcritureLib_0051;20250422;0,00;1032,00;C;LC/537;;
LC;Banque LC;LC/538;20241007;61600000;CompteLib_0024;;;24J6;20241007;EcritureLib_0050;20250422;4,41;0,00;D;LC/538;;
LC;Banque LC;LC/538;20241007;51200000;CompteLib_0021;;;24J6;20241007;EcritureLib_0050;20250422;0,00;4,41;C;LC/538;;
LC;Banque LC;LC/539;20241010;40100000;CompteLib_0001;FPUMMAROLA;PUMMAROLA E LIMONE;24J15;20241010;EcritureLib_0273;20250422;276,00;0,00;D;LC/539;A;20241115
LC;Banque LC;LC/539;20241010;51200000;CompteLib_0021;;;24J15;20241010;EcritureLib_0273;20250422;0,00;276,00;C;LC/539;;
LC;Banque LC;LC/540;20241016;43100000;CompteLib_0025;;;24J8;20241016;EcritureLib_0055;20250422;461,00;0,00;D;LC/540;J;20250227
LC;Banque LC;LC/540;20241016;51200000;CompteLib_0021;;;24J8;20241016;EcritureLib_0055;20250422;0,00;461,00;C;LC/540;;
LC;Banque LC;LC/541;20241019;16400000;CompteLib_0026;;;24J19;20241019;EcritureLib_0058;20250422;930,93;0,00;D;LC/541;;
LC;Banque LC;LC/541;20241019;51200000;CompteLib_0021;;;24J19;20241019;EcritureLib_0058;20250422;0,00;930,93;C;LC/541;;
LC;Banque LC;LC/542;20241021;40100000;CompteLib_0001;PROMOCASH;PROMOCASH;24J20;20241021;EcritureLib_0274;20250422;105,06;0,00;D;LC/542;J;20250226
LC;Banque LC;LC/542;20241021;51200000;CompteLib_0021;;;24J20;20241021;EcritureLib_0274;20250422;0,00;105,06;C;LC/542;;
LC;Banque LC;LC/543;20241021;61350000;CompteLib_0008;;;24J21;20241021;EcritureLib_0059;20250422;80,63;0,00;D;LC/543;;
LC;Banque LC;LC/543;20241021;44566000;CompteLib_0004;;;24J21;20241021;EcritureLib_0059;20250422;16,13;0,00;D;LC/543;;
LC;Banque LC;LC/543;20241021;51200000;CompteLib_0021;;;24J21;20241021;EcritureLib_0059;20250422;0,00;96,76;C;LC/543;;
LC;Banque LC;LC/544;20241022;40100000;CompteLib_0001;FSTC;STC DIGIT;24J23;20241022;EcritureLib_0065;20250422;23,40;0,00;D;LC/544;U;20241115
LC;Banque LC;LC/544;20241022;51200000;CompteLib_0021;;;24J23;20241022;EcritureLib_0065;20250422;0,00;23,40;C;LC/544;;
LC;Banque LC;LC/545;20241022;40100000;CompteLib_0001;FSTC;STC DIGIT;24J22;20241022;EcritureLib_0065;20250422;253,20;0,00;D;LC/545;T;20241025
LC;Banque LC;LC/545;20241022;51200000;CompteLib_0021;;;24J22;20241022;EcritureLib_0065;20250422;0,00;253,20;C;LC/545;;
LC;Banque LC;LC/546;20241025;43703000;CompteLib_0031;;;24J24;20241025;EcritureLib_0093;20250422;90,97;0,00;D;LC/546;I;20250227
LC;Banque LC;LC/546;20241025;51200000;CompteLib_0021;;;24J24;20241025;EcritureLib_0093;20250422;0,00;90,97;C;LC/546;;
LC;Banque LC;LC/547;20241028;40100000;CompteLib_0001;FLIVE;LIVE ADVICE;24J25;20241028;EcritureLib_0049;20250422;90,00;0,00;D;LC/547;B;20241115
LC;Banque LC;LC/547;20241028;51200000;CompteLib_0021;;;24J25;20241028;EcritureLib_0049;20250422;0,00;90,00;C;LC/547;;
LC;Banque LC;LC/548;20241028;62700000;CompteLib_0020;;;24J26;20241028;EcritureLib_0066;20250422;12,20;0,00;D;LC/548;;
LC;Banque LC;LC/548;20241028;51200000;CompteLib_0021;;;24J26;20241028;EcritureLib_0066;20250422;0,00;12,20;C;LC/548;;
LC;Banque LC;LC/549;20241030;62700000;CompteLib_0020;;;24J29;20241030;EcritureLib_0068;20250422;19,05;0,00;D;LC/549;;
LC;Banque LC;LC/549;20241030;51200000;CompteLib_0021;;;24J29;20241030;EcritureLib_0068;20250422;0,00;19,05;C;LC/549;;
LC;Banque LC;LC/550;20241030;62700000;CompteLib_0020;;;24J28;20241030;EcritureLib_0067;20250422;0,00;0,87;C;LC/550;;
LC;Banque LC;LC/550;20241030;51200000;CompteLib_0021;;;24J28;20241030;EcritureLib_0067;20250422;0,87;0,00;D;LC/550;;
LC;Banque LC;LC/551;20241104;62700000;CompteLib_0020;;;24K1;20241104;EcritureLib_0069;20250422;5,15;0,00;D;LC/551;;
LC;Banque LC;LC/551;20241104;51200000;CompteLib_0021;;;24K1;20241104;EcritureLib_0069;20250422;0,00;5,15;C;LC/551;;
LC;Banque LC;LC/552;20241105;61600000;CompteLib_0024;;;24K2;20241105;EcritureLib_0050;20250422;4,41;0,00;D;LC/552;;
LC;Banque LC;LC/552;20241105;51200000;CompteLib_0021;;;24K2;20241105;EcritureLib_0050;20250422;0,00;4,41;C;LC/552;;
LC;Banque LC;LC/553;20241107;61350000;CompteLib_0008;;;24K3;20241107;EcritureLib_0073;20250422;94,50;0,00;D;LC/553;;
LC;Banque LC;LC/553;20241107;51200000;CompteLib_0021;;;24K3;20241107;EcritureLib_0073;20250422;0,00;113,40;C;LC/553;;
LC;Banque LC;LC/553;20241107;44566000;CompteLib_0004;;;24K3;20241107;EcritureLib_0073;20250422;18,90;0,00;D;LC/553;;
LC;Banque LC;LC/554;20241111;70110000;CompteLib_0013;;;24K4;20241111;EcritureLib_0275;20250422;0,00;272,73;C;LC/554;;
LC;Banque LC;LC/554;20241111;51200000;CompteLib_0021;;;24K4;20241111;EcritureLib_0275;20250422;300,00;0,00;D;LC/554;;
LC;Banque LC;LC/554;20241111;44571100;CompteLib_0015;;;24K4;20241111;EcritureLib_0275;20250422;0,00;27,27;C;LC/554;;
LC;Banque LC;LC/555;20241118;43100000;CompteLib_0025;;;24K5;20241118;EcritureLib_0055;20250422;212,00;0,00;D;LC/555;M;20250303
LC;Banque LC;LC/555;20241118;51200000;CompteLib_0021;;;24K5;20241118;EcritureLib_0055;20250422;0,00;212,00;C;LC/555;;
LC;Banque LC;LC/556;20241119;16400000;CompteLib_0026;;;24K7;20241119;EcritureLib_0058;20250422;930,93;0,00;D;LC/556;;
LC;Banque LC;LC/556;20241119;51200000;CompteLib_0021;;;24K7;20241119;EcritureLib_0058;20250422;0,00;930,93;C;LC/556;;
LC;Banque LC;LC/557;20241120;45500001;CompteLib_0032;;;24K8;20241120;EcritureLib_0276;20250422;0,00;500,00;C;LC/557;;
LC;Banque LC;LC/557;20241120;51200000;CompteLib_0021;;;24K8;20241120;EcritureLib_0276;20250422;500,00;0,00;D;LC/557;;
LC;Banque LC;LC/558;20241120;61350000;CompteLib_0008;;;24K9;20241120;EcritureLib_0059;20250422;80,63;0,00;D;LC/558;;
LC;Banque LC;LC/558;20241120;44566000;CompteLib_0004;;;24K9;20241120;EcritureLib_0059;20250422;16,13;0,00;D;LC/558;;
LC;Banque LC;LC/558;20241120;51200000;CompteLib_0021;;;24K9;20241120;EcritureLib_0059;20250422;0,00;96,76;C;LC/558;;
LC;Banque LC;LC/559;20241121;45500001;CompteLib_0032;;;24K10;20241121;EcritureLib_0145;20250422;0,00;500,00;C;LC/559;;
LC;Banque LC;LC/559;20241121;51200000;CompteLib_0021;;;24K10;20241121;EcritureLib_0145;20250422;500,00;0,00;D;LC/559;;
LC;Banque LC;LC/560;20241125;43703000;CompteLib_0031;;;24K11;20241125;EcritureLib_0093;20250422;41,84;0,00;D;LC/560;J;20250227
LC;Banque LC;LC/560;20241125;51200000;CompteLib_0021;;;24K11;20241125;EcritureLib_0093;20250422;0,00;41,84;C;LC/560;;
LC;Banque LC;LC/561;20241126;62260000;CompteLib_0003;;;24K13;20241126;EcritureLib_0065;20250422;39,00;0,00;D;LC/561;;
LC;Banque LC;LC/561;20241126;51200000;CompteLib_0021;;;24K13;20241126;EcritureLib_0065;20250422;0,00;46,80;C;LC/561;;
LC;Banque LC;LC/561;20241126;44566000;CompteLib_0004;;;24K13;20241126;EcritureLib_0065;20250422;7,80;0,00;D;LC/561;;
LC;Banque LC;LC/562;20241126;62260000;CompteLib_0003;;;24K12;20241126;EcritureLib_0065;20250422;163,83;0,00;D;LC/562;;
LC;Banque LC;LC/562;20241126;51200000;CompteLib_0021;;;24K12;20241126;EcritureLib_0065;20250422;0,00;253,20;C;LC/562;;
LC;Banque LC;LC/562;20241126;44566000;CompteLib_0004;;;24K12;20241126;EcritureLib_0065;20250422;77,37;0,00;D;LC/562;;
LC;Banque LC;LC/562;20241126;61355000;CompteLib_0016;;;24K12;20241126;EcritureLib_0065;20250422;12,00;0,00;D;LC/562;;
LC;Banque LC;LC/563;20241126;62700000;CompteLib_0020;;;24K14;20241126;EcritureLib_0066;20250422;12,20;0,00;D;LC/563;;
LC;Banque LC;LC/563;20241126;51200000;CompteLib_0021;;;24K14;20241126;EcritureLib_0066;20250422;0,00;12,20;C;LC/563;;
LC;Banque LC;LC/564;20241128;62700000;CompteLib_0020;;;24K17;20241128;EcritureLib_0067;20250422;0,00;0,87;C;LC/564;;
LC;Banque LC;LC/564;20241128;51200000;CompteLib_0021;;;24K17;20241128;EcritureLib_0067;20250422;0,87;0,00;D;LC/564;;
LC;Banque LC;LC/565;20241128;62700000;CompteLib_0020;;;24K18;20241128;EcritureLib_0068;20250422;19,05;0,00;D;LC/565;;
LC;Banque LC;LC/565;20241128;51200000;CompteLib_0021;;;24K18;20241128;EcritureLib_0068;20250422;0,00;19,05;C;LC/565;;
LC;Banque LC;LC/566;20241128;40100000;CompteLib_0001;FLIVE;LIVE ADVICE;24K16;20241128;EcritureLib_0049;20250422;90,00;0,00;D;LC/566;D;20250217
LC;Banque LC;LC/566;20241128;51200000;CompteLib_0021;;;24K16;20241128;EcritureLib_0049;20250422;0,00;90,00;C;LC/566;;
LC;Banque LC;LC/567;20241128;70110000;CompteLib_0013;;;24K15;20241128;EcritureLib_0277;20250422;0,00;47,26;C;LC/567;;
LC;Banque LC;LC/567;20241128;51200000;CompteLib_0021;;;24K15;20241128;EcritureLib_0277;20250422;51,08;0,00;D;LC/567;;
LC;Banque LC;LC/567;20241128;62220000;CompteLib_0030;;;24K15;20241128;EcritureLib_0277;20250422;0,91;0,00;D;LC/567;;
LC;Banque LC;LC/567;20241128;44571100;CompteLib_0015;;;24K15;20241128;EcritureLib_0277;20250422;0,00;4,73;C;LC/567;;
LC;Banque LC;LC/568;20241202;62700000;CompteLib_0020;;;24L1;20241202;EcritureLib_0069;20250422;5,15;0,00;D;LC/568;;
LC;Banque LC;LC/568;20241202;51200000;CompteLib_0021;;;24L1;20241202;EcritureLib_0069;20250422;0,00;5,15;C;LC/568;;
LC;Banque LC;LC/569;20241205;61600000;CompteLib_0024;;;24L2;20241205;EcritureLib_0050;20250422;4,41;0,00;D;LC/569;;
LC;Banque LC;LC/569;20241205;51200000;CompteLib_0021;;;24L2;20241205;EcritureLib_0050;20250422;0,00;4,41;C;LC/569;;
LC;Banque LC;LC/570;20241210;45500001;CompteLib_0032;;;24L3;20241210;EcritureLib_0278;20250422;0,00;2000,00;C;LC/570;;
LC;Banque LC;LC/570;20241210;51200000;CompteLib_0021;;;24L3;20241210;EcritureLib_0278;20250422;2000,00;0,00;D;LC/570;;
LC;Banque LC;LC/571;20241216;60630000;CompteLib_0010;;;24L4;20241216;EcritureLib_0279;20250422;108,92;0,00;D;LC/571;;
LC;Banque LC;LC/571;20241216;51200000;CompteLib_0021;;;24L4;20241216;EcritureLib_0279;20250422;0,00;108,92;C;LC/571;;
LC;Banque LC;LC/572;20241216;60630000;CompteLib_0010;;;24L5;20241216;EcritureLib_0280;20250422;103,82;0,00;D;LC/572;;
LC;Banque LC;LC/572;20241216;51200000;CompteLib_0021;;;24L5;20241216;EcritureLib_0280;20250422;0,00;103,82;C;LC/572;;
LC;Banque LC;LC/573;20241216;60630000;CompteLib_0010;;;24L6;20241216;EcritureLib_0281;20250422;25,94;0,00;D;LC/573;;
LC;Banque LC;LC/573;20241216;51200000;CompteLib_0021;;;24L6;20241216;EcritureLib_0281;20250422;0,00;25,94;C;LC/573;;
LC;Banque LC;LC/574;20241217;60630000;CompteLib_0010;;;24L9;20241217;EcritureLib_0282;20250422;113,36;0,00;D;LC/574;;
LC;Banque LC;LC/574;20241217;51200000;CompteLib_0021;;;24L9;20241217;EcritureLib_0282;20250422;0,00;113,36;C;LC/574;;
LC;Banque LC;LC/575;20241217;40100000;CompteLib_0001;FSTOKOMANI;STOKOMANI;24L10;20241217;EcritureLib_0282;20250422;81,14;0,00;D;LC/575;B;20250226
LC;Banque LC;LC/575;20241217;51200000;CompteLib_0021;;;24L10;20241217;EcritureLib_0282;20250422;0,00;81,14;C;LC/575;;
LC;Banque LC;LC/576;20241218;60100000;CompteLib_0005;;;24L11;20241218;EcritureLib_0283;20250422;41,04;0,00;D;LC/576;;
LC;Banque LC;LC/576;20241218;51200000;CompteLib_0021;;;24L11;20241218;EcritureLib_0283;20250422;0,00;41,04;C;LC/576;;
LC;Banque LC;LC/577;20241219;16400000;CompteLib_0026;;;24L12;20241219;EcritureLib_0058;20250422;930,93;0,00;D;LC/577;;
LC;Banque LC;LC/577;20241219;51200000;CompteLib_0021;;;24L12;20241219;EcritureLib_0058;20250422;0,00;930,93;C;LC/577;;
LC;Banque LC;LC/578;20241220;61350000;CompteLib_0008;;;24L13;20241220;EcritureLib_0059;20250422;80,63;0,00;D;LC/578;;
LC;Banque LC;LC/578;20241220;44566000;CompteLib_0004;;;24L13;20241220;EcritureLib_0059;20250422;16,13;0,00;D;LC/578;;
LC;Banque LC;LC/578;20241220;51200000;CompteLib_0021;;;24L13;20241220;EcritureLib_0059;20250422;0,00;96,76;C;LC/578;;
LC;Banque LC;LC/579;20241223;40100000;CompteLib_0001;FSTOKOMANI;STOKOMANI;24L14;20241223;EcritureLib_0284;20250422;83,10;0,00;D;LC/579;A;20250217
LC;Banque LC;LC/579;20241223;51200000;CompteLib_0021;;;24L14;20241223;EcritureLib_0284;20250422;0,00;83,10;C;LC/579;;
LC;Banque LC;LC/580;20241224;62260000;CompteLib_0003;;;24L16;20241224;EcritureLib_0065;20250422;39,00;0,00;D;LC/580;;
LC;Banque LC;LC/580;20241224;51200000;CompteLib_0021;;;24L16;20241224;EcritureLib_0065;20250422;0,00;46,80;C;LC/580;;
LC;Banque LC;LC/580;20241224;44566000;CompteLib_0004;;;24L16;20241224;EcritureLib_0065;20250422;7,80;0,00;D;LC/580;;
LC;Banque LC;LC/581;20241224;62260000;CompteLib_0003;;;24L15;20241224;EcritureLib_0065;20250422;199,00;0,00;D;LC/581;;
LC;Banque LC;LC/581;20241224;51200000;CompteLib_0021;;;24L15;20241224;EcritureLib_0065;20250422;0,00;253,20;C;LC/581;;
LC;Banque LC;LC/581;20241224;44566000;CompteLib_0004;;;24L15;20241224;EcritureLib_0065;20250422;42,20;0,00;D;LC/581;;
LC;Banque LC;LC/581;20241224;61355000;CompteLib_0016;;;24L15;20241224;EcritureLib_0065;20250422;12,00;0,00;D;LC/581;;
LC;Banque LC;LC/582;20241226;62700000;CompteLib_0020;;;24L17;20241226;EcritureLib_0066;20250422;12,20;0,00;D;LC/582;;
LC;Banque LC;LC/582;20241226;51200000;CompteLib_0021;;;24L17;20241226;EcritureLib_0066;20250422;0,00;12,20;C;LC/582;;
LC;Banque LC;LC/583;20241227;61353000;CompteLib_0011;;;24L18;20241227;EcritureLib_0049;20250422;75,00;0,00;D;LC/583;;
LC;Banque LC;LC/583;20241227;51200000;CompteLib_0021;;;24L18;20241227;EcritureLib_0049;20250422;0,00;90,00;C;LC/583;;
LC;Banque LC;LC/583;20241227;44566000;CompteLib_0004;;;24L18;20241227;EcritureLib_0049;20250422;15,00;0,00;D;LC/583;;
LC;Banque LC;LC/584;20241230;45500001;CompteLib_0032;;;24L21;20241230;EcritureLib_0285;20250422;0,00;2000,00;C;LC/584;;
LC;Banque LC;LC/584;20241230;51200000;CompteLib_0021;;;24L21;20241230;EcritureLib_0285;20250422;2000,00;0,00;D;LC/584;;
LC;Banque LC;LC/585;20241230;40100000;CompteLib_0001;FFOIREF;FOIRE FOUILLE;24L22;20241230;EcritureLib_0286;20250422;149,90;0,00;D;LC/585;B;20250217
LC;Banque LC;LC/585;20241230;51200000;CompteLib_0021;;;24L22;20241230;EcritureLib_0286;20250422;0,00;149,90;C;LC/585;;
LC;Banque LC;LC/586;20241230;40100000;CompteLib_0001;FFOIREF;FOIRE FOUILLE;24L23;20241230;EcritureLib_0286;20250422;48,99;0,00;D;LC/586;A;20250217
LC;Banque LC;LC/586;20241230;51200000;CompteLib_0021;;;24L23;20241230;EcritureLib_0286;20250422;0,00;48,99;C;LC/586;;
LC;Banque LC;LC/587;20241230;62700000;CompteLib_0020;;;24L24;20241230;EcritureLib_0067;20250422;0,00;0,87;C;LC/587;;
LC;Banque LC;LC/587;20241230;51200000;CompteLib_0021;;;24L24;20241230;EcritureLib_0067;20250422;0,87;0,00;D;LC/587;;
LC;Banque LC;LC/588;20241230;62700000;CompteLib_0020;;;24L25;20241230;EcritureLib_0068;20250422;19,05;0,00;D;LC/588;;
LC;Banque LC;LC/588;20241230;51200000;CompteLib_0021;;;24L25;20241230;EcritureLib_0068;20250422;0,00;19,05;C;LC/588;;
LC;Banque LC;LC/589;20241231;62700000;CompteLib_0020;;;24L26;20241231;EcritureLib_0287;20250422;4,82;0,00;D;LC/589;;
LC;Banque LC;LC/589;20241231;51200000;CompteLib_0021;;;24L26;20241231;EcritureLib_0287;20250422;0,00;4,82;C;LC/589;;
OD;Operations Diverses;OD/11;20240116;43100000;CompteLib_0025;;;24A44;20240116;EcritureLib_0288;20250422;1,92;0,00;D;OD/11;D;20250303
OD;Operations Diverses;OD/11;20240116;75800000;CompteLib_0042;;;24A44;20240116;EcritureLib_0288;20250422;0,00;1,92;C;OD/11;;
OD;Operations Diverses;OD/12;20240131;64110000;CompteLib_0043;;;JANVIER;20240131;EcritureLib_0289;20250422;2524,21;0,00;D;OD/12;;
OD;Operations Diverses;OD/12;20240131;64120000;CompteLib_0044;;;JANVIER;20240131;EcritureLib_0289;20250422;160,58;0,00;D;OD/12;;
OD;Operations Diverses;OD/12;20240131;64115000;CompteLib_0045;;;JANVIER;20240131;EcritureLib_0289;20250422;149,40;0,00;D;OD/12;;
OD;Operations Diverses;OD/12;20240131;64510000;CompteLib_0046;;;JANVIER;20240131;EcritureLib_0289;20250422;149,23;0,00;D;OD/12;;
OD;Operations Diverses;OD/12;20240131;64510000;CompteLib_0046;;;JANVIER;20240131;EcritureLib_0289;20250422;120,45;0,00;D;OD/12;;
OD;Operations Diverses;OD/12;20240131;64530000;CompteLib_0047;;;JANVIER;20240131;EcritureLib_0289;20250422;43,29;0,00;D;OD/12;;
OD;Operations Diverses;OD/12;20240131;64520000;CompteLib_0048;;;JANVIER;20240131;EcritureLib_0289;20250422;21,74;0,00;D;OD/12;;
OD;Operations Diverses;OD/12;20240131;63330001;CompteLib_0049;;;JANVIER;20240131;EcritureLib_0289;20250422;0,34;0,00;D;OD/12;;
OD;Operations Diverses;OD/12;20240131;63120000;CompteLib_0050;;;JANVIER;20240131;EcritureLib_0289;20250422;8,46;0,00;D;OD/12;;
OD;Operations Diverses;OD/12;20240131;63350000;CompteLib_0051;;;JANVIER;20240131;EcritureLib_0289;20250422;1,29;0,00;D;OD/12;;
OD;Operations Diverses;OD/12;20240131;63330000;CompteLib_0052;;;JANVIER;20240131;EcritureLib_0289;20250422;29,59;0,00;D;OD/12;;
OD;Operations Diverses;OD/12;20240131;79100000;CompteLib_0053;;;JANVIER;20240131;EcritureLib_0289;20250422;0,00;149,40;C;OD/12;;
OD;Operations Diverses;OD/12;20240131;42100000;CompteLib_0033;;;JANVIER;20240131;EcritureLib_0290;20250422;0,00;1015,01;C;OD/12;;
OD;Operations Diverses;OD/12;20240131;43100000;CompteLib_0025;;;JANVIER;20240131;EcritureLib_0289;20250422;0,00;747,31;C;OD/12;F;20250303
OD;Operations Diverses;OD/12;20240131;43100000;CompteLib_0025;;;JANVIER;20240131;EcritureLib_0289;20250422;0,00;15,59;C;OD/12;F;20250303
OD;Operations Diverses;OD/12;20240131;43100000;CompteLib_0025;;;JANVIER;20240131;EcritureLib_0289;20250422;0,00;8,46;C;OD/12;F;20250303
OD;Operations Diverses;OD/12;20240131;43702000;CompteLib_0028;;;JANVIER;20240131;EcritureLib_0289;20250422;0,00;43,48;C;OD/12;B;20250227
OD;Operations Diverses;OD/12;20240131;43703000;CompteLib_0031;;;JANVIER;20240131;EcritureLib_0289;20250422;0,00;156,94;C;OD/12;H;20241004
OD;Operations Diverses;OD/12;20240131;43100000;CompteLib_0025;;;JANVIER;20240131;EcritureLib_0289;20250422;0,00;0,34;C;OD/12;F;20250303
OD;Operations Diverses;OD/12;20240131;43100000;CompteLib_0025;;;JANVIER;20240131;EcritureLib_0289;20250422;0,00;1,29;C;OD/12;F;20250303
OD;Operations Diverses;OD/12;20240131;43100000;CompteLib_0025;;;JANVIER;20240131;EcritureLib_0289;20250422;0,00;14,00;C;OD/12;F;20250303
OD;Operations Diverses;OD/12;20240131;42100000;CompteLib_0033;;;JANVIER;20240131;EcritureLib_0291;20250422;0,00;1056,76;C;OD/12;U;20250710
OD;Operations Diverses;OD/13;20240216;43100000;CompteLib_0025;;;24B67;20240216;EcritureLib_0288;20250422;0,99;0,00;D;OD/13;F;20250303
OD;Operations Diverses;OD/13;20240216;75800000;CompteLib_0042;;;24B67;20240216;EcritureLib_0288;20250422;0,00;0,99;C;OD/13;;
OD;Operations Diverses;OD/14;20240229;64110000;CompteLib_0043;;;FEVRIER;20240229;EcritureLib_0292;20250422;2326,16;0,00;D;OD/14;;
OD;Operations Diverses;OD/14;20240229;64120000;CompteLib_0044;;;FEVRIER;20240229;EcritureLib_0292;20250422;93,52;0,00;D;OD/14;;
OD;Operations Diverses;OD/14;20240229;64115000;CompteLib_0045;;;FEVRIER;20240229;EcritureLib_0292;20250422;120,35;0,00;D;OD/14;;
OD;Operations Diverses;OD/14;20240229;64510000;CompteLib_0046;;;FEVRIER;20240229;EcritureLib_0292;20250422;115,40;0,00;D;OD/14;;
OD;Operations Diverses;OD/14;20240229;64510000;CompteLib_0046;;;FEVRIER;20240229;EcritureLib_0292;20250422;107,95;0,00;D;OD/14;;
OD;Operations Diverses;OD/14;20240229;64530000;CompteLib_0047;;;FEVRIER;20240229;EcritureLib_0292;20250422;34,55;0,00;D;OD/14;;
OD;Operations Diverses;OD/14;20240229;64520000;CompteLib_0048;;;FEVRIER;20240229;EcritureLib_0292;20250422;21,07;0,00;D;OD/14;;
OD;Operations Diverses;OD/14;20240229;63330001;CompteLib_0049;;;FEVRIER;20240229;EcritureLib_0292;20250422;0,30;0,00;D;OD/14;;
OD;Operations Diverses;OD/14;20240229;63120000;CompteLib_0050;;;FEVRIER;20240229;EcritureLib_0292;20250422;8,92;0,00;D;OD/14;;
OD;Operations Diverses;OD/14;20240229;63350000;CompteLib_0051;;;FEVRIER;20240229;EcritureLib_0292;20250422;1,36;0,00;D;OD/14;;
OD;Operations Diverses;OD/14;20240229;63330000;CompteLib_0052;;;FEVRIER;20240229;EcritureLib_0292;20250422;24,26;0,00;D;OD/14;;
OD;Operations Diverses;OD/14;20240229;79100000;CompteLib_0053;;;FEVRIER;20240229;EcritureLib_0292;20250422;0,00;120,35;C;OD/14;;
OD;Operations Diverses;OD/14;20240229;42100000;CompteLib_0033;;;FEVRIER;20240229;EcritureLib_0293;20250422;0,00;746,72;C;OD/14;X;20250710
OD;Operations Diverses;OD/14;20240229;43100000;CompteLib_0025;;;FEVRIER;20240229;EcritureLib_0292;20250422;0,00;651,41;C;OD/14;G;20250303
OD;Operations Diverses;OD/14;20240229;43100000;CompteLib_0025;;;FEVRIER;20240229;EcritureLib_0292;20250422;0,00;13,97;C;OD/14;G;20250303
OD;Operations Diverses;OD/14;20240229;43100000;CompteLib_0025;;;FEVRIER;20240229;EcritureLib_0292;20250422;0,00;8,92;C;OD/14;G;20250303
OD;Operations Diverses;OD/14;20240229;43702000;CompteLib_0028;;;FEVRIER;20240229;EcritureLib_0292;20250422;0,00;42,14;C;OD/14;B;20250227
OD;Operations Diverses;OD/14;20240229;43703000;CompteLib_0031;;;FEVRIER;20240229;EcritureLib_0292;20250422;0,00;136,41;C;OD/14;E;20241004
OD;Operations Diverses;OD/14;20240229;43100000;CompteLib_0025;;;FEVRIER;20240229;EcritureLib_0292;20250422;0,00;0,30;C;OD/14;G;20250303
OD;Operations Diverses;OD/14;20240229;43100000;CompteLib_0025;;;FEVRIER;20240229;EcritureLib_0292;20250422;0,00;1,36;C;OD/14;G;20250303
OD;Operations Diverses;OD/14;20240229;43100000;CompteLib_0025;;;FEVRIER;20240229;EcritureLib_0292;20250422;0,00;10,29;C;OD/14;G;20250303
OD;Operations Diverses;OD/14;20240229;42100000;CompteLib_0033;;;FEVRIER;20240229;EcritureLib_0294;20250422;0,00;1121,97;C;OD/14;Q;20250710
OD;Operations Diverses;OD/15;20240318;43100000;CompteLib_0025;;;24C41;20240318;EcritureLib_0288;20250422;1,25;0,00;D;OD/15;G;20250303
OD;Operations Diverses;OD/15;20240318;75800000;CompteLib_0042;;;24C41;20240318;EcritureLib_0288;20250422;0,00;1,25;C;OD/15;;
OD;Operations Diverses;OD/16;20240331;64110000;CompteLib_0043;;;MARS;20240331;EcritureLib_0295;20250422;846,61;0,00;D;OD/16;;
OD;Operations Diverses;OD/16;20240331;64120000;CompteLib_0044;;;MARS;20240331;EcritureLib_0295;20250422;130,55;0,00;D;OD/16;;
OD;Operations Diverses;OD/16;20240331;64115000;CompteLib_0045;;;MARS;20240331;EcritureLib_0295;20250422;41,50;0,00;D;OD/16;;
OD;Operations Diverses;OD/16;20240331;64510000;CompteLib_0046;;;MARS;20240331;EcritureLib_0295;20250422;59,55;0,00;D;OD/16;;
OD;Operations Diverses;OD/16;20240331;64510000;CompteLib_0046;;;MARS;20240331;EcritureLib_0295;20250422;43,29;0,00;D;OD/16;;
OD;Operations Diverses;OD/16;20240331;64530000;CompteLib_0047;;;MARS;20240331;EcritureLib_0295;20250422;16,93;0,00;D;OD/16;;
OD;Operations Diverses;OD/16;20240331;64520000;CompteLib_0048;;;MARS;20240331;EcritureLib_0295;20250422;2,34;0,00;D;OD/16;;
OD;Operations Diverses;OD/16;20240331;63120000;CompteLib_0050;;;MARS;20240331;EcritureLib_0295;20250422;2,34;0,00;D;OD/16;;
OD;Operations Diverses;OD/16;20240331;63350000;CompteLib_0051;;;MARS;20240331;EcritureLib_0295;20250422;0,36;0,00;D;OD/16;;
OD;Operations Diverses;OD/16;20240331;63330000;CompteLib_0052;;;MARS;20240331;EcritureLib_0295;20250422;11,81;0,00;D;OD/16;;
OD;Operations Diverses;OD/16;20240331;79100000;CompteLib_0053;;;MARS;20240331;EcritureLib_0295;20250422;0,00;41,50;C;OD/16;;
OD;Operations Diverses;OD/16;20240331;42100000;CompteLib_0033;;;MARS;20240331;EcritureLib_0296;20250422;0,00;465,46;C;OD/16;T;20250710
OD;Operations Diverses;OD/16;20240331;43100000;CompteLib_0025;;;MARS;20240331;EcritureLib_0295;20250422;0,00;274,52;C;OD/16;H;20250303
OD;Operations Diverses;OD/16;20240331;43100000;CompteLib_0025;;;MARS;20240331;EcritureLib_0295;20250422;0,00;5,60;C;OD/16;H;20250303
OD;Operations Diverses;OD/16;20240331;43100000;CompteLib_0025;;;MARS;20240331;EcritureLib_0295;20250422;0,00;2,34;C;OD/16;H;20250303
OD;Operations Diverses;OD/16;20240331;43702000;CompteLib_0028;;;MARS;20240331;EcritureLib_0295;20250422;0,00;4,68;C;OD/16;B;20250227
OD;Operations Diverses;OD/16;20240331;43703000;CompteLib_0031;;;MARS;20240331;EcritureLib_0295;20250422;0,00;57,78;C;OD/16;F;20241004
OD;Operations Diverses;OD/16;20240331;43100000;CompteLib_0025;;;MARS;20240331;EcritureLib_0295;20250422;0,00;0,36;C;OD/16;H;20250303
OD;Operations Diverses;OD/16;20240331;43100000;CompteLib_0025;;;MARS;20240331;EcritureLib_0295;20250422;0,00;6,21;C;OD/16;H;20250303
OD;Operations Diverses;OD/16;20240331;42100000;CompteLib_0033;;;MARS;20240331;EcritureLib_0297;20250422;0,00;296,83;C;OD/16;E;20250303
OD;Operations Diverses;OD/17;20240416;43100000;CompteLib_0025;;;24D68;20240416;EcritureLib_0288;20250422;2,03;0,00;D;OD/17;H;20250303
OD;Operations Diverses;OD/17;20240416;75800000;CompteLib_0042;;;24D68;20240416;EcritureLib_0288;20250422;0,00;2,03;C;OD/17;;
OD;Operations Diverses;OD/18;20240430;64110000;CompteLib_0043;;;AVRIL;20240430;EcritureLib_0298;20250422;1386,35;0,00;D;OD/18;;
OD;Operations Diverses;OD/18;20240430;64120000;CompteLib_0044;;;AVRIL;20240430;EcritureLib_0298;20250422;51,84;0,00;D;OD/18;;
OD;Operations Diverses;OD/18;20240430;64115000;CompteLib_0045;;;AVRIL;20240430;EcritureLib_0298;20250422;70,55;0,00;D;OD/18;;
OD;Operations Diverses;OD/18;20240430;64510000;CompteLib_0046;;;AVRIL;20240430;EcritureLib_0298;20250422;65,86;0,00;D;OD/18;;
OD;Operations Diverses;OD/18;20240430;64510000;CompteLib_0046;;;AVRIL;20240430;EcritureLib_0298;20250422;64,12;0,00;D;OD/18;;
OD;Operations Diverses;OD/18;20240430;64530000;CompteLib_0047;;;AVRIL;20240430;EcritureLib_0298;20250422;19,90;0,00;D;OD/18;;
OD;Operations Diverses;OD/18;20240430;64520000;CompteLib_0048;;;AVRIL;20240430;EcritureLib_0298;20250422;0,00;40,51;C;OD/18;;
OD;Operations Diverses;OD/18;20240430;63120000;CompteLib_0050;;;AVRIL;20240430;EcritureLib_0298;20250422;5,54;0,00;D;OD/18;;
OD;Operations Diverses;OD/18;20240430;63350000;CompteLib_0051;;;AVRIL;20240430;EcritureLib_0298;20250422;0,84;0,00;D;OD/18;;
OD;Operations Diverses;OD/18;20240430;63330000;CompteLib_0052;;;AVRIL;20240430;EcritureLib_0298;20250422;14,00;0,00;D;OD/18;;
OD;Operations Diverses;OD/18;20240430;79100000;CompteLib_0053;;;AVRIL;20240430;EcritureLib_0298;20250422;0,00;70,55;C;OD/18;;
OD;Operations Diverses;OD/18;20240430;42100000;CompteLib_0033;;;AVRIL;20240430;EcritureLib_0299;20250422;0,00;464,87;C;OD/18;Z;20250710
OD;Operations Diverses;OD/18;20240430;43100000;CompteLib_0025;;;AVRIL;20240430;EcritureLib_0298;20250422;0,00;384,22;C;OD/18;I;20250303
OD;Operations Diverses;OD/18;20240430;43100000;CompteLib_0025;;;AVRIL;20240430;EcritureLib_0298;20250422;0,00;8,30;C;OD/18;I;20250303
OD;Operations Diverses;OD/18;20240430;43100000;CompteLib_0025;;;AVRIL;20240430;EcritureLib_0298;20250422;0,00;5,54;C;OD/18;I;20250303
OD;Operations Diverses;OD/18;20240430;43702000;CompteLib_0028;;;AVRIL;20240430;EcritureLib_0298;20250422;81,02;0,00;D;OD/18;;
OD;Operations Diverses;OD/18;20240430;43703000;CompteLib_0031;;;AVRIL;20240430;EcritureLib_0298;20250422;0,00;80,39;C;OD/18;G;20241004
OD;Operations Diverses;OD/18;20240430;43100000;CompteLib_0025;;;AVRIL;20240430;EcritureLib_0298;20250422;0,00;0,84;C;OD/18;I;20250303
OD;Operations Diverses;OD/18;20240430;43100000;CompteLib_0025;;;AVRIL;20240430;EcritureLib_0298;20250422;0,00;5,70;C;OD/18;I;20250303
OD;Operations Diverses;OD/18;20240430;42100000;CompteLib_0033;;;AVRIL;20240430;EcritureLib_0300;20250422;0,00;699,10;C;OD/18;Z;20250710
OD;Operations Diverses;OD/19;20240516;43100000;CompteLib_0025;;;24E59;20240516;EcritureLib_0288;20250422;0,00;4,40;C;OD/19;I;20250303
OD;Operations Diverses;OD/19;20240516;65800000;CompteLib_0054;;;24E59;20240516;EcritureLib_0288;20250422;4,40;0,00;D;OD/19;;
OD;Operations Diverses;OD/20;20240618;43100000;CompteLib_0025;;;24F93;20240618;EcritureLib_0288;20250422;2,17;0,00;D;OD/20;B;20250303
OD;Operations Diverses;OD/20;20240618;75800000;CompteLib_0042;;;24F93;20240618;EcritureLib_0288;20250422;0,00;2,17;C;OD/20;;
OD;Operations Diverses;OD/21;20240731;40100000;CompteLib_0001;FPROJETCS;PROJET CENTRE SOCIAL;24G82;20240731;EcritureLib_0001;20250422;1000,00;0,00;D;OD/21;A;20250303
OD;Operations Diverses;OD/21;20240731;41100000;CompteLib_0014;CENTRESOCIAL;CENTRE SOCIAL FAUBOURG DE BETHUNE;24G82;20240731;EcritureLib_0001;20250422;0,00;1000,00;C;OD/21;A;20250303
OD;Operations Diverses;OD/22;20240819;43100000;CompteLib_0025;;;24H44;20240819;EcritureLib_0288;20250422;2,62;0,00;D;OD/22;K;20250303
OD;Operations Diverses;OD/22;20240819;75800000;CompteLib_0042;;;24H44;20240819;EcritureLib_0288;20250422;0,00;2,62;C;OD/22;;
OD;Operations Diverses;OD/23;20240918;41100000;CompteLib_0014;DCANY;MR OU MME DANY;24I97;20240918;EcritureLib_0288;20250422;0,00;0,06;C;OD/23;;
OD;Operations Diverses;OD/23;20240918;65800000;CompteLib_0054;;;24I97;20240918;EcritureLib_0288;20250422;0,06;0,00;D;OD/23;;
OD;Operations Diverses;OD/24;20241015;45500001;CompteLib_0032;;;24J16;20241015;EcritureLib_0301;20250422;0,00;620,02;C;OD/24;;
OD;Operations Diverses;OD/24;20241015;61630000;CompteLib_0022;;;24J16;20241015;EcritureLib_0302;20250422;470,79;0,00;D;OD/24;;
OD;Operations Diverses;OD/24;20241015;61610000;CompteLib_0023;;;24J16;20241015;EcritureLib_0302;20250422;149,23;0,00;D;OD/24;;
OD;Operations Diverses;OD/25;20241118;43100000;CompteLib_0025;;;24K6;20241118;EcritureLib_0288;20250422;0,89;0,00;D;OD/25;M;20250303
OD;Operations Diverses;OD/25;20241118;75800000;CompteLib_0042;;;24K6;20241118;EcritureLib_0288;20250422;0,00;0,89;C;OD/25;;
OD;Operations Diverses;OD/26;20241231;66110000;CompteLib_0018;;;24L29;20241231;EcritureLib_0303;20250422;401,54;0,00;D;OD/26;;
OD;Operations Diverses;OD/26;20241231;16400000;CompteLib_0026;;;24L29;20241231;EcritureLib_0303;20250422;0,00;401,54;C;OD/26;;
OD;Operations Diverses;OD/26;20241231;66110000;CompteLib_0018;;;24L29;20241231;EcritureLib_0304;20250422;3943,31;0,00;D;OD/26;;
OD;Operations Diverses;OD/26;20241231;16400000;CompteLib_0026;;;24L29;20241231;EcritureLib_0304;20250422;0,00;3943,31;C;OD/26;;
OD;Operations Diverses;OD/27;20241231;64120000;CompteLib_0044;;;24L31;20241231;EcritureLib_0305;20250422;2345,54;0,00;D;OD/27;;
OD;Operations Diverses;OD/27;20241231;42820000;CompteLib_0055;;;24L31;20241231;EcritureLib_0305;20250422;0,00;2345,54;C;OD/27;;
OD;Operations Diverses;OD/28;20241231;64580001;CompteLib_0056;;;24L32;20241231;EcritureLib_0306;20250422;199,37;0,00;D;OD/28;;
OD;Operations Diverses;OD/28;20241231;43820000;CompteLib_0057;;;24L32;20241231;EcritureLib_0306;20250422;0,00;199,37;C;OD/28;;
OD;Operations Diverses;OD/29;20241231;51180000;CompteLib_0029;;;24L27;20241231;EcritureLib_0307;20250422;6430,00;0,00;D;OD/29;E;20250226
OD;Operations Diverses;OD/29;20241231;70110000;CompteLib_0013;;;24L27;20241231;EcritureLib_0307;20250422;0,00;5845,45;C;OD/29;;
OD;Operations Diverses;OD/29;20241231;44571100;CompteLib_0015;;;24L27;20241231;EcritureLib_0307;20250422;0,00;584,55;C;OD/29;;
OD TVA;OD ;OD TVA/1;20240131;44571100;CompteLib_0015;;;24A39;20240131;EcritureLib_0308;20250422;57,00;0,00;D;OD TVA/1;;
OD TVA;OD ;OD TVA/1;20240131;44566000;CompteLib_0004;;;24A39;20240131;EcritureLib_0309;20250422;0,00;301,00;C;OD TVA/1;;
OD TVA;OD ;OD TVA/1;20240131;44567000;CompteLib_0058;;;24A39;20240131;EcritureLib_0310;20250422;0,00;961,00;C;OD TVA/1;C;20240924
OD TVA;OD ;OD TVA/1;20240131;44567000;CompteLib_0058;;;24A39;20240131;EcritureLib_0311;20250422;1205,00;0,00;D;OD TVA/1;D;20240924
OD TVA;OD ;OD TVA/2;20240229;44571200;CompteLib_0035;;;24B59;20240229;EcritureLib_0312;20250422;19,00;0,00;D;OD TVA/2;B;20250121
OD TVA;OD ;OD TVA/2;20240229;44566000;CompteLib_0004;;;24B59;20240229;EcritureLib_0313;20250422;0,00;289,00;C;OD TVA/2;;
OD TVA;OD ;OD TVA/2;20240229;44567000;CompteLib_0058;;;24B59;20240229;EcritureLib_0314;20250422;0,00;1205,00;C;OD TVA/2;D;20240924
OD TVA;OD ;OD TVA/2;20240229;44567000;CompteLib_0058;;;24B59;20240229;EcritureLib_0315;20250422;1475,00;0,00;D;OD TVA/2;E;20240924
OD TVA;OD ;OD TVA/2;20240229;44566000;CompteLib_0004;;;24B59;20240229;EcritureLib_0316;20250422;0,23;0,00;D;OD TVA/2;;
OD TVA;OD ;OD TVA/2;20240229;75800000;CompteLib_0042;;;24B59;20240229;EcritureLib_0316;20250422;0,00;0,23;C;OD TVA/2;;
OD TVA;OD ;OD TVA/3;20240331;44571100;CompteLib_0015;;;24C35;20240331;EcritureLib_0317;20250422;217,00;0,00;D;OD TVA/3;;
OD TVA;OD ;OD TVA/3;20240331;44566000;CompteLib_0004;;;24C35;20240331;EcritureLib_0318;20250422;0,00;204,00;C;OD TVA/3;;
OD TVA;OD ;OD TVA/3;20240331;44567000;CompteLib_0058;;;24C35;20240331;EcritureLib_0319;20250422;0,00;1475,00;C;OD TVA/3;E;20240924
OD TVA;OD ;OD TVA/3;20240331;44567000;CompteLib_0058;;;24C35;20240331;EcritureLib_0320;20250422;1462,00;0,00;D;OD TVA/3;F;20240924
OD TVA;OD ;OD TVA/4;20240430;44571200;CompteLib_0035;;;24D73;20240430;EcritureLib_0288;20250422;0,00;0,46;C;OD TVA/4;B;20250121
OD TVA;OD ;OD TVA/4;20240430;65800000;CompteLib_0054;;;24D73;20240430;EcritureLib_0288;20250422;0,46;0,00;D;OD TVA/4;;
OD TVA;OD ;OD TVA/5;20240430;44571100;CompteLib_0015;;;24D64;20240430;EcritureLib_0321;20250422;137,00;0,00;D;OD TVA/5;;
OD TVA;OD ;OD TVA/5;20240430;44571200;CompteLib_0035;;;24D64;20240430;EcritureLib_0321;20250422;106,00;0,00;D;OD TVA/5;B;20250121
OD TVA;OD ;OD TVA/5;20240430;44567000;CompteLib_0058;;;24D64;20240430;EcritureLib_0322;20250422;0,00;1462,00;C;OD TVA/5;F;20240924
OD TVA;OD ;OD TVA/5;20240430;44567000;CompteLib_0058;;;24D64;20240430;EcritureLib_0323;20250422;1219,00;0,00;D;OD TVA/5;G;20240924
OD TVA;OD ;OD TVA/6;20240531;44571100;CompteLib_0015;;;24E52;20240531;EcritureLib_0324;20250422;444,00;0,00;D;OD TVA/6;;
OD TVA;OD ;OD TVA/6;20240531;44567000;CompteLib_0058;;;24E52;20240531;EcritureLib_0325;20250422;0,00;1219,00;C;OD TVA/6;G;20240924
OD TVA;OD ;OD TVA/6;20240531;44567000;CompteLib_0058;;;24E52;20240531;EcritureLib_0326;20250422;775,00;0,00;D;OD TVA/6;H;20240924
OD TVA;OD ;OD TVA/6;20240531;44571200;CompteLib_0035;;;24E52;20240531;EcritureLib_0327;20250422;0,00;0,46;C;OD TVA/6;C;20250121
OD TVA;OD ;OD TVA/6;20240531;65800000;CompteLib_0054;;;24E52;20240531;EcritureLib_0327;20250422;0,46;0,00;D;OD TVA/6;;
OD TVA;OD ;OD TVA/7;20240630;44571210;CompteLib_0037;;;24F77;20240630;EcritureLib_0328;20250422;1282,00;0,00;D;OD TVA/7;;
OD TVA;OD ;OD TVA/7;20240630;44571100;CompteLib_0015;;;24F77;20240630;EcritureLib_0328;20250422;103,00;0,00;D;OD TVA/7;;
OD TVA;OD ;OD TVA/7;20240630;44566000;CompteLib_0004;;;24F77;20240630;EcritureLib_0329;20250422;0,00;32,00;C;OD TVA/7;;
OD TVA;OD ;OD TVA/7;20240630;44567000;CompteLib_0058;;;24F77;20240630;EcritureLib_0330;20250422;0,00;775,00;C;OD TVA/7;H;20240924
OD TVA;OD ;OD TVA/7;20240630;44551000;CompteLib_0040;;;24F77;20240630;EcritureLib_0331;20250422;0,00;578,00;C;OD TVA/7;A;20250226
OD TVA;OD ;OD TVA/8;20240716;43100000;CompteLib_0025;;;24G77;20240716;EcritureLib_0288;20250422;5,16;0,00;D;OD TVA/8;E;20250227
OD TVA;OD ;OD TVA/8;20240716;75800000;CompteLib_0042;;;24G77;20240716;EcritureLib_0288;20250422;0,00;5,16;C;OD TVA/8;;
OD TVA;OD ;OD TVA/9;20240831;44571100;CompteLib_0015;;;24H36;20240831;EcritureLib_0332;20250422;136,00;0,00;D;OD TVA/9;;
OD TVA;OD ;OD TVA/9;20240831;44566000;CompteLib_0004;;;24H36;20240831;EcritureLib_0333;20250422;0,00;535,00;C;OD TVA/9;;
OD TVA;OD ;OD TVA/9;20240831;44567000;CompteLib_0058;;;24H36;20240831;EcritureLib_0334;20250422;399,00;0,00;D;OD TVA/9;K;20241021
OD TVA;OD ;OD TVA/9;20240831;44566000;CompteLib_0004;;;24H36;20240831;EcritureLib_0335;20250422;0,00;0,48;C;OD TVA/9;;
OD TVA;OD ;OD TVA/9;20240831;65800000;CompteLib_0054;;;24H36;20240831;EcritureLib_0335;20250422;0,48;0,00;D;OD TVA/9;;
OD TVA;OD ;OD TVA/10;20240917;43100000;CompteLib_0025;;;24I96;20240917;EcritureLib_0288;20250422;1,30;0,00;D;OD TVA/10;L;20250303
OD TVA;OD ;OD TVA/10;20240917;75800000;CompteLib_0042;;;24I96;20240917;EcritureLib_0288;20250422;0,00;1,30;C;OD TVA/10;;
OD TVA;OD ;OD TVA/11;20240930;44571200;CompteLib_0035;;;24I102;20240930;EcritureLib_0288;20250422;0,31;0,00;D;OD TVA/11;A;20250120
OD TVA;OD ;OD TVA/11;20240930;75800000;CompteLib_0042;;;24I102;20240930;EcritureLib_0288;20250422;0,00;0,31;C;OD TVA/11;;
OD TVA;OD ;OD TVA/12;20240930;44571100;CompteLib_0015;;;24I103;20240930;EcritureLib_0288;20250422;0,00;0,23;C;OD TVA/12;A;20250120
OD TVA;OD ;OD TVA/12;20240930;65800000;CompteLib_0054;;;24I103;20240930;EcritureLib_0288;20250422;0,23;0,00;D;OD TVA/12;;
OD TVA;OD ;OD TVA/13;20240930;44520000;CompteLib_0059;;;24I100;20240930;EcritureLib_0336;20250422;22,00;0,00;D;OD TVA/13;B;20241021
OD TVA;OD ;OD TVA/13;20240930;44566500;CompteLib_0060;;;24I100;20240930;EcritureLib_0336;20250422;0,00;22,00;C;OD TVA/13;B;20241021
OD TVA;OD ;OD TVA/13;20240930;44566000;CompteLib_0004;;;24I100;20240930;EcritureLib_0337;20250422;0,00;1605,00;C;OD TVA/13;;
OD TVA;OD ;OD TVA/13;20240930;44567000;CompteLib_0058;;;24I100;20240930;EcritureLib_0338;20250422;0,00;399,00;C;OD TVA/13;K;20241021
OD TVA;OD ;OD TVA/13;20240930;44571210;CompteLib_0037;;;24I100;20240930;EcritureLib_0339;20250422;228,00;0,00;D;OD TVA/13;;
OD TVA;OD ;OD TVA/13;20240930;44571100;CompteLib_0015;;;24I100;20240930;EcritureLib_0339;20250422;500,00;0,00;D;OD TVA/13;A;20250120
OD TVA;OD ;OD TVA/13;20240930;44571200;CompteLib_0035;;;24I100;20240930;EcritureLib_0339;20250422;79,00;0,00;D;OD TVA/13;A;20250120
OD TVA;OD ;OD TVA/13;20240930;44567000;CompteLib_0058;;;24I100;20240930;EcritureLib_0340;20250422;1197,00;0,00;D;OD TVA/13;I;20241114
OD TVA;OD ;OD TVA/13;20240930;44566500;CompteLib_0060;;;24I100;20240930;EcritureLib_0341;20250422;0,20;0,00;D;OD TVA/13;B;20241021
OD TVA;OD ;OD TVA/13;20240930;44520000;CompteLib_0059;;;24I100;20240930;EcritureLib_0341;20250422;0,00;0,20;C;OD TVA/13;B;20241021
OD TVA;OD ;OD TVA/14;20241016;43100000;CompteLib_0025;;;24J17;20241016;EcritureLib_0288;20250422;2,57;0,00;D;OD TVA/14;J;20250227
OD TVA;OD ;OD TVA/14;20241016;75800000;CompteLib_0042;;;24J17;20241016;EcritureLib_0288;20250422;0,00;2,57;C;OD TVA/14;;
OD TVA;OD ;OD TVA/15;20241031;44566000;CompteLib_0004;;;24J30;20241031;EcritureLib_0342;20250422;0,00;318,00;C;OD TVA/15;;
OD TVA;OD ;OD TVA/15;20241031;44567000;CompteLib_0058;;;24J30;20241031;EcritureLib_0343;20250422;0,00;1197,00;C;OD TVA/15;I;20241114
OD TVA;OD ;OD TVA/15;20241031;44567000;CompteLib_0058;;;24J30;20241031;EcritureLib_0344;20250422;1515,00;0,00;D;OD TVA/15;J;20241213
OD TVA;OD ;OD TVA/16;20241130;44566000;CompteLib_0004;;;24K20;20241130;EcritureLib_0345;20250422;0,00;90,00;C;OD TVA/16;;
OD TVA;OD ;OD TVA/16;20241130;44567000;CompteLib_0058;;;24K20;20241130;EcritureLib_0346;20250422;0,00;1515,00;C;OD TVA/16;J;20241213
OD TVA;OD ;OD TVA/16;20241130;44567000;CompteLib_0058;;;24K20;20241130;EcritureLib_0347;20250422;1605,00;0,00;D;OD TVA/16;L;20250121
OD TVA;OD ;OD TVA/17;20241231;68112000;CompteLib_0061;;;24L34;20241231;EcritureLib_0348;20250422;17829,86;0,00;D;OD TVA/17;;
OD TVA;OD ;OD TVA/17;20241231;28182000;CompteLib_0062;;;24L34;20241231;EcritureLib_0348;20250422;0,00;17829,86;C;OD TVA/17;;
OD TVA;OD ;OD TVA/18;20241231;44571210;CompteLib_0037;;;24L28;20241231;EcritureLib_0349;20250422;216,00;0,00;D;OD TVA/18;;
OD TVA;OD ;OD TVA/18;20241231;44571100;CompteLib_0015;;;24L28;20241231;EcritureLib_0349;20250422;174,00;0,00;D;OD TVA/18;;
OD TVA;OD ;OD TVA/18;20241231;44571200;CompteLib_0035;;;24L28;20241231;EcritureLib_0349;20250422;46,00;0,00;D;OD TVA/18;C;20250121
OD TVA;OD ;OD TVA/18;20241231;44567000;CompteLib_0058;;;24L28;20241231;EcritureLib_0350;20250422;0,00;1605,00;C;OD TVA/18;L;20250121
OD TVA;OD ;OD TVA/18;20241231;44567000;CompteLib_0058;;;24L28;20241231;EcritureLib_0351;20250422;1169,00;0,00;D;OD TVA/18;;
OD TVA;OD ;OD TVA/18;20241231;44571100;CompteLib_0015;;;24L28;20241231;EcritureLib_0352;20250422;0,73;0,00;D;OD TVA/18;;
OD TVA;OD ;OD TVA/18;20241231;44571200;CompteLib_0035;;;24L28;20241231;EcritureLib_0352;20250422;0,63;0,00;D;OD TVA/18;C;20250121
OD TVA;OD ;OD TVA/18;20241231;75800000;CompteLib_0042;;;24L28;20241231;EcritureLib_0352;20250422;0,00;1,36;C;OD TVA/18;;
PAI;Paie;PAI/1;20240531;64110000;CompteLib_0043;;;05;20240531;EcritureLib_0353;20250422;1724,20;0,00;D;PAI/1;;
PAI;Paie;PAI/1;20240531;64120000;CompteLib_0044;;;05;20240531;EcritureLib_0353;20250422;95,02;0,00;D;PAI/1;;
PAI;Paie;PAI/1;20240531;64115000;CompteLib_0045;;;05;20240531;EcritureLib_0353;20250422;83,00;0,00;D;PAI/1;;
PAI;Paie;PAI/1;20240531;64510000;CompteLib_0046;;;05;20240531;EcritureLib_0353;20250422;94,79;0,00;D;PAI/1;;
PAI;Paie;PAI/1;20240531;64510000;CompteLib_0046;;;05;20240531;EcritureLib_0353;20250422;80,84;0,00;D;PAI/1;;
PAI;Paie;PAI/1;20240531;64530000;CompteLib_0047;;;05;20240531;EcritureLib_0353;20250422;27,80;0,00;D;PAI/1;;
PAI;Paie;PAI/1;20240531;64520000;CompteLib_0048;;;05;20240531;EcritureLib_0353;20250422;4,37;0,00;D;PAI/1;;
PAI;Paie;PAI/1;20240531;63330001;CompteLib_0049;;;05;20240531;EcritureLib_0353;20250422;0,23;0,00;D;PAI/1;;
PAI;Paie;PAI/1;20240531;63120000;CompteLib_0050;;;05;20240531;EcritureLib_0353;20250422;5,06;0,00;D;PAI/1;;
PAI;Paie;PAI/1;20240531;63350000;CompteLib_0051;;;05;20240531;EcritureLib_0353;20250422;0,77;0,00;D;PAI/1;;
PAI;Paie;PAI/1;20240531;63330000;CompteLib_0052;;;05;20240531;EcritureLib_0353;20250422;20,91;0,00;D;PAI/1;;
PAI;Paie;PAI/1;20240531;79100000;CompteLib_0053;;;05;20240531;EcritureLib_0353;20250422;0,00;83,00;C;PAI/1;;
PAI;Paie;PAI/1;20240531;42100000;CompteLib_0033;;;05;20240531;EcritureLib_0354;20250422;0,00;783,27;C;PAI/1;G;20250303
PAI;Paie;PAI/1;20240531;43100000;CompteLib_0025;;;05;20240531;EcritureLib_0353;20250422;0,00;511,72;C;PAI/1;B;20250303
PAI;Paie;PAI/1;20240531;43702000;CompteLib_0028;;;05;20240531;EcritureLib_0353;20250422;0,00;8,74;C;PAI/1;;
PAI;Paie;PAI/1;20240531;43703000;CompteLib_0031;;;05;20240531;EcritureLib_0353;20250422;0,00;104,08;C;PAI/1;D;20241004
PAI;Paie;PAI/1;20240531;43100000;CompteLib_0025;;;05;20240531;EcritureLib_0353;20250422;0,00;0,23;C;PAI/1;B;20250303
PAI;Paie;PAI/1;20240531;43100000;CompteLib_0025;;;05;20240531;EcritureLib_0353;20250422;0,00;0,77;C;PAI/1;B;20250303
PAI;Paie;PAI/1;20240531;43100000;CompteLib_0025;;;05;20240531;EcritureLib_0353;20250422;0,00;10,45;C;PAI/1;B;20250303
PAI;Paie;PAI/1;20240531;42100000;CompteLib_0033;;;05;20240531;EcritureLib_0355;20250422;0,00;634,73;C;PAI/1;F;20250303
PAI;Paie;PAI/2;20240630;64110000;CompteLib_0043;;;06;20240630;EcritureLib_0356;20250422;2792,16;0,00;D;PAI/2;;
PAI;Paie;PAI/2;20240630;64115000;CompteLib_0045;;;06;20240630;EcritureLib_0356;20250422;174,30;0,00;D;PAI/2;;
PAI;Paie;PAI/2;20240630;64510000;CompteLib_0046;;;06;20240630;EcritureLib_0356;20250422;79,34;0,00;D;PAI/2;;
PAI;Paie;PAI/2;20240630;64510000;CompteLib_0046;;;06;20240630;EcritureLib_0356;20250422;126,07;0,00;D;PAI/2;;
PAI;Paie;PAI/2;20240630;64530000;CompteLib_0047;;;06;20240630;EcritureLib_0356;20250422;27,48;0,00;D;PAI/2;;
PAI;Paie;PAI/2;20240630;64520000;CompteLib_0048;;;06;20240630;EcritureLib_0356;20250422;6,82;0,00;D;PAI/2;;
PAI;Paie;PAI/2;20240630;63330001;CompteLib_0049;;;06;20240630;EcritureLib_0356;20250422;0,35;0,00;D;PAI/2;;
PAI;Paie;PAI/2;20240630;63120000;CompteLib_0050;;;06;20240630;EcritureLib_0356;20250422;17,49;0,00;D;PAI/2;;
PAI;Paie;PAI/2;20240630;63350000;CompteLib_0051;;;06;20240630;EcritureLib_0356;20250422;2,67;0,00;D;PAI/2;;
PAI;Paie;PAI/2;20240630;63330000;CompteLib_0052;;;06;20240630;EcritureLib_0356;20250422;16,31;0,00;D;PAI/2;;
PAI;Paie;PAI/2;20240630;79100000;CompteLib_0053;;;06;20240630;EcritureLib_0356;20250422;0,00;174,30;C;PAI/2;;
PAI;Paie;PAI/2;20240630;42100000;CompteLib_0033;;;06;20240630;EcritureLib_0357;20250422;0,00;358,95;C;PAI/2;S;20250710
PAI;Paie;PAI/2;20240630;43100000;CompteLib_0025;;;06;20240630;EcritureLib_0356;20250422;0,00;739,14;C;PAI/2;E;20250227
PAI;Paie;PAI/2;20240630;43702000;CompteLib_0028;;;06;20240630;EcritureLib_0356;20250422;0,00;13,64;C;PAI/2;;
PAI;Paie;PAI/2;20240630;43703000;CompteLib_0031;;;06;20240630;EcritureLib_0356;20250422;0,00;146,43;C;PAI/2;C;20241004
PAI;Paie;PAI/2;20240630;43100000;CompteLib_0025;;;06;20240630;EcritureLib_0356;20250422;0,00;0,35;C;PAI/2;E;20250227
PAI;Paie;PAI/2;20240630;43100000;CompteLib_0025;;;06;20240630;EcritureLib_0356;20250422;0,00;2,67;C;PAI/2;E;20250227
PAI;Paie;PAI/2;20240630;42100000;CompteLib_0033;;;06;20240630;EcritureLib_0358;20250422;0,00;430,75;C;PAI/2;H;20250303
PAI;Paie;PAI/2;20240630;42100000;CompteLib_0033;;;06;20240630;EcritureLib_0359;20250422;0,00;1376,76;C;PAI/2;;
PAI;Paie;PAI/3;20240731;64110000;CompteLib_0043;;;07;20240731;EcritureLib_0360;20250422;2131,95;0,00;D;PAI/3;;
PAI;Paie;PAI/3;20240731;64115000;CompteLib_0045;;;07;20240731;EcritureLib_0360;20250422;145,25;0,00;D;PAI/3;;
PAI;Paie;PAI/3;20240731;64510000;CompteLib_0046;;;07;20240731;EcritureLib_0360;20250422;72,65;0,00;D;PAI/3;;
PAI;Paie;PAI/3;20240731;64510000;CompteLib_0046;;;07;20240731;EcritureLib_0360;20250422;97,92;0,00;D;PAI/3;;
PAI;Paie;PAI/3;20240731;64530000;CompteLib_0047;;;07;20240731;EcritureLib_0360;20250422;23,83;0,00;D;PAI/3;;
PAI;Paie;PAI/3;20240731;64520000;CompteLib_0048;;;07;20240731;EcritureLib_0360;20250422;5,24;0,00;D;PAI/3;;
PAI;Paie;PAI/3;20240731;63330001;CompteLib_0049;;;07;20240731;EcritureLib_0360;20250422;0,27;0,00;D;PAI/3;;
PAI;Paie;PAI/3;20240731;63120000;CompteLib_0050;;;07;20240731;EcritureLib_0360;20250422;13,43;0,00;D;PAI/3;;
PAI;Paie;PAI/3;20240731;63350000;CompteLib_0051;;;07;20240731;EcritureLib_0360;20250422;2,05;0,00;D;PAI/3;;
PAI;Paie;PAI/3;20240731;63330000;CompteLib_0052;;;07;20240731;EcritureLib_0360;20250422;12,53;0,00;D;PAI/3;;
PAI;Paie;PAI/3;20240731;79100000;CompteLib_0053;;;07;20240731;EcritureLib_0360;20250422;0,00;145,25;C;PAI/3;;
PAI;Paie;PAI/3;20240731;42100000;CompteLib_0033;;;07;20240731;EcritureLib_0361;20250422;0,00;358,95;C;PAI/3;R;20250710
PAI;Paie;PAI/3;20240731;43100000;CompteLib_0025;;;07;20240731;EcritureLib_0360;20250422;0,00;580,30;C;PAI/3;K;20250303
PAI;Paie;PAI/3;20240731;43702000;CompteLib_0028;;;07;20240731;EcritureLib_0360;20250422;0,00;10,48;C;PAI/3;;
PAI;Paie;PAI/3;20240731;43703000;CompteLib_0031;;;07;20240731;EcritureLib_0360;20250422;0,00;115,14;C;PAI/3;B;20241004
PAI;Paie;PAI/3;20240731;43100000;CompteLib_0025;;;07;20240731;EcritureLib_0360;20250422;0,00;0,27;C;PAI/3;K;20250303
PAI;Paie;PAI/3;20240731;43100000;CompteLib_0025;;;07;20240731;EcritureLib_0360;20250422;0,00;2,05;C;PAI/3;K;20250303
PAI;Paie;PAI/3;20240731;42100000;CompteLib_0033;;;07;20240731;EcritureLib_0362;20250422;0,00;467,52;C;PAI/3;I;20250303
PAI;Paie;PAI/3;20240731;42100000;CompteLib_0033;;;07;20240731;EcritureLib_0363;20250422;0,00;825,16;C;PAI/3;Y;20250710
PAI;Paie;PAI/4;20240831;64110000;CompteLib_0043;;;08;20240831;EcritureLib_0364;20250422;1353,08;0,00;D;PAI/4;;
PAI;Paie;PAI/4;20240831;64120000;CompteLib_0044;;;08;20240831;EcritureLib_0364;20250422;116,51;0,00;D;PAI/4;;
PAI;Paie;PAI/4;20240831;64115000;CompteLib_0045;;;08;20240831;EcritureLib_0364;20250422;78,85;0,00;D;PAI/4;;
PAI;Paie;PAI/4;20240831;64510000;CompteLib_0046;;;08;20240831;EcritureLib_0364;20250422;119,56;0,00;D;PAI/4;;
PAI;Paie;PAI/4;20240831;64510000;CompteLib_0046;;;08;20240831;EcritureLib_0364;20250422;66,58;0,00;D;PAI/4;;
PAI;Paie;PAI/4;20240831;64530000;CompteLib_0047;;;08;20240831;EcritureLib_0364;20250422;32,45;0,00;D;PAI/4;;
PAI;Paie;PAI/4;20240831;64520000;CompteLib_0048;;;08;20240831;EcritureLib_0364;20250422;3,56;0,00;D;PAI/4;;
PAI;Paie;PAI/4;20240831;63330001;CompteLib_0049;;;08;20240831;EcritureLib_0364;20250422;0,18;0,00;D;PAI/4;;
PAI;Paie;PAI/4;20240831;63120000;CompteLib_0050;;;08;20240831;EcritureLib_0364;20250422;9,14;0,00;D;PAI/4;;
PAI;Paie;PAI/4;20240831;63350000;CompteLib_0051;;;08;20240831;EcritureLib_0364;20250422;1,39;0,00;D;PAI/4;;
PAI;Paie;PAI/4;20240831;63330000;CompteLib_0052;;;08;20240831;EcritureLib_0364;20250422;8,51;0,00;D;PAI/4;;
PAI;Paie;PAI/4;20240831;79100000;CompteLib_0053;;;08;20240831;EcritureLib_0364;20250422;0,00;78,85;C;PAI/4;;
PAI;Paie;PAI/4;20240831;42100000;CompteLib_0033;;;08;20240831;EcritureLib_0365;20250422;0,00;91,93;C;PAI/4;J;20250303
PAI;Paie;PAI/4;20240831;43100000;CompteLib_0025;;;08;20240831;EcritureLib_0364;20250422;0,00;464,73;C;PAI/4;L;20250303
PAI;Paie;PAI/4;20240831;43702000;CompteLib_0028;;;08;20240831;EcritureLib_0364;20250422;0,00;7,12;C;PAI/4;;
PAI;Paie;PAI/4;20240831;43703000;CompteLib_0031;;;08;20240831;EcritureLib_0364;20250422;0,00;94,54;C;PAI/4;A;20241004
PAI;Paie;PAI/4;20240831;43100000;CompteLib_0025;;;08;20240831;EcritureLib_0364;20250422;0,00;0,18;C;PAI/4;L;20250303
PAI;Paie;PAI/4;20240831;43100000;CompteLib_0025;;;08;20240831;EcritureLib_0364;20250422;0,00;1,39;C;PAI/4;L;20250303
PAI;Paie;PAI/4;20240831;42100000;CompteLib_0033;;;08;20240831;EcritureLib_0366;20250422;0,00;287,18;C;PAI/4;K;20250303
PAI;Paie;PAI/4;20240831;42100000;CompteLib_0033;;;08;20240831;EcritureLib_0367;20250422;0,00;763,89;C;PAI/4;Y;20250710
PAI;Paie;PAI/5;20240930;64110000;CompteLib_0043;;;09;20240930;EcritureLib_0368;20250422;1793,01;0,00;D;PAI/5;;
PAI;Paie;PAI/5;20240930;64115000;CompteLib_0045;;;09;20240930;EcritureLib_0368;20250422;91,30;0,00;D;PAI/5;;
PAI;Paie;PAI/5;20240930;64510000;CompteLib_0046;;;09;20240930;EcritureLib_0368;20250422;41,59;0,00;D;PAI/5;;
PAI;Paie;PAI/5;20240930;64510000;CompteLib_0046;;;09;20240930;EcritureLib_0368;20250422;81,02;0,00;D;PAI/5;;
PAI;Paie;PAI/5;20240930;64530000;CompteLib_0047;;;09;20240930;EcritureLib_0368;20250422;15,42;0,00;D;PAI/5;;
PAI;Paie;PAI/5;20240930;64520000;CompteLib_0048;;;09;20240930;EcritureLib_0368;20250422;4,36;0,00;D;PAI/5;;
PAI;Paie;PAI/5;20240930;63330001;CompteLib_0049;;;09;20240930;EcritureLib_0368;20250422;0,22;0,00;D;PAI/5;;
PAI;Paie;PAI/5;20240930;63120000;CompteLib_0050;;;09;20240930;EcritureLib_0368;20250422;11,11;0,00;D;PAI/5;;
PAI;Paie;PAI/5;20240930;63350000;CompteLib_0051;;;09;20240930;EcritureLib_0368;20250422;1,70;0,00;D;PAI/5;;
PAI;Paie;PAI/5;20240930;63330000;CompteLib_0052;;;09;20240930;EcritureLib_0368;20250422;10,36;0,00;D;PAI/5;;
PAI;Paie;PAI/5;20240930;79100000;CompteLib_0053;;;09;20240930;EcritureLib_0368;20250422;0,00;91,30;C;PAI/5;;
PAI;Paie;PAI/5;20240930;42100000;CompteLib_0033;;;09;20240930;EcritureLib_0369;20250422;0,00;144,45;C;PAI/5;M;20250710
PAI;Paie;PAI/5;20240930;43100000;CompteLib_0025;;;09;20240930;EcritureLib_0368;20250422;0,00;461,65;C;PAI/5;J;20250227
PAI;Paie;PAI/5;20240930;43702000;CompteLib_0028;;;09;20240930;EcritureLib_0368;20250422;0,00;8,70;C;PAI/5;;
PAI;Paie;PAI/5;20240930;43703000;CompteLib_0031;;;09;20240930;EcritureLib_0368;20250422;0,00;90,97;C;PAI/5;I;20250227
PAI;Paie;PAI/5;20240930;43100000;CompteLib_0025;;;09;20240930;EcritureLib_0368;20250422;0,00;0,22;C;PAI/5;J;20250227
PAI;Paie;PAI/5;20240930;43100000;CompteLib_0025;;;09;20240930;EcritureLib_0368;20250422;0,00;1,70;C;PAI/5;J;20250227
PAI;Paie;PAI/5;20240930;42100000;CompteLib_0033;;;09;20240930;EcritureLib_0370;20250422;0,00;1251,10;C;PAI/5;O;20250710
PAI;Paie;PAI/6;20241031;64110000;CompteLib_0043;;;10;20241031;EcritureLib_0371;20250422;816,90;0,00;D;PAI/6;;
PAI;Paie;PAI/6;20241031;64115000;CompteLib_0045;;;10;20241031;EcritureLib_0371;20250422;41,50;0,00;D;PAI/6;;
PAI;Paie;PAI/6;20241031;64510000;CompteLib_0046;;;10;20241031;EcritureLib_0371;20250422;20,66;0,00;D;PAI/6;;
PAI;Paie;PAI/6;20241031;64510000;CompteLib_0046;;;10;20241031;EcritureLib_0371;20250422;36,92;0,00;D;PAI/6;;
PAI;Paie;PAI/6;20241031;64530000;CompteLib_0047;;;10;20241031;EcritureLib_0371;20250422;7,42;0,00;D;PAI/6;;
PAI;Paie;PAI/6;20241031;64520000;CompteLib_0048;;;10;20241031;EcritureLib_0371;20250422;1,97;0,00;D;PAI/6;;
PAI;Paie;PAI/6;20241031;63330001;CompteLib_0049;;;10;20241031;EcritureLib_0371;20250422;0,10;0,00;D;PAI/6;;
PAI;Paie;PAI/6;20241031;63120000;CompteLib_0050;;;10;20241031;EcritureLib_0371;20250422;5,06;0,00;D;PAI/6;;
PAI;Paie;PAI/6;20241031;63350000;CompteLib_0051;;;10;20241031;EcritureLib_0371;20250422;0,77;0,00;D;PAI/6;;
PAI;Paie;PAI/6;20241031;63330000;CompteLib_0052;;;10;20241031;EcritureLib_0371;20250422;4,72;0,00;D;PAI/6;;
PAI;Paie;PAI/6;20241031;79100000;CompteLib_0053;;;10;20241031;EcritureLib_0371;20250422;0,00;41,50;C;PAI/6;;
PAI;Paie;PAI/6;20241031;42100000;CompteLib_0033;;;10;20241031;EcritureLib_0372;20250422;0,00;635,85;C;PAI/6;N;20250710
PAI;Paie;PAI/6;20241031;43100000;CompteLib_0025;;;10;20241031;EcritureLib_0371;20250422;0,00;212,02;C;PAI/6;M;20250303
PAI;Paie;PAI/6;20241031;43702000;CompteLib_0028;;;10;20241031;EcritureLib_0371;20250422;0,00;3,94;C;PAI/6;;
PAI;Paie;PAI/6;20241031;43703000;CompteLib_0031;;;10;20241031;EcritureLib_0371;20250422;0,00;41,84;C;PAI/6;J;20250227
PAI;Paie;PAI/6;20241031;43100000;CompteLib_0025;;;10;20241031;EcritureLib_0371;20250422;0,00;0,10;C;PAI/6;M;20250303
PAI;Paie;PAI/6;20241031;43100000;CompteLib_0025;;;10;20241031;EcritureLib_0371;20250422;0,00;0,77;C;PAI/6;M;20250303
PAI;Paie;PAI/7;20241231;64120000;CompteLib_0044;;;12;20241231;EcritureLib_0373;20250422;190,08;0,00;D;PAI/7;;
PAI;Paie;PAI/7;20241231;64130000;CompteLib_0063;;;12;20241231;EcritureLib_0373;20250422;139,01;0,00;D;PAI/7;;
PAI;Paie;PAI/7;20241231;64510000;CompteLib_0046;;;12;20241231;EcritureLib_0373;20250422;222,80;0,00;D;PAI/7;;
PAI;Paie;PAI/7;20241231;64510000;CompteLib_0046;;;12;20241231;EcritureLib_0373;20250422;14,16;0,00;D;PAI/7;;
PAI;Paie;PAI/7;20241231;64530000;CompteLib_0047;;;12;20241231;EcritureLib_0373;20250422;52,64;0,00;D;PAI/7;;
PAI;Paie;PAI/7;20241231;64520000;CompteLib_0048;;;12;20241231;EcritureLib_0373;20250422;0,78;0,00;D;PAI/7;;
PAI;Paie;PAI/7;20241231;63330001;CompteLib_0049;;;12;20241231;EcritureLib_0373;20250422;0,04;0,00;D;PAI/7;;
PAI;Paie;PAI/7;20241231;63120000;CompteLib_0050;;;12;20241231;EcritureLib_0373;20250422;1,94;0,00;D;PAI/7;;
PAI;Paie;PAI/7;20241231;63350000;CompteLib_0051;;;12;20241231;EcritureLib_0373;20250422;0,30;0,00;D;PAI/7;;
PAI;Paie;PAI/7;20241231;63330000;CompteLib_0052;;;12;20241231;EcritureLib_0373;20250422;1,81;0,00;D;PAI/7;;
PAI;Paie;PAI/7;20241231;42100000;CompteLib_0033;;;12;20241231;EcritureLib_0374;20250422;0,00;149,98;C;PAI/7;L;20250710
PAI;Paie;PAI/7;20241231;43100000;CompteLib_0025;;;12;20241231;EcritureLib_0373;20250422;0,00;296,18;C;PAI/7;;
PAI;Paie;PAI/7;20241231;43702000;CompteLib_0028;;;12;20241231;EcritureLib_0373;20250422;0,00;1,54;C;PAI/7;;
PAI;Paie;PAI/7;20241231;43703000;CompteLib_0031;;;12;20241231;EcritureLib_0373;20250422;0,00;65,84;C;PAI/7;;
PAI;Paie;PAI/7;20241231;43100000;CompteLib_0025;;;12;20241231;EcritureLib_0373;20250422;0,00;0,04;C;PAI/7;;
PAI;Paie;PAI/7;20241231;43100000;CompteLib_0025;;;12;20241231;EcritureLib_0373;20250422;0,00;0,30;C;PAI/7;;
PAI;Paie;PAI/7;20241231;42100000;CompteLib_0033;;;12;20241231;EcritureLib_0375;20250422;0,00;109,68;C;PAI/7;P;20250710
VE;Ventes;VE/3;20240122;51180000;CompteLib_0029;;;24A27;20240122;EcritureLib_0376;20250422;96,00;0,00;D;VE/3;E;20250226
VE;Ventes;VE/3;20240122;53000000;CompteLib_0064;;;24A27;20240122;EcritureLib_0376;20250422;25,00;0,00;D;VE/3;;
VE;Ventes;VE/3;20240122;70110000;CompteLib_0013;;;24A27;20240122;EcritureLib_0376;20250422;0,00;110,00;C;VE/3;;
VE;Ventes;VE/3;20240122;44571100;CompteLib_0015;;;24A27;20240122;EcritureLib_0376;20250422;0,00;11,00;C;VE/3;;
VE;Ventes;VE/4;20240228;51180000;CompteLib_0029;;;24B58;20240228;EcritureLib_0377;20250422;425,50;0,00;D;VE/4;E;20250226
VE;Ventes;VE/4;20240228;53000000;CompteLib_0064;;;24B58;20240228;EcritureLib_0377;20250422;20,00;0,00;D;VE/4;;
VE;Ventes;VE/4;20240228;75800000;CompteLib_0042;;;24B58;20240228;EcritureLib_0378;20250422;0,00;5,00;C;VE/4;;
VE;Ventes;VE/4;20240228;70110000;CompteLib_0013;;;24B58;20240228;EcritureLib_0377;20250422;0,00;400,45;C;VE/4;;
VE;Ventes;VE/4;20240228;44571100;CompteLib_0015;;;24B58;20240228;EcritureLib_0377;20250422;0,00;40,05;C;VE/4;;
VE;Ventes;VE/5;20240423;70110000;CompteLib_0013;;;24D35;20240423;EcritureLib_0379;20250422;0,00;131,83;C;VE/5;;
VE;Ventes;VE/5;20240423;44571100;CompteLib_0015;;;24D35;20240423;EcritureLib_0379;20250422;0,00;13,17;C;VE/5;;
VE;Ventes;VE/5;20240423;51180000;CompteLib_0029;;;24D35;20240423;EcritureLib_0379;20250422;145,00;0,00;D;VE/5;A;20240524
VE;Ventes;VE/6;20240425;70110000;CompteLib_0013;;;24D42;20240425;EcritureLib_0380;20250422;0,00;217,76;C;VE/6;;
VE;Ventes;VE/6;20240425;44571100;CompteLib_0015;;;24D42;20240425;EcritureLib_0380;20250422;0,00;21,74;C;VE/6;;
VE;Ventes;VE/6;20240425;51180000;CompteLib_0029;;;24D42;20240425;EcritureLib_0380;20250422;214,00;0,00;D;VE/6;E;20250226
VE;Ventes;VE/6;20240425;53000000;CompteLib_0064;;;24D42;20240425;EcritureLib_0380;20250422;25,50;0,00;D;VE/6;;
VE;Ventes;VE/7;20240426;70110000;CompteLib_0013;;;24D50;20240426;EcritureLib_0381;20250422;0,00;451,22;C;VE/7;;
VE;Ventes;VE/7;20240426;44571100;CompteLib_0015;;;24D50;20240426;EcritureLib_0381;20250422;0,00;44,78;C;VE/7;;
VE;Ventes;VE/7;20240426;51180000;CompteLib_0029;;;24D50;20240426;EcritureLib_0381;20250422;496,00;0,00;D;VE/7;E;20250226
VE;Ventes;VE/8;20240427;70110000;CompteLib_0013;;;24D52;20240427;EcritureLib_0382;20250422;0,00;660,99;C;VE/8;;
VE;Ventes;VE/8;20240427;44571100;CompteLib_0015;;;24D52;20240427;EcritureLib_0382;20250422;0,00;66,01;C;VE/8;;
VE;Ventes;VE/8;20240427;51180000;CompteLib_0029;;;24D52;20240427;EcritureLib_0382;20250422;727,00;0,00;D;VE/8;C;20241018
VE;Ventes;VE/9;20240930;51180000;CompteLib_0029;;;24I101;20240930;EcritureLib_0383;20250422;2115,00;0,00;D;VE/9;D;20250120
VE;Ventes;VE/9;20240930;70110000;CompteLib_0013;;;24I101;20240930;EcritureLib_0383;20250422;0,00;1922,73;C;VE/9;;
VE;Ventes;VE/9;20240930;44571100;CompteLib_0015;;;24I101;20240930;EcritureLib_0383;20250422;0,00;192,27;C;VE/9;A;20250120
VI;Ventes Externes;VI/1;20240111;70720000;CompteLib_0034;;;24-01-4;20240111;EcritureLib_0384;20250422;0,00;450,00;C;VI/1;;
VI;Ventes Externes;VI/1;20240111;44571200;CompteLib_0035;;;24-01-4;20240111;EcritureLib_0384;20250422;0,00;24,75;C;VI/1;B;20250121
VI;Ventes Externes;VI/1;20240111;41100000;CompteLib_0014;CVOREUX;VOREUX;24-01-4;20240111;EcritureLib_0384;20250422;474,75;0,00;D;VI/1;A;20241016
VI;Ventes Externes;VI/2;20240131;70720000;CompteLib_0034;;;24-01-5;20240131;EcritureLib_0385;20250422;0,00;694,00;C;VI/2;;
VI;Ventes Externes;VI/2;20240131;44571200;CompteLib_0035;;;24-01-5;20240131;EcritureLib_0385;20250422;0,00;38,17;C;VI/2;B;20250121
VI;Ventes Externes;VI/2;20240131;41100000;CompteLib_0014;CCUIZIN;CUIZ'IN LILE;24-01-5;20240131;EcritureLib_0385;20250422;732,17;0,00;D;VI/2;L;20241016
VI;Ventes Externes;VI/3;20240222;44571100;CompteLib_0015;;;24-02-6;20240222;EcritureLib_0386;20250422;0,00;163,50;C;VI/3;;
VI;Ventes Externes;VI/3;20240222;70110000;CompteLib_0013;;;24-02-6;20240222;EcritureLib_0386;20250422;0,00;1635,00;C;VI/3;;
VI;Ventes Externes;VI/3;20240222;41100000;CompteLib_0014;CCUIZIN;CUIZ'IN LILE;24-02-6;20240222;EcritureLib_0386;20250422;1798,50;0,00;D;VI/3;J;20241016
VI;Ventes Externes;VI/4;20240321;70720000;CompteLib_0034;;;24-03-7;20240321;EcritureLib_0385;20250422;0,00;690,48;C;VI/4;;
VI;Ventes Externes;VI/4;20240321;44571200;CompteLib_0035;;;24-03-7;20240321;EcritureLib_0385;20250422;0,00;37,98;C;VI/4;B;20250121
VI;Ventes Externes;VI/4;20240321;41100000;CompteLib_0014;CCUIZIN;CUIZ'IN LILE;24-03-7;20240321;EcritureLib_0385;20250422;728,46;0,00;D;VI/4;K;20241016
VI;Ventes Externes;VI/5;20240410;70720000;CompteLib_0034;;;24-04-8;20240410;EcritureLib_0385;20250422;0,00;429,80;C;VI/5;;
VI;Ventes Externes;VI/5;20240410;44571200;CompteLib_0035;;;24-04-8;20240410;EcritureLib_0385;20250422;0,00;23,64;C;VI/5;B;20250121
VI;Ventes Externes;VI/5;20240410;41100000;CompteLib_0014;CCUIZIN;CUIZ'IN LILE;24-04-8;20240410;EcritureLib_0385;20250422;453,44;0,00;D;VI/5;I;20241016
VI;Ventes Externes;VI/6;20240515;44571200;CompteLib_0035;;;24-05-9;20240515;EcritureLib_0387;20250422;0,00;4,95;C;VI/6;C;20250121
VI;Ventes Externes;VI/6;20240515;70720000;CompteLib_0034;;;24-05-9;20240515;EcritureLib_0387;20250422;0,00;90,00;C;VI/6;;
VI;Ventes Externes;VI/6;20240515;41100000;CompteLib_0014;CCUIZIN;CUIZ'IN LILE;24-05-9;20240515;EcritureLib_0387;20250422;94,95;0,00;D;VI/6;M;20241016
VI;Ventes Externes;VI/7;20240610;44571200;CompteLib_0035;;;24-06-11;20240610;EcritureLib_0388;20250422;0,00;16,47;C;VI/7;C;20250121
VI;Ventes Externes;VI/7;20240610;70720000;CompteLib_0034;;;24-06-11;20240610;EcritureLib_0388;20250422;0,00;299,50;C;VI/7;;
VI;Ventes Externes;VI/7;20240610;41100000;CompteLib_0014;LESPANNIERS;LES PANNIERS DE LEA;24-06-11;20240610;EcritureLib_0388;20250422;375,97;0,00;D;VI/7;A;20241016
VI;Ventes Externes;VI/7;20240610;44571210;CompteLib_0037;;;24-06-11;20240610;EcritureLib_0388;20250422;0,00;10,00;C;VI/7;;
VI;Ventes Externes;VI/7;20240610;70860000;CompteLib_0036;;;24-06-11;20240610;EcritureLib_0388;20250422;0,00;50,00;C;VI/7;;
VI;Ventes Externes;VI/8;20240611;44571210;CompteLib_0037;;;24-06-12;20240611;EcritureLib_0389;20250422;0,00;1224,10;C;VI/8;;
VI;Ventes Externes;VI/8;20240611;70860000;CompteLib_0036;;;24-06-12;20240611;EcritureLib_0389;20250422;0,00;6120,50;C;VI/8;;
VI;Ventes Externes;VI/8;20240611;41100000;CompteLib_0014;CCUIZIN;CUIZ'IN LILE;24-06-12;20240611;EcritureLib_0389;20250422;7344,60;0,00;D;VI/8;G;20250227
VI;Ventes Externes;VI/9;20240617;44571100;CompteLib_0015;;;24-06-13;20240617;EcritureLib_0390;20250422;0,00;58,00;C;VI/9;;
VI;Ventes Externes;VI/9;20240617;70110000;CompteLib_0013;;;24-06-13;20240617;EcritureLib_0390;20250422;0,00;580,00;C;VI/9;;
VI;Ventes Externes;VI/9;20240617;41100000;CompteLib_0014;DCANY;MR OU MME DANY;24-06-13;20240617;EcritureLib_0390;20250422;698,00;0,00;D;VI/9;B;20250121
VI;Ventes Externes;VI/9;20240617;70860000;CompteLib_0036;;;24-06-13;20240617;EcritureLib_0391;20250422;0,00;50,00;C;VI/9;;
VI;Ventes Externes;VI/9;20240617;44571210;CompteLib_0037;;;24-06-13;20240617;EcritureLib_0390;20250422;0,00;10,00;C;VI/9;;
VI;Ventes Externes;VI/10;20240626;44571200;CompteLib_0035;;;24-06-14;20240626;EcritureLib_0392;20250422;0,00;24,75;C;VI/10;C;20250121
VI;Ventes Externes;VI/10;20240626;70720000;CompteLib_0034;;;24-06-14;20240626;EcritureLib_0392;20250422;0,00;450,00;C;VI/10;;
VI;Ventes Externes;VI/10;20240626;41100000;CompteLib_0014;CCUIZIN;CUIZ'IN LILE;24-06-14;20240626;EcritureLib_0392;20250422;474,75;0,00;D;VI/10;H;20241016
VI;Ventes Externes;VI/11;20240626;70860000;CompteLib_0036;;;I-24-06-6;20240626;EcritureLib_0393;20250422;0,00;237,00;C;VI/11;;
VI;Ventes Externes;VI/11;20240626;44571210;CompteLib_0037;;;I-24-06-6;20240626;EcritureLib_0393;20250422;0,00;47,40;C;VI/11;;
VI;Ventes Externes;VI/11;20240626;70110000;CompteLib_0013;;;I-24-06-6;20240626;EcritureLib_0393;20250422;0,00;905,00;C;VI/11;;
VI;Ventes Externes;VI/11;20240626;44571100;CompteLib_0015;;;I-24-06-6;20240626;EcritureLib_0393;20250422;0,00;90,50;C;VI/11;;
VI;Ventes Externes;VI/11;20240626;41100000;CompteLib_0014;CPOULAIN;POULAIN ANTOINE;I-24-06-6;20240626;EcritureLib_0393;20250422;1279,90;0,00;D;VI/11;A;20241016
VI;Ventes Externes;VI/12;20240627;44571100;CompteLib_0015;;;24-06-15;20240627;EcritureLib_0394;20250422;0,00;107,40;C;VI/12;;
VI;Ventes Externes;VI/12;20240627;70110000;CompteLib_0013;;;24-06-15;20240627;EcritureLib_0394;20250422;0,00;1074,00;C;VI/12;;
VI;Ventes Externes;VI/12;20240627;41100000;CompteLib_0014;CENTRESOCIAL;CENTRE SOCIAL FAUBOURG DE BETHUNE;24-06-15;20240627;EcritureLib_0394;20250422;1181,40;0,00;D;VI/12;A;20250303
VI;Ventes Externes;VI/13;20240724;44571210;CompteLib_0037;;;24-07-17;20240724;EcritureLib_0395;20250422;0,00;160,00;C;VI/13;;
VI;Ventes Externes;VI/13;20240724;70860000;CompteLib_0036;;;24-07-17;20240724;EcritureLib_0395;20250422;0,00;800,00;C;VI/13;;
VI;Ventes Externes;VI/13;20240724;40100000;CompteLib_0001;CVETO;VETO GEMO;24-07-17;20240724;EcritureLib_0395;20250422;960,00;0,00;D;VI/13;;
VI;Ventes Externes;VI/14;20240725;44571100;CompteLib_0015;;;24-07-18;20240725;EcritureLib_0395;20250422;0,00;51,20;C;VI/14;;
VI;Ventes Externes;VI/14;20240725;70110000;CompteLib_0013;;;24-07-18;20240725;EcritureLib_0395;20250422;0,00;512,00;C;VI/14;;
VI;Ventes Externes;VI/14;20240725;40100000;CompteLib_0001;CVETO;VETO GEMO;24-07-18;20240725;EcritureLib_0395;20250422;563,20;0,00;D;VI/14;;
VI;Ventes Externes;VI/15;20240828;44571210;CompteLib_0037;;;24-08-19;20240828;EcritureLib_0392;20250422;0,00;23,75;C;VI/15;;
VI;Ventes Externes;VI/15;20240828;70860000;CompteLib_0036;;;24-08-19;20240828;EcritureLib_0392;20250422;0,00;118,75;C;VI/15;;
VI;Ventes Externes;VI/15;20240828;41100000;CompteLib_0014;CCUIZIN;CUIZ'IN LILE;24-08-19;20240828;EcritureLib_0392;20250422;142,50;0,00;D;VI/15;F;20241016
VI;Ventes Externes;VI/16;20240828;44571210;CompteLib_0037;;;24-08-20;20240828;EcritureLib_0385;20250422;0,00;105,12;C;VI/16;;
VI;Ventes Externes;VI/16;20240828;70860000;CompteLib_0036;;;24-08-20;20240828;EcritureLib_0385;20250422;0,00;525,60;C;VI/16;;
VI;Ventes Externes;VI/16;20240828;41100000;CompteLib_0014;CCUIZIN;CUIZ'IN LILE;24-08-20;20240828;EcritureLib_0385;20250422;630,72;0,00;D;VI/16;E;20241016
VI;Ventes Externes;VI/17;20240831;44571210;CompteLib_0037;;;24-08-21;20240831;EcritureLib_0396;20250422;0,00;40,00;C;VI/17;;
VI;Ventes Externes;VI/17;20240831;70860000;CompteLib_0036;;;24-08-21;20240831;EcritureLib_0396;20250422;0,00;200,00;C;VI/17;;
VI;Ventes Externes;VI/17;20240831;41100000;CompteLib_0014;CVINCENT;VINCENT OLIVIER ET STEPHANIE;24-08-21;20240831;EcritureLib_0396;20250422;1909,80;0,00;D;VI/17;A;20241018
VI;Ventes Externes;VI/17;20240831;70110000;CompteLib_0013;;;24-08-21;20240831;EcritureLib_0396;20250422;0,00;1518,00;C;VI/17;;
VI;Ventes Externes;VI/17;20240831;44571100;CompteLib_0015;;;24-08-21;20240831;EcritureLib_0396;20250422;0,00;151,80;C;VI/17;A;20250120
VI;Ventes Externes;VI/18;20240904;44571200;CompteLib_0035;;;24-09-22;20240904;EcritureLib_0392;20250422;0,00;24,75;C;VI/18;A;20250120
VI;Ventes Externes;VI/18;20240904;70720000;CompteLib_0034;;;24-09-22;20240904;EcritureLib_0392;20250422;0,00;450,00;C;VI/18;;
VI;Ventes Externes;VI/18;20240904;41100000;CompteLib_0014;CCUIZIN;CUIZ'IN LILE;24-09-22;20240904;EcritureLib_0392;20250422;474,75;0,00;D;VI/18;D;20241016
VI;Ventes Externes;VI/19;20240913;44571100;CompteLib_0015;;;24-09-24;20240913;EcritureLib_0397;20250422;0,00;57,60;C;VI/19;A;20250120
VI;Ventes Externes;VI/19;20240913;70110000;CompteLib_0013;;;24-09-24;20240913;EcritureLib_0397;20250422;0,00;576,00;C;VI/19;;
VI;Ventes Externes;VI/19;20240913;41100000;CompteLib_0014;CMARIETTE;MARIETTE SYLVIE;24-09-24;20240913;EcritureLib_0397;20250422;813,60;0,00;D;VI/19;B;20250121
VI;Ventes Externes;VI/19;20240913;70860000;CompteLib_0036;;;24-09-24;20240913;EcritureLib_0397;20250422;0,00;150,00;C;VI/19;;
VI;Ventes Externes;VI/19;20240913;44571210;CompteLib_0037;;;24-09-24;20240913;EcritureLib_0397;20250422;0,00;30,00;C;VI/19;;
VI;Ventes Externes;VI/20;20240913;44571210;CompteLib_0037;;;24-09-23;20240913;EcritureLib_0398;20250422;0,00;28,80;C;VI/20;;
VI;Ventes Externes;VI/20;20240913;70860000;CompteLib_0036;;;24-09-23;20240913;EcritureLib_0398;20250422;0,00;144,00;C;VI/20;;
VI;Ventes Externes;VI/20;20240913;41100000;CompteLib_0014;CCUIZIN;CUIZ'IN LILE;24-09-23;20240913;EcritureLib_0398;20250422;172,80;0,00;D;VI/20;B;20241016
VI;Ventes Externes;VI/21;20240918;44571100;CompteLib_0015;;;24-09-28;20240918;EcritureLib_0399;20250422;0,00;3,96;C;VI/21;;
VI;Ventes Externes;VI/21;20240918;70110000;CompteLib_0013;;;24-09-28;20240918;EcritureLib_0399;20250422;0,00;39,60;C;VI/21;;
VI;Ventes Externes;VI/21;20240918;41100000;CompteLib_0014;DCANY;MR OU MME DANY;24-09-28;20240918;EcritureLib_0399;20250422;43,56;0,00;D;VI/21;;
VI;Ventes Externes;VI/22;20240918;44571100;CompteLib_0015;;;24-09-25;20240918;EcritureLib_0392;20250422;0,00;98,10;C;VI/22;A;20250120
VI;Ventes Externes;VI/22;20240918;70110000;CompteLib_0013;;;24-09-25;20240918;EcritureLib_0392;20250422;0,00;981,00;C;VI/22;;
VI;Ventes Externes;VI/22;20240918;41100000;CompteLib_0014;CCUIZIN;CUIZ'IN LILE;24-09-25;20240918;EcritureLib_0392;20250422;1079,10;0,00;D;VI/22;A;20241016
VI;Ventes Externes;VI/23;20240918;44571200;CompteLib_0035;;;24-09-26;20240918;EcritureLib_0392;20250422;0,00;54,56;C;VI/23;A;20250120
VI;Ventes Externes;VI/23;20240918;70720000;CompteLib_0034;;;24-09-26;20240918;EcritureLib_0392;20250422;0,00;992,00;C;VI/23;;
VI;Ventes Externes;VI/23;20240918;41100000;CompteLib_0014;CCUIZIN;CUIZ'IN LILE;24-09-26;20240918;EcritureLib_0392;20250422;1046,56;0,00;D;VI/23;C;20241016
VI;Ventes Externes;VI/24;20240918;44571210;CompteLib_0037;;;24-09-27;20240918;EcritureLib_0392;20250422;0,00;53,56;C;VI/24;;
VI;Ventes Externes;VI/24;20240918;70860000;CompteLib_0036;;;24-09-27;20240918;EcritureLib_0392;20250422;0,00;267,78;C;VI/24;;
VI;Ventes Externes;VI/24;20240918;41100000;CompteLib_0014;CCUIZIN;CUIZ'IN LILE;24-09-27;20240918;EcritureLib_0392;20250422;321,34;0,00;D;VI/24;N;20241016
VI;Ventes Externes;VI/25;20240925;44571100;CompteLib_0015;;;24-09-29;20240925;EcritureLib_0400;20250422;0,00;35,07;C;VI/25;;
VI;Ventes Externes;VI/25;20240925;70110000;CompteLib_0013;;;24-09-29;20240925;EcritureLib_0400;20250422;0,00;350,70;C;VI/25;;
VI;Ventes Externes;VI/25;20240925;41100000;CompteLib_0014;CLESATELIERS;LES ATELIERS DE LA HALLE;24-09-29;20240925;EcritureLib_0400;20250422;385,77;0,00;D;VI/25;A;20250121
