JournalCode;JournalLib;EcritureNum;EcritureDate;CompteNum;CompteLib;CompAuxNum;CompAuxLib;PieceRef;PieceDate;EcritureLib;ValidDate;MontantDebit;MontantCredit;Sens;RefEcriture;EcritureLet;DateLet
AO;A Nouveau;;20241001;10130000;CompteLib_0001;;;24J160;20241001;EcritureLib_0001;;0,00;1000,00;C;;;
AO;A Nouveau;;20241001;10611000;CompteLib_0002;;;24J160;20241001;EcritureLib_0002;;0,00;100,00;C;;;
AO;A Nouveau;;20241001;10680000;CompteLib_0003;;;24J160;20241001;EcritureLib_0003;;0,00;51795,32;C;;;
AO;A Nouveau;;20241001;11900000;CompteLib_0004;;;24J160;20241001;EcritureLib_0004;;15879,42;0,00;D;;;
AO;A Nouveau;;20241001;20100000;CompteLib_0005;;;24J160;20241001;EcritureLib_0005;;4770,00;0,00;D;;;
AO;A Nouveau;;20241001;20700000;CompteLib_0006;;;24J160;20241001;EcritureLib_0006;;32000,00;0,00;D;;;
AO;A Nouveau;;20241001;21840000;CompteLib_0007;;;24J160;20241001;EcritureLib_0007;;1210,83;0,00;D;;;
AO;A Nouveau;;20241001;26100000;CompteLib_0008;;;24J160;20241001;EcritureLib_0008;;15,00;0,00;D;;;
AO;A Nouveau;;20241001;27500000;CompteLib_0009;;;24J160;20241001;EcritureLib_0009;;1313,68;0,00;D;;;
AO;A Nouveau;;20241001;28010000;CompteLib_0010;;;24J160;20241001;EcritureLib_0010;;0,00;4770,00;C;;;
AO;A Nouveau;;20241001;40100000;CompteLib_0011;401LOYER;LOYERS ET CHARGES;24J160;20241001;EcritureLib_0011;;294,31;0,00;D;;;
AO;A Nouveau;;20241001;40100000;CompteLib_0011;FTILLER;TILLER;24J160;20241001;EcritureLib_0012;;0,00;58,82;C;;;
AO;A Nouveau;;20241001;43860000;CompteLib_0012;;;24J160;20241001;EcritureLib_0013;;0,00;342,00;C;;;
AO;A Nouveau;;20241001;44551000;CompteLib_0013;;;24J160;20241001;EcritureLib_0014;;0,00;538,00;C;;J;20250921
AO;A Nouveau;;20241001;44562000;CompteLib_0014;;;24J160;20241001;EcritureLib_0015;;242,00;0,00;D;;A;20250720
AO;A Nouveau;;20241001;44566000;CompteLib_0015;;;24J160;20241001;EcritureLib_0016;;59,05;0,00;D;;;
AO;A Nouveau;;20241001;44571100;CompteLib_0016;;;24J160;20241001;EcritureLib_0017;;0,00;1295,61;C;;;
AO;A Nouveau;;20241001;45500000;CompteLib_0017;;;24J160;20241001;EcritureLib_0018;;0,00;136,98;C;;;
AO;A Nouveau;;20241001;48600000;CompteLib_0018;;;24J160;20241001;EcritureLib_0019;;460,00;0,00;D;;;
AO;A Nouveau;;20241001;51100000;CompteLib_0019;;;24J160;20241001;EcritureLib_0020;;82,50;0,00;D;;;
AO;A Nouveau;;20241001;51200000;CompteLib_0020;;;24J160;20241001;EcritureLib_0021;;2455,08;0,00;D;;;
AO;A Nouveau;;20241001;53000000;CompteLib_0021;;;24J160;20241001;EcritureLib_0022;;242,84;0,00;D;;;
AO;A Nouveau;;20241001;12900000;CompteLib_0022;;;24J160;20241001;EcritureLib_0023;;1012,02;0,00;D;;;
AT;Achats Tiime;;20241001;61350200;CompteLib_0023;;;241000133376;20241001;EcritureLib_0024;;57,00;0,00;D;;;
AT;Achats Tiime;;20241001;44566000;CompteLib_0015;;;241000133376;20241001;EcritureLib_0024;;11,40;0,00;D;;;
AT;Achats Tiime;;20241001;40100000;CompteLib_0011;FEURO;EURO INFORMATION;241000133376;20241001;EcritureLib_0024;;0,00;68,40;C;;E;20250422
AT;Achats Tiime;;20241001;60100000;CompteLib_0024;;;24J162;20241001;EcritureLib_0025;;11,33;0,00;D;;;
AT;Achats Tiime;;20241001;44566000;CompteLib_0015;;;24J162;20241001;EcritureLib_0025;;0,62;0,00;D;;;
AT;Achats Tiime;;20241001;40100000;CompteLib_0011;401RESTA;RESTAURANT;24J162;20241001;EcritureLib_0025;;0,00;11,95;C;;;
AT;Achats Tiime;;20241003;61320000;CompteLib_0025;;;24J156;20241003;EcritureLib_0026;;792,50;0,00;D;;;
AT;Achats Tiime;;20241003;44566000;CompteLib_0015;;;24J156;20241003;EcritureLib_0026;;176,79;0,00;D;;;
AT;Achats Tiime;;20241003;40100000;CompteLib_0011;401LOYER;LOYERS ET CHARGES;24J156;20241003;EcritureLib_0026;;0,00;1060,73;C;;;
AT;Achats Tiime;;20241003;61400000;CompteLib_0026;;;24J156;20241003;EcritureLib_0026;;91,44;0,00;D;;;
AT;Achats Tiime;;20241003;61350100;CompteLib_0027;;;FR4090152;20241003;EcritureLib_0027;;49,00;0,00;D;;;
AT;Achats Tiime;;20241003;44566000;CompteLib_0015;;;FR4090152;20241003;EcritureLib_0027;;9,80;0,00;D;;;
AT;Achats Tiime;;20241003;40100000;CompteLib_0011;FTILLER;TILLER;FR4090152;20241003;EcritureLib_0027;;0,00;58,80;C;;L;20250422
AT;Achats Tiime;;20241008;60100000;CompteLib_0024;;;0/0(138)0002/029973;20241008;EcritureLib_0028;;455,27;0,00;D;;;
AT;Achats Tiime;;20241008;44566000;CompteLib_0015;;;0/0(138)0002/029973;20241008;EcritureLib_0028;;25,04;0,00;D;;;
AT;Achats Tiime;;20241008;40100000;CompteLib_0011;FMETRO;METRO;0/0(138)0002/029973;20241008;EcritureLib_0028;;0,00;480,31;C;;C;20241107
AT;Achats Tiime;;20241009;60100000;CompteLib_0024;;;24J164;20241009;EcritureLib_0029;;32,99;0,00;D;;;
AT;Achats Tiime;;20241009;44566000;CompteLib_0015;;;24J164;20241009;EcritureLib_0029;;2,51;0,00;D;;;
AT;Achats Tiime;;20241009;40100000;CompteLib_0011;401RESTA;RESTAURANT;24J164;20241009;EcritureLib_0029;;0,00;35,50;C;;;
AT;Achats Tiime;;20241016;60100000;CompteLib_0024;;;0/0(138)0001/011085;20241016;EcritureLib_0028;;283,09;0,00;D;;;
AT;Achats Tiime;;20241016;44566000;CompteLib_0015;;;0/0(138)0001/011085;20241016;EcritureLib_0028;;15,57;0,00;D;;;
AT;Achats Tiime;;20241016;40100000;CompteLib_0011;FMETRO;METRO;0/0(138)0001/011085;20241016;EcritureLib_0028;;0,00;298,66;C;;D;20241107
AT;Achats Tiime;;20241016;60100000;CompteLib_0024;;;20268523;20241016;EcritureLib_0030;;16,49;0,00;D;;;
AT;Achats Tiime;;20241016;44566000;CompteLib_0015;;;20268523;20241016;EcritureLib_0030;;0,91;0,00;D;;;
AT;Achats Tiime;;20241016;40100000;CompteLib_0011;401RESTA;RESTAURANT;20268523;20241016;EcritureLib_0030;;0,00;17,40;C;;A;20250422
AT;Achats Tiime;;20241021;60100000;CompteLib_0024;;;0/0(138)0001/011292;20241021;EcritureLib_0028;;214,20;0,00;D;;;
AT;Achats Tiime;;20241021;44566000;CompteLib_0015;;;0/0(138)0001/011292;20241021;EcritureLib_0028;;24,30;0,00;D;;;
AT;Achats Tiime;;20241021;40100000;CompteLib_0011;FMETRO;METRO;0/0(138)0001/011292;20241021;EcritureLib_0028;;0,00;238,50;C;;B;20241107
AT;Achats Tiime;;20241025;60100000;CompteLib_0024;;;24J127;20241025;EcritureLib_0031;;9,19;0,00;D;;;
AT;Achats Tiime;;20241025;44566000;CompteLib_0015;;;24J127;20241025;EcritureLib_0031;;0,51;0,00;D;;;
AT;Achats Tiime;;20241025;40100000;CompteLib_0011;FLIDL;LIDL;24J127;20241025;EcritureLib_0031;;0,00;9,70;C;;A;20250205
AT;Achats Tiime;;20241030;60100000;CompteLib_0024;;;24J158;20241030;EcritureLib_0032;;16,36;0,00;D;;;
AT;Achats Tiime;;20241030;44566000;CompteLib_0015;;;24J158;20241030;EcritureLib_0032;;1,78;0,00;D;;;
AT;Achats Tiime;;20241030;40100000;CompteLib_0011;FLIDL;LIDL;24J158;20241030;EcritureLib_0032;;0,00;18,14;C;;;
AT;Achats Tiime;;20241101;60100000;CompteLib_0024;;;24K125;20241101;EcritureLib_0033;;4,36;0,00;D;;;
AT;Achats Tiime;;20241101;44566000;CompteLib_0015;;;24K125;20241101;EcritureLib_0033;;0,24;0,00;D;;;
AT;Achats Tiime;;20241101;40100000;CompteLib_0011;FLIDL;LIDL;24K125;20241101;EcritureLib_0033;;0,00;4,60;C;;L;20250422
AT;Achats Tiime;;20241103;61350100;CompteLib_0027;;;FR4098770;20241103;EcritureLib_0034;;49,00;0,00;D;;;
AT;Achats Tiime;;20241103;44566000;CompteLib_0015;;;FR4098770;20241103;EcritureLib_0034;;9,80;0,00;D;;;
AT;Achats Tiime;;20241103;40100000;CompteLib_0011;FTILLER;TILLER;FR4098770;20241103;EcritureLib_0034;;0,00;58,80;C;;M;20250422
AT;Achats Tiime;;20241104;60100000;CompteLib_0024;;;0/0(138)0003/028775;20241104;EcritureLib_0028;;583,83;0,00;D;;;
AT;Achats Tiime;;20241104;44566000;CompteLib_0015;;;0/0(138)0003/028775;20241104;EcritureLib_0028;;32,11;0,00;D;;;
AT;Achats Tiime;;20241104;40100000;CompteLib_0011;FMETRO;METRO;0/0(138)0003/028775;20241104;EcritureLib_0028;;0,00;615,94;C;;G;20241108
AT;Achats Tiime;;20241125;62260000;CompteLib_0028;;;FACT-20241124-11326;20241125;EcritureLib_0035;;418,00;0,00;D;;;
AT;Achats Tiime;;20241125;44566000;CompteLib_0015;;;FACT-20241124-11326;20241125;EcritureLib_0035;;39,60;0,00;D;;;
AT;Achats Tiime;;20241125;40100000;CompteLib_0011;FSTC;STC;FACT-20241124-11326;20241125;EcritureLib_0035;;0,00;457,60;C;;C;20250311
AT;Achats Tiime;;20241129;60630000;CompteLib_0029;;;24K128;20241129;EcritureLib_0036;;60,00;0,00;D;;;
AT;Achats Tiime;;20241129;44566000;CompteLib_0015;;;24K128;20241129;EcritureLib_0036;;12,00;0,00;D;;;
AT;Achats Tiime;;20241129;40100000;CompteLib_0011;FDARTY;DARTY ;24K128;20241129;EcritureLib_0036;;0,00;72,00;C;;;
AT;Achats Tiime;;20241202;60100000;CompteLib_0024;;;4193055168/0171770;20241202;EcritureLib_0032;;9,51;0,00;D;;;
AT;Achats Tiime;;20241202;44566000;CompteLib_0015;;;4193055168/0171770;20241202;EcritureLib_0032;;1,90;0,00;D;;;
AT;Achats Tiime;;20241202;40100000;CompteLib_0011;FLIDL;LIDL;4193055168/0171770;20241202;EcritureLib_0032;;0,00;11,41;C;;;
AT;Achats Tiime;;20241202;60100000;CompteLib_0024;;;4193252353/02722/01;20241202;EcritureLib_0032;;1,89;0,00;D;;;
AT;Achats Tiime;;20241202;44566000;CompteLib_0015;;;4193252353/02722/01;20241202;EcritureLib_0032;;0,10;0,00;D;;;
AT;Achats Tiime;;20241202;40100000;CompteLib_0011;FLIDL;LIDL;4193252353/02722/01;20241202;EcritureLib_0032;;0,00;1,99;C;;;
AT;Achats Tiime;;20241202;61320000;CompteLib_0025;;;F24D0060;20241202;EcritureLib_0037;;792,50;0,00;D;;;
AT;Achats Tiime;;20241202;44566000;CompteLib_0015;;;F24D0060;20241202;EcritureLib_0037;;176,79;0,00;D;;;
AT;Achats Tiime;;20241202;40100000;CompteLib_0011;401LOYER;LOYERS ET CHARGES;F24D0060;20241202;EcritureLib_0037;;0,00;1060,73;C;;;
AT;Achats Tiime;;20241202;61400000;CompteLib_0026;;;F24D0060;20241202;EcritureLib_0037;;91,44;0,00;D;;;
AT;Achats Tiime;;20241203;60100000;CompteLib_0024;;;24L19;20241203;EcritureLib_0038;;5,07;0,00;D;;;
AT;Achats Tiime;;20241203;44566000;CompteLib_0015;;;24L19;20241203;EcritureLib_0038;;0,28;0,00;D;;;
AT;Achats Tiime;;20241203;40100000;CompteLib_0011;FLIDL;LIDL;24L19;20241203;EcritureLib_0038;;0,00;5,35;C;;E;20250205
AT;Achats Tiime;;20241203;60630000;CompteLib_0029;;;24L190;20241203;EcritureLib_0039;;17,67;0,00;D;;;
AT;Achats Tiime;;20241203;44566000;CompteLib_0015;;;24L190;20241203;EcritureLib_0039;;3,18;0,00;D;;;
AT;Achats Tiime;;20241203;40100000;CompteLib_0011;FACTION;ACTION;24L190;20241203;EcritureLib_0039;;0,00;20,85;C;;;
AT;Achats Tiime;;20241203;60100000;CompteLib_0024;;;24L22;20241203;EcritureLib_0028;;990,49;0,00;D;;;
AT;Achats Tiime;;20241203;44566000;CompteLib_0015;;;24L22;20241203;EcritureLib_0028;;78,26;0,00;D;;;
AT;Achats Tiime;;20241203;40100000;CompteLib_0011;FMETRO;METRO;24L22;20241203;EcritureLib_0028;;0,00;1068,75;C;;;
AT;Achats Tiime;;20241203;61350100;CompteLib_0027;;;FR4107117;20241203;EcritureLib_0034;;49,00;0,00;D;;;
AT;Achats Tiime;;20241203;44566000;CompteLib_0015;;;FR4107117;20241203;EcritureLib_0034;;9,80;0,00;D;;;
AT;Achats Tiime;;20241203;40100000;CompteLib_0011;FTILLER;TILLER;FR4107117;20241203;EcritureLib_0034;;0,00;58,80;C;;N;20250422
AT;Achats Tiime;;20241203;60100000;CompteLib_0024;;;24L202;20241203;EcritureLib_0040;;11,91;0,00;D;;;
AT;Achats Tiime;;20241203;40100000;CompteLib_0011;FABC;ABC;24L202;20241203;EcritureLib_0040;;0,00;11,91;C;;;
AT;Achats Tiime;;20241204;60100000;CompteLib_0024;;;419305628370172370;20241204;EcritureLib_0038;;4,60;0,00;D;;;
AT;Achats Tiime;;20241204;44566000;CompteLib_0015;;;419305628370172370;20241204;EcritureLib_0038;;0,25;0,00;D;;;
AT;Achats Tiime;;20241204;40100000;CompteLib_0011;FLIDL;LIDL;419305628370172370;20241204;EcritureLib_0038;;0,00;4,85;C;;G;20250221
AT;Achats Tiime;;20241204;60616000;CompteLib_0030;;;24L31;20241204;EcritureLib_0041;;16,70;0,00;D;;;
AT;Achats Tiime;;20241204;44566000;CompteLib_0015;;;24L31;20241204;EcritureLib_0041;;3,34;0,00;D;;;
AT;Achats Tiime;;20241204;40100000;CompteLib_0011;401CARBU;CARBURANT;24L31;20241204;EcritureLib_0041;;0,00;20,04;C;;;
AT;Achats Tiime;;20241204;60100000;CompteLib_0024;;;568944;20241204;EcritureLib_0042;;84,18;0,00;D;;;
AT;Achats Tiime;;20241204;44566000;CompteLib_0015;;;568944;20241204;EcritureLib_0042;;15,10;0,00;D;;;
AT;Achats Tiime;;20241204;40100000;CompteLib_0011;FPROMOCASH;PROMOCASH;568944;20241204;EcritureLib_0042;;0,00;99,28;C;;;
AT;Achats Tiime;;20241204;60100000;CompteLib_0024;;;57618;20241204;EcritureLib_0043;;143,79;0,00;D;;;
AT;Achats Tiime;;20241204;44566000;CompteLib_0015;;;57618;20241204;EcritureLib_0043;;16,34;0,00;D;;;
AT;Achats Tiime;;20241204;40100000;CompteLib_0011;FINTERRESTO;INTER RESTO;57618;20241204;EcritureLib_0043;;0,00;160,13;C;;;
AT;Achats Tiime;;20241204;60100000;CompteLib_0024;;;24L204;20241204;EcritureLib_0044;;3,83;0,00;D;;;
AT;Achats Tiime;;20241204;44566000;CompteLib_0015;;;24L204;20241204;EcritureLib_0044;;0,77;0,00;D;;;
AT;Achats Tiime;;20241204;40100000;CompteLib_0011;FABC;ABC;24L204;20241204;EcritureLib_0044;;0,00;4,60;C;;B;20250422
AT;Achats Tiime;;20241205;60630000;CompteLib_0029;;;24L191;20241205;EcritureLib_0039;;2,32;0,00;D;;;
AT;Achats Tiime;;20241205;44566000;CompteLib_0015;;;24L191;20241205;EcritureLib_0039;;0,46;0,00;D;;;
AT;Achats Tiime;;20241205;40100000;CompteLib_0011;FACTION;ACTION;24L191;20241205;EcritureLib_0039;;0,00;2,78;C;;;
AT;Achats Tiime;;20241205;62260000;CompteLib_0028;;;FACT-20241225-11529;20241205;EcritureLib_0045;;852,50;0,00;D;;;
AT;Achats Tiime;;20241205;44566000;CompteLib_0015;;;FACT-20241225-11529;20241205;EcritureLib_0045;;170,50;0,00;D;;;
AT;Achats Tiime;;20241205;40100000;CompteLib_0011;FSTC;STC;FACT-20241225-11529;20241205;EcritureLib_0045;;0,00;1023,00;C;;;
AT;Achats Tiime;;20241207;60630000;CompteLib_0029;;;F6540776038/001;20241207;EcritureLib_0046;;33,33;0,00;D;;;
AT;Achats Tiime;;20241207;44566000;CompteLib_0015;;;F6540776038/001;20241207;EcritureLib_0046;;6,66;0,00;D;;;
AT;Achats Tiime;;20241207;40100000;CompteLib_0011;FDARTY;DARTY ;F6540776038/001;20241207;EcritureLib_0046;;0,00;39,99;C;;;
AT;Achats Tiime;;20241207;60630000;CompteLib_0029;;;24L208;20241207;EcritureLib_0047;;29,93;0,00;D;;;
AT;Achats Tiime;;20241207;44566000;CompteLib_0015;;;24L208;20241207;EcritureLib_0047;;5,99;0,00;D;;;
AT;Achats Tiime;;20241207;40100000;CompteLib_0011;FINCROYAB;INCROYABLE ;24L208;20241207;EcritureLib_0047;;0,00;35,92;C;;;
AT;Achats Tiime;;20241211;60100000;CompteLib_0024;;;570210;20241211;EcritureLib_0048;;31,97;0,00;D;;;
AT;Achats Tiime;;20241211;44566000;CompteLib_0015;;;570210;20241211;EcritureLib_0048;;1,76;0,00;D;;;
AT;Achats Tiime;;20241211;40100000;CompteLib_0011;FPROMOCASH;PROMOCASH;570210;20241211;EcritureLib_0048;;0,00;33,73;C;;;
AT;Achats Tiime;;20241211;60100000;CompteLib_0024;;;58814;20241211;EcritureLib_0049;;56,01;0,00;D;;;
AT;Achats Tiime;;20241211;44566000;CompteLib_0015;;;58814;20241211;EcritureLib_0049;;7,17;0,00;D;;;
AT;Achats Tiime;;20241211;40100000;CompteLib_0011;401RESTA;RESTAURANT;58814;20241211;EcritureLib_0049;;0,00;63,18;C;;;
AT;Achats Tiime;;20241213;60100000;CompteLib_0024;;;4193061028701722/01;20241213;EcritureLib_0032;;2,64;0,00;D;;;
AT;Achats Tiime;;20241213;44566000;CompteLib_0015;;;4193061028701722/01;20241213;EcritureLib_0032;;0,14;0,00;D;;;
AT;Achats Tiime;;20241213;40100000;CompteLib_0011;FLIDL;LIDL;4193061028701722/01;20241213;EcritureLib_0032;;0,00;2,78;C;;;
AT;Achats Tiime;;20241216;60100000;CompteLib_0024;;;4193061721701709/01;20241216;EcritureLib_0038;;5,67;0,00;D;;;
AT;Achats Tiime;;20241216;44566000;CompteLib_0015;;;4193061721701709/01;20241216;EcritureLib_0038;;0,31;0,00;D;;;
AT;Achats Tiime;;20241216;40100000;CompteLib_0011;FLIDL;LIDL;4193061721701709/01;20241216;EcritureLib_0038;;0,00;5,98;C;;F;20250221
AT;Achats Tiime;;20241216;62600000;CompteLib_0031;;;24L226;20241216;EcritureLib_0050;;24,99;0,00;D;;;
AT;Achats Tiime;;20241216;44566000;CompteLib_0015;;;24L226;20241216;EcritureLib_0050;;5,00;0,00;D;;;
AT;Achats Tiime;;20241216;40100000;CompteLib_0011;FFREE;FREE;24L226;20241216;EcritureLib_0050;;0,00;29,99;C;;A;20250729
AT;Achats Tiime;;20241218;60616000;CompteLib_0030;;;24L111;20241218;EcritureLib_0051;;41,69;0,00;D;;;
AT;Achats Tiime;;20241218;44566000;CompteLib_0015;;;24L111;20241218;EcritureLib_0051;;8,34;0,00;D;;;
AT;Achats Tiime;;20241218;40100000;CompteLib_0011;401CARBU;CARBURANT;24L111;20241218;EcritureLib_0051;;0,00;50,03;C;;G;20250221
AT;Achats Tiime;;20241218;60100000;CompteLib_0024;;;60185;20241218;EcritureLib_0052;;56,66;0,00;D;;;
AT;Achats Tiime;;20241218;44566000;CompteLib_0015;;;60185;20241218;EcritureLib_0052;;7,02;0,00;D;;;
AT;Achats Tiime;;20241218;40100000;CompteLib_0011;FINTERRESTO;INTER RESTO;60185;20241218;EcritureLib_0052;;0,00;63,68;C;;D;20250221
AT;Achats Tiime;;20241218;60630000;CompteLib_0029;;;24L113;20241218;EcritureLib_0053;;8,32;0,00;D;;;
AT;Achats Tiime;;20241218;44566000;CompteLib_0015;;;24L113;20241218;EcritureLib_0053;;1,67;0,00;D;;;
AT;Achats Tiime;;20241218;40100000;CompteLib_0011;FCENTRAKOR;CENTRAKOR;24L113;20241218;EcritureLib_0053;;0,00;9,99;C;;A;20250321
AT;Achats Tiime;;20241218;60100000;CompteLib_0024;;;571694;20241218;EcritureLib_0042;;87,94;0,00;D;;;
AT;Achats Tiime;;20241218;44566000;CompteLib_0015;;;571694;20241218;EcritureLib_0042;;4,84;0,00;D;;;
AT;Achats Tiime;;20241218;40100000;CompteLib_0011;FPROMOCASH;PROMOCASH;571694;20241218;EcritureLib_0042;;0,00;92,78;C;;G;20250422
AT;Achats Tiime;;20241218;61510000;CompteLib_0032;;;24L211;20241218;EcritureLib_0054;;9,92;0,00;D;;;
AT;Achats Tiime;;20241218;44566000;CompteLib_0015;;;24L211;20241218;EcritureLib_0054;;1,98;0,00;D;;;
AT;Achats Tiime;;20241218;40100000;CompteLib_0011;FCARTER;CARTER CASH ;24L211;20241218;EcritureLib_0054;;0,00;11,90;C;;A;20250422
AT;Achats Tiime;;20241219;62510000;CompteLib_0033;;;24L196;20241219;EcritureLib_0055;;2,40;0,00;D;;;
AT;Achats Tiime;;20241219;40100000;CompteLib_0011;401HOTEL;HOTEL;24L196;20241219;EcritureLib_0055;;0,00;2,40;C;;;
AT;Achats Tiime;;20241220;60630000;CompteLib_0029;;;24L197;20241220;EcritureLib_0039;;51,38;0,00;D;;;
AT;Achats Tiime;;20241220;44566000;CompteLib_0015;;;24L197;20241220;EcritureLib_0039;;10,28;0,00;D;;;
AT;Achats Tiime;;20241220;40100000;CompteLib_0011;FACTION;ACTION;24L197;20241220;EcritureLib_0039;;0,00;61,66;C;;;
AT;Achats Tiime;;20241222;60100000;CompteLib_0024;;;0/0(138)0001/014106;20241222;EcritureLib_0056;;39,28;0,00;D;;;
AT;Achats Tiime;;20241222;44566000;CompteLib_0015;;;0/0(138)0001/014106;20241222;EcritureLib_0056;;2,16;0,00;D;;;
AT;Achats Tiime;;20241222;40100000;CompteLib_0011;FMETRO;METRO;0/0(138)0001/014106;20241222;EcritureLib_0056;;0,00;41,44;C;;E;20250221
AT;Achats Tiime;;20241223;60630000;CompteLib_0029;;;24L198;20241223;EcritureLib_0039;;12,37;0,00;D;;;
AT;Achats Tiime;;20241223;44566000;CompteLib_0015;;;24L198;20241223;EcritureLib_0039;;2,37;0,00;D;;;
AT;Achats Tiime;;20241223;40100000;CompteLib_0011;FACTION;ACTION;24L198;20241223;EcritureLib_0039;;0,00;14,74;C;;;
AT;Achats Tiime;;20241224;60100000;CompteLib_0024;;;24L213;20241224;EcritureLib_0040;;3,47;0,00;D;;;
AT;Achats Tiime;;20241224;40100000;CompteLib_0011;FABC;ABC;24L213;20241224;EcritureLib_0040;;0,00;3,47;C;;;
AT;Achats Tiime;;20241224;60100000;CompteLib_0024;;;1062;20241224;EcritureLib_0057;;27,87;0,00;D;;;
AT;Achats Tiime;;20241224;44566000;CompteLib_0015;;;1062;20241224;EcritureLib_0057;;1,53;0,00;D;;;
AT;Achats Tiime;;20241224;40100000;CompteLib_0011;401RESTA;RESTAURANT;1062;20241224;EcritureLib_0057;;0,00;29,40;C;;J;20250422
AT;Achats Tiime;;20241224;60100000;CompteLib_0024;;;24L215;20241224;EcritureLib_0058;;2,45;0,00;D;;;
AT;Achats Tiime;;20241224;44566000;CompteLib_0015;;;24L215;20241224;EcritureLib_0058;;0,13;0,00;D;;;
AT;Achats Tiime;;20241224;40100000;CompteLib_0011;401RESTA;RESTAURANT;24L215;20241224;EcritureLib_0058;;0,00;2,58;C;;B;20250422
AT;Achats Tiime;;20241224;60611000;CompteLib_0034;;;104005584860;20241224;EcritureLib_0059;;312,48;0,00;D;;;
AT;Achats Tiime;;20241224;44566000;CompteLib_0015;;;104005584860;20241224;EcritureLib_0059;;55,64;0,00;D;;;
AT;Achats Tiime;;20241224;40100000;CompteLib_0011;FTOTAL;TOTAL ENERGIES ;104005584860;20241224;EcritureLib_0059;;0,00;368,12;C;;C;20250613
AT;Achats Tiime;;20241225;60100000;CompteLib_0024;;;24L216;20241225;EcritureLib_0040;;1,88;0,00;D;;;
AT;Achats Tiime;;20241225;40100000;CompteLib_0011;FABC;ABC;24L216;20241225;EcritureLib_0040;;0,00;1,88;C;;A;20250422
AT;Achats Tiime;;20241226;60100000;CompteLib_0024;;;24L218;20241226;EcritureLib_0060;;28,00;0,00;D;;;
AT;Achats Tiime;;20241226;40100000;CompteLib_0011;FSUPER;SUPER MARKET ;24L218;20241226;EcritureLib_0060;;0,00;28,00;C;;A;20250422
AT;Achats Tiime;;20241227;60100000;CompteLib_0024;;;61704;20241227;EcritureLib_0043;;47,43;0,00;D;;;
AT;Achats Tiime;;20241227;44566000;CompteLib_0015;;;61704;20241227;EcritureLib_0043;;2,61;0,00;D;;;
AT;Achats Tiime;;20241227;40100000;CompteLib_0011;FINTERRESTO;INTER RESTO;61704;20241227;EcritureLib_0043;;0,00;50,04;C;;A;20250221
AT;Achats Tiime;;20241227;60100000;CompteLib_0024;;;573182;20241227;EcritureLib_0042;;83,19;0,00;D;;;
AT;Achats Tiime;;20241227;44566000;CompteLib_0015;;;573182;20241227;EcritureLib_0042;;7,28;0,00;D;;;
AT;Achats Tiime;;20241227;40100000;CompteLib_0011;FPROMOCASH;PROMOCASH;573182;20241227;EcritureLib_0042;;0,00;90,47;C;;A;20250321
AT;Achats Tiime;;20241229;60100000;CompteLib_0024;;;24L221;20241229;EcritureLib_0061;;18,96;0,00;D;;;
AT;Achats Tiime;;20241229;44566000;CompteLib_0015;;;24L221;20241229;EcritureLib_0061;;1,04;0,00;D;;;
AT;Achats Tiime;;20241229;40100000;CompteLib_0011;FINTERRESTO;INTER RESTO;24L221;20241229;EcritureLib_0061;;0,00;20,00;C;;B;20250422
AT;Achats Tiime;;20241229;60100000;CompteLib_0024;;;24L222;20241229;EcritureLib_0062;;13,03;0,00;D;;;
AT;Achats Tiime;;20241229;44566000;CompteLib_0015;;;24L222;20241229;EcritureLib_0062;;0,72;0,00;D;;;
AT;Achats Tiime;;20241229;40100000;CompteLib_0011;FREMA;REMA;24L222;20241229;EcritureLib_0062;;0,00;13,75;C;;A;20250422
AT;Achats Tiime;;20241231;60100000;CompteLib_0024;;;6044;20241231;EcritureLib_0043;;47,89;0,00;D;;;
AT;Achats Tiime;;20241231;44566000;CompteLib_0015;;;6044;20241231;EcritureLib_0043;;2,63;0,00;D;;;
AT;Achats Tiime;;20241231;40100000;CompteLib_0011;FINTERRESTO;INTER RESTO;6044;20241231;EcritureLib_0043;;0,00;50,52;C;;G;20250323
AT;Achats Tiime;;20250101;60100000;CompteLib_0024;;;25A207;20250101;EcritureLib_0063;;12,79;0,00;D;;;
AT;Achats Tiime;;20250101;44566000;CompteLib_0015;;;25A207;20250101;EcritureLib_0063;;0,70;0,00;D;;;
AT;Achats Tiime;;20250101;40100000;CompteLib_0011;401RESTA;RESTAURANT;25A207;20250101;EcritureLib_0063;;0,00;13,49;C;;K;20250422
AT;Achats Tiime;;20250101;60100000;CompteLib_0024;;;25A208;20250101;EcritureLib_0040;;5,22;0,00;D;;;
AT;Achats Tiime;;20250101;40100000;CompteLib_0011;FABC;ABC;25A208;20250101;EcritureLib_0040;;0,00;5,22;C;;D;20250422
AT;Achats Tiime;;20250102;60100000;CompteLib_0024;;;4193069966/01/01/01;20250102;EcritureLib_0033;;5,00;0,00;D;;;
AT;Achats Tiime;;20250102;44566000;CompteLib_0015;;;4193069966/01/01/01;20250102;EcritureLib_0033;;0,28;0,00;D;;;
AT;Achats Tiime;;20250102;40100000;CompteLib_0011;FLIDL;LIDL;4193069966/01/01/01;20250102;EcritureLib_0033;;0,00;5,28;C;;;
AT;Achats Tiime;;20250102;60100000;CompteLib_0024;;;573774;20250102;EcritureLib_0042;;107,57;0,00;D;;;
AT;Achats Tiime;;20250102;44566000;CompteLib_0015;;;573774;20250102;EcritureLib_0042;;5,92;0,00;D;;;
AT;Achats Tiime;;20250102;40100000;CompteLib_0011;FPROMOCASH;PROMOCASH;573774;20250102;EcritureLib_0042;;0,00;113,49;C;;B;20250321
AT;Achats Tiime;;20250102;60100000;CompteLib_0024;;;62626;20250102;EcritureLib_0064;;121,41;0,00;D;;;
AT;Achats Tiime;;20250102;44566000;CompteLib_0015;;;62626;20250102;EcritureLib_0064;;10,26;0,00;D;;;
AT;Achats Tiime;;20250102;40100000;CompteLib_0011;FINTERRESTO;INTER RESTO;62626;20250102;EcritureLib_0064;;0,00;131,67;C;;;
AT;Achats Tiime;;20250103;61320000;CompteLib_0025;;;F2510003;20250103;EcritureLib_0065;;816,51;0,00;D;;;
AT;Achats Tiime;;20250103;44566000;CompteLib_0015;;;F2510003;20250103;EcritureLib_0065;;182,14;0,00;D;;;
AT;Achats Tiime;;20250103;40100000;CompteLib_0011;401LOYER;LOYERS ET CHARGES;F2510003;20250103;EcritureLib_0065;;0,00;1140,88;C;;C;20250323
AT;Achats Tiime;;20250103;61400000;CompteLib_0026;;;F2510003;20250103;EcritureLib_0065;;142,23;0,00;D;;;
AT;Achats Tiime;;20250103;60616000;CompteLib_0030;;;25A199;20250103;EcritureLib_0041;;33,90;0,00;D;;;
AT;Achats Tiime;;20250103;44566000;CompteLib_0015;;;25A199;20250103;EcritureLib_0041;;6,17;0,00;D;;;
AT;Achats Tiime;;20250103;40100000;CompteLib_0011;401CARBU;CARBURANT;25A199;20250103;EcritureLib_0041;;0,00;40,07;C;;K;20250321
AT;Achats Tiime;;20250103;61350100;CompteLib_0027;;;FR5000716;20250103;EcritureLib_0034;;49,00;0,00;D;;;
AT;Achats Tiime;;20250103;44566000;CompteLib_0015;;;FR5000716;20250103;EcritureLib_0034;;9,80;0,00;D;;;
AT;Achats Tiime;;20250103;40100000;CompteLib_0011;FTILLER;TILLER;FR5000716;20250103;EcritureLib_0034;;0,00;58,80;C;;O;20250422
AT;Achats Tiime;;20250103;60100000;CompteLib_0024;;;25A211;20250103;EcritureLib_0066;;45,71;0,00;D;;;
AT;Achats Tiime;;20250103;44566000;CompteLib_0015;;;25A211;20250103;EcritureLib_0066;;2,51;0,00;D;;;
AT;Achats Tiime;;20250103;40100000;CompteLib_0011;401RESTA;RESTAURANT;25A211;20250103;EcritureLib_0066;;0,00;48,22;C;;;
AT;Achats Tiime;;20250103;60100000;CompteLib_0024;;;25A212;20250103;EcritureLib_0067;;4,10;0,00;D;;;
AT;Achats Tiime;;20250103;40100000;CompteLib_0011;401RESTA;RESTAURANT;25A212;20250103;EcritureLib_0067;;0,00;4,10;C;;C;20250422
AT;Achats Tiime;;20250104;60100000;CompteLib_0024;;;574028;20250104;EcritureLib_0042;;97,25;0,00;D;;;
AT;Achats Tiime;;20250104;44566000;CompteLib_0015;;;574028;20250104;EcritureLib_0042;;6,04;0,00;D;;;
AT;Achats Tiime;;20250104;40100000;CompteLib_0011;FPROMOCASH;PROMOCASH;574028;20250104;EcritureLib_0042;;0,00;103,29;C;;C;20250321
AT;Achats Tiime;;20250104;60100000;CompteLib_0024;;;62899;20250104;EcritureLib_0043;;212,78;0,00;D;;;
AT;Achats Tiime;;20250104;44566000;CompteLib_0015;;;62899;20250104;EcritureLib_0043;;11,70;0,00;D;;;
AT;Achats Tiime;;20250104;40100000;CompteLib_0011;FINTERRESTO;INTER RESTO;62899;20250104;EcritureLib_0043;;0,00;224,48;C;;AC;20251112
AT;Achats Tiime;;20250105;62260000;CompteLib_0028;;;FACT-20250101-11724;20250105;EcritureLib_0045;;211,00;0,00;D;;;
AT;Achats Tiime;;20250105;44566000;CompteLib_0015;;;FACT-20250101-11724;20250105;EcritureLib_0045;;42,20;0,00;D;;;
AT;Achats Tiime;;20250105;40100000;CompteLib_0011;FSTC;STC;FACT-20250101-11724;20250105;EcritureLib_0045;;0,00;253,20;C;;B;20250311
AT;Achats Tiime;;20250106;60630000;CompteLib_0029;;;25A60;20250106;EcritureLib_0068;;8,29;0,00;D;;;
AT;Achats Tiime;;20250106;44566000;CompteLib_0015;;;25A60;20250106;EcritureLib_0068;;1,66;0,00;D;;;
AT;Achats Tiime;;20250106;40100000;CompteLib_0011;FACTION;ACTION;25A60;20250106;EcritureLib_0068;;0,00;9,95;C;;C;20250221
AT;Achats Tiime;;20250108;60100000;CompteLib_0024;;;63647;20250108;EcritureLib_0069;;14,39;0,00;D;;;
AT;Achats Tiime;;20250108;44566000;CompteLib_0015;;;63647;20250108;EcritureLib_0069;;2,88;0,00;D;;;
AT;Achats Tiime;;20250108;40100000;CompteLib_0011;FINTERRESTO;INTER RESTO;63647;20250108;EcritureLib_0069;;0,00;17,27;C;;;
AT;Achats Tiime;;20250108;60100000;CompteLib_0024;;;574599;20250108;EcritureLib_0048;;7,92;0,00;D;;;
AT;Achats Tiime;;20250108;44566000;CompteLib_0015;;;574599;20250108;EcritureLib_0048;;0,44;0,00;D;;;
AT;Achats Tiime;;20250108;40100000;CompteLib_0011;FPROMOCASH;PROMOCASH;574599;20250108;EcritureLib_0048;;0,00;8,36;C;;;
AT;Achats Tiime;;20250108;60100000;CompteLib_0024;;;25A214;20250108;EcritureLib_0070;;33,18;0,00;D;;;
AT;Achats Tiime;;20250108;44566000;CompteLib_0015;;;25A214;20250108;EcritureLib_0070;;1,82;0,00;D;;;
AT;Achats Tiime;;20250108;40100000;CompteLib_0011;FSUPER;SUPER MARKET ;25A214;20250108;EcritureLib_0070;;0,00;35,00;C;;B;20250422
AT;Achats Tiime;;20250108;60100000;CompteLib_0024;;;63646;20250108;EcritureLib_0064;;11,60;0,00;D;;;
AT;Achats Tiime;;20250108;44566000;CompteLib_0015;;;63646;20250108;EcritureLib_0064;;0,64;0,00;D;;;
AT;Achats Tiime;;20250108;40100000;CompteLib_0011;FINTERRESTO;INTER RESTO;63646;20250108;EcritureLib_0064;;0,00;12,24;C;;;
AT;Achats Tiime;;20250109;60630000;CompteLib_0029;;;25A86;20250109;EcritureLib_0068;;4,74;0,00;D;;;
AT;Achats Tiime;;20250109;44566000;CompteLib_0015;;;25A86;20250109;EcritureLib_0068;;0,95;0,00;D;;;
AT;Achats Tiime;;20250109;40100000;CompteLib_0011;FACTION;ACTION;25A86;20250109;EcritureLib_0068;;0,00;5,69;C;;D;20250221
AT;Achats Tiime;;20250112;60100000;CompteLib_0024;;;25A216;20250112;EcritureLib_0040;;8,99;0,00;D;;;
AT;Achats Tiime;;20250112;40100000;CompteLib_0011;FABC;ABC;25A216;20250112;EcritureLib_0040;;0,00;8,99;C;;C;20250422
AT;Achats Tiime;;20250113;60100000;CompteLib_0024;;;64623;20250113;EcritureLib_0071;;89,23;0,00;D;;;
AT;Achats Tiime;;20250113;44566000;CompteLib_0015;;;64623;20250113;EcritureLib_0071;;4,91;0,00;D;;;
AT;Achats Tiime;;20250113;40100000;CompteLib_0011;FINTERRESTO;INTER RESTO;64623;20250113;EcritureLib_0071;;0,00;94,14;C;;;
AT;Achats Tiime;;20250113;60100000;CompteLib_0024;;;575389;20250113;EcritureLib_0042;;78,30;0,00;D;;;
AT;Achats Tiime;;20250113;44566000;CompteLib_0015;;;575389;20250113;EcritureLib_0042;;6,63;0,00;D;;;
AT;Achats Tiime;;20250113;40100000;CompteLib_0011;FPROMOCASH;PROMOCASH;575389;20250113;EcritureLib_0042;;0,00;84,93;C;;D;20250321
AT;Achats Tiime;;20250115;60100000;CompteLib_0024;;;4193266190/0272670;20250115;EcritureLib_0038;;8,46;0,00;D;;;
AT;Achats Tiime;;20250115;44566000;CompteLib_0015;;;4193266190/0272670;20250115;EcritureLib_0038;;0,47;0,00;D;;;
AT;Achats Tiime;;20250115;40100000;CompteLib_0011;FLIDL;LIDL;4193266190/0272670;20250115;EcritureLib_0038;;0,00;8,93;C;;H;20250221
AT;Achats Tiime;;20250115;60100000;CompteLib_0024;;;25A224;20250115;EcritureLib_0038;;8,14;0,00;D;;;
AT;Achats Tiime;;20250115;44566000;CompteLib_0015;;;25A224;20250115;EcritureLib_0038;;0,45;0,00;D;;;
AT;Achats Tiime;;20250115;40100000;CompteLib_0011;FLIDL;LIDL;25A224;20250115;EcritureLib_0038;;0,00;8,59;C;;;
AT;Achats Tiime;;20250117;60630000;CompteLib_0029;;;25A132;20250117;EcritureLib_0072;;74,97;0,00;D;;;
AT;Achats Tiime;;20250117;44566000;CompteLib_0015;;;25A132;20250117;EcritureLib_0072;;15,00;0,00;D;;;
AT;Achats Tiime;;20250117;40100000;CompteLib_0011;FCENTRAKOR;CENTRAKOR;25A132;20250117;EcritureLib_0072;;0,00;89,97;C;;B;20250321
AT;Achats Tiime;;20250118;60100000;CompteLib_0024;;;65424;20250118;EcritureLib_0073;;184,31;0,00;D;;;
AT;Achats Tiime;;20250118;44566000;CompteLib_0015;;;65424;20250118;EcritureLib_0073;;14,49;0,00;D;;;
AT;Achats Tiime;;20250118;40100000;CompteLib_0011;FINTERRESTO;INTER RESTO;65424;20250118;EcritureLib_0073;;0,00;198,80;C;;C;20250221
AT;Achats Tiime;;20250118;60630000;CompteLib_0029;;;25A134;20250118;EcritureLib_0072;;24,99;0,00;D;;;
AT;Achats Tiime;;20250118;44566000;CompteLib_0015;;;25A134;20250118;EcritureLib_0072;;5,00;0,00;D;;;
AT;Achats Tiime;;20250118;40100000;CompteLib_0011;FCENTRAKOR;CENTRAKOR;25A134;20250118;EcritureLib_0072;;0,00;29,99;C;;C;20250322
AT;Achats Tiime;;20250118;60100000;CompteLib_0024;;;576336;20250118;EcritureLib_0042;;46,28;0,00;D;;;
AT;Achats Tiime;;20250118;44566000;CompteLib_0015;;;576336;20250118;EcritureLib_0042;;2,55;0,00;D;;;
AT;Achats Tiime;;20250118;40100000;CompteLib_0011;FPROMOCASH;PROMOCASH;576336;20250118;EcritureLib_0042;;0,00;48,83;C;;E;20250321
AT;Achats Tiime;;20250118;60630000;CompteLib_0029;;;25A194;20250118;EcritureLib_0074;;56,56;0,00;D;;;
AT;Achats Tiime;;20250118;44566000;CompteLib_0015;;;25A194;20250118;EcritureLib_0074;;11,32;0,00;D;;;
AT;Achats Tiime;;20250118;40100000;CompteLib_0011;FLEROY;LEROY MERLIN;25A194;20250118;EcritureLib_0074;;0,00;67,88;C;;A;20250321
AT;Achats Tiime;;20250123;60100000;CompteLib_0024;;;25A205;20250123;EcritureLib_0075;;78,45;0,00;D;;;
AT;Achats Tiime;;20250123;44566000;CompteLib_0015;;;25A205;20250123;EcritureLib_0075;;4,32;0,00;D;;;
AT;Achats Tiime;;20250123;40100000;CompteLib_0011;FINTERRESTO;INTER RESTO;25A205;20250123;EcritureLib_0075;;0,00;82,77;C;;H;20250323
AT;Achats Tiime;;20250123;60100000;CompteLib_0024;;;577106;20250123;EcritureLib_0042;;38,48;0,00;D;;;
AT;Achats Tiime;;20250123;44566000;CompteLib_0015;;;577106;20250123;EcritureLib_0042;;2,12;0,00;D;;;
AT;Achats Tiime;;20250123;40100000;CompteLib_0011;FPROMOCASH;PROMOCASH;577106;20250123;EcritureLib_0042;;0,00;40,60;C;;F;20250321
AT;Achats Tiime;;20250124;60616000;CompteLib_0030;;;25A173;20250124;EcritureLib_0041;;33,37;0,00;D;;;
AT;Achats Tiime;;20250124;44566000;CompteLib_0015;;;25A173;20250124;EcritureLib_0041;;6,67;0,00;D;;;
AT;Achats Tiime;;20250124;40100000;CompteLib_0011;401CARBU;CARBURANT;25A173;20250124;EcritureLib_0041;;0,00;40,04;C;;H;20250221
AT;Achats Tiime;;20250124;60611000;CompteLib_0034;;;114004369191;20250124;EcritureLib_0059;;353,66;0,00;D;;;
AT;Achats Tiime;;20250124;44566000;CompteLib_0015;;;114004369191;20250124;EcritureLib_0059;;63,67;0,00;D;;;
AT;Achats Tiime;;20250124;40100000;CompteLib_0011;FTOTAL;TOTAL ENERGIES ;114004369191;20250124;EcritureLib_0059;;0,00;417,33;C;;D;20250613
AT;Achats Tiime;;20250125;60630000;CompteLib_0029;;;INV-5280;20250125;EcritureLib_0076;;23,08;0,00;D;;;
AT;Achats Tiime;;20250125;44566000;CompteLib_0015;;;INV-5280;20250125;EcritureLib_0076;;4,62;0,00;D;;;
AT;Achats Tiime;;20250125;40100000;CompteLib_0011;FSILUMEN;SILUMEN;INV-5280;20250125;EcritureLib_0076;;0,00;27,70;C;;;
AT;Achats Tiime;;20250129;60100000;CompteLib_0024;;;67324;20250129;EcritureLib_0077;;26,99;0,00;D;;;
AT;Achats Tiime;;20250129;44566000;CompteLib_0015;;;67324;20250129;EcritureLib_0077;;1,49;0,00;D;;;
AT;Achats Tiime;;20250129;40100000;CompteLib_0011;FINTERRESTO;INTER RESTO;67324;20250129;EcritureLib_0077;;0,00;28,48;C;;;
AT;Achats Tiime;;20250202;62600000;CompteLib_0031;;;1358477781;20250202;EcritureLib_0078;;73,09;0,00;D;;;
AT;Achats Tiime;;20250202;44566000;CompteLib_0015;;;1358477781;20250202;EcritureLib_0078;;14,61;0,00;D;;;
AT;Achats Tiime;;20250202;40100000;CompteLib_0011;FFREE;FREE;1358477781;20250202;EcritureLib_0078;;0,00;87,70;C;;F;20250729
AT;Achats Tiime;;20250203;60630000;CompteLib_0029;;;INV-27491;20250203;EcritureLib_0079;;33,58;0,00;D;;;
AT;Achats Tiime;;20250203;44566000;CompteLib_0015;;;INV-27491;20250203;EcritureLib_0079;;6,72;0,00;D;;;
AT;Achats Tiime;;20250203;40100000;CompteLib_0011;FSILAMP;SILAMP;INV-27491;20250203;EcritureLib_0079;;0,00;40,30;C;;;
AT;Achats Tiime;;20250203;61350100;CompteLib_0027;;;FR5008405;20250203;EcritureLib_0034;;49,00;0,00;D;;;
AT;Achats Tiime;;20250203;44566000;CompteLib_0015;;;FR5008405;20250203;EcritureLib_0034;;9,80;0,00;D;;;
AT;Achats Tiime;;20250203;40100000;CompteLib_0011;FTILLER;TILLER;FR5008405;20250203;EcritureLib_0034;;0,00;58,80;C;;P;20250422
AT;Achats Tiime;;20250204;61320000;CompteLib_0025;;;411C601;20250204;EcritureLib_0080;;816,51;0,00;D;;;
AT;Achats Tiime;;20250204;44566000;CompteLib_0015;;;411C601;20250204;EcritureLib_0080;;182,14;0,00;D;;;
AT;Achats Tiime;;20250204;40100000;CompteLib_0011;401LOYER;LOYERS ET CHARGES;411C601;20250204;EcritureLib_0080;;0,00;1092,86;C;;D;20250422
AT;Achats Tiime;;20250204;61400000;CompteLib_0026;;;411C601;20250204;EcritureLib_0080;;94,21;0,00;D;;;
AT;Achats Tiime;;20250205;62260000;CompteLib_0028;;;FACT-20250201-11922;20250205;EcritureLib_0035;;211,00;0,00;D;;;
AT;Achats Tiime;;20250205;44566000;CompteLib_0015;;;FACT-20250201-11922;20250205;EcritureLib_0035;;42,20;0,00;D;;;
AT;Achats Tiime;;20250205;40100000;CompteLib_0011;FSTC;STC;FACT-20250201-11922;20250205;EcritureLib_0035;;0,00;253,20;C;;G;20250311
AT;Achats Tiime;;20250208;60616000;CompteLib_0030;;;25B126;20250208;EcritureLib_0081;;50,03;0,00;D;;;
AT;Achats Tiime;;20250208;44566000;CompteLib_0015;;;25B126;20250208;EcritureLib_0081;;10,00;0,00;D;;;
AT;Achats Tiime;;20250208;40100000;CompteLib_0011;401CARBU;CARBURANT;25B126;20250208;EcritureLib_0081;;0,00;60,03;C;;J;20250321
AT;Achats Tiime;;20250210;60100000;CompteLib_0024;;;69589;20250210;EcritureLib_0043;;222,51;0,00;D;;;
AT;Achats Tiime;;20250210;44566000;CompteLib_0015;;;69589;20250210;EcritureLib_0043;;12,75;0,00;D;;;
AT;Achats Tiime;;20250210;40100000;CompteLib_0011;FINTERRESTO;INTER RESTO;69589;20250210;EcritureLib_0043;;0,00;235,26;C;;E;20250321
AT;Achats Tiime;;20250211;60100000;CompteLib_0024;;;4193090881701725701;20250211;EcritureLib_0032;;1,88;0,00;D;;;
AT;Achats Tiime;;20250211;44566000;CompteLib_0015;;;4193090881701725701;20250211;EcritureLib_0032;;0,10;0,00;D;;;
AT;Achats Tiime;;20250211;40100000;CompteLib_0011;FLIDL;LIDL;4193090881701725701;20250211;EcritureLib_0032;;0,00;1,98;C;;;
AT;Achats Tiime;;20250212;60100000;CompteLib_0024;;;0/0(138)0001/001938;20250212;EcritureLib_0056;;35,89;0,00;D;;;
AT;Achats Tiime;;20250212;44566000;CompteLib_0015;;;0/0(138)0001/001938;20250212;EcritureLib_0056;;1,97;0,00;D;;;
AT;Achats Tiime;;20250212;40100000;CompteLib_0011;FMETRO;METRO;0/0(138)0001/001938;20250212;EcritureLib_0056;;0,00;37,86;C;;F;20250221
AT;Achats Tiime;;20250215;60100000;CompteLib_0024;;;25B128;20250215;EcritureLib_0082;;6,31;0,00;D;;;
AT;Achats Tiime;;20250215;44566000;CompteLib_0015;;;25B128;20250215;EcritureLib_0082;;0,35;0,00;D;;;
AT;Achats Tiime;;20250215;40100000;CompteLib_0011;FLECLERC;LECLERC;25B128;20250215;EcritureLib_0082;;0,00;6,66;C;;;
AT;Achats Tiime;;20250218;60100000;CompteLib_0024;;;25B76;20250218;EcritureLib_0083;;11,85;0,00;D;;;
AT;Achats Tiime;;20250218;44566000;CompteLib_0015;;;25B76;20250218;EcritureLib_0083;;0,65;0,00;D;;;
AT;Achats Tiime;;20250218;40100000;CompteLib_0011;FDIALY;DIALY;25B76;20250218;EcritureLib_0083;;0,00;12,50;C;;A;20250321
AT;Achats Tiime;;20250220;60100000;CompteLib_0024;;;4193282431/02/23701;20250220;EcritureLib_0038;;6,19;0,00;D;;;
AT;Achats Tiime;;20250220;44566000;CompteLib_0015;;;4193282431/02/23701;20250220;EcritureLib_0038;;0,34;0,00;D;;;
AT;Achats Tiime;;20250220;40100000;CompteLib_0011;FLIDL;LIDL;4193282431/02/23701;20250220;EcritureLib_0038;;0,00;6,53;C;;I;20250321
AT;Achats Tiime;;20250221;61510000;CompteLib_0032;;;F-2025-2279;20250221;EcritureLib_0084;;35,42;0,00;D;;;
AT;Achats Tiime;;20250221;44566000;CompteLib_0015;;;F-2025-2279;20250221;EcritureLib_0084;;7,08;0,00;D;;;
AT;Achats Tiime;;20250221;40100000;CompteLib_0011;FPIECEAU;PIECES AU TOP;F-2025-2279;20250221;EcritureLib_0084;;0,00;42,50;C;;A;20250422
AT;Achats Tiime;;20250224;60100000;CompteLib_0024;;;25B129;20250224;EcritureLib_0085;;64,54;0,00;D;;;
AT;Achats Tiime;;20250224;44566000;CompteLib_0015;;;25B129;20250224;EcritureLib_0085;;3,55;0,00;D;;;
AT;Achats Tiime;;20250224;40100000;CompteLib_0011;FDIALY;DIALY;25B129;20250224;EcritureLib_0085;;0,00;68,09;C;;;
AT;Achats Tiime;;20250224;60611000;CompteLib_0034;;;101006272519;20250224;EcritureLib_0059;;364,05;0,00;D;;;
AT;Achats Tiime;;20250224;44566000;CompteLib_0015;;;101006272519;20250224;EcritureLib_0059;;65,60;0,00;D;;;
AT;Achats Tiime;;20250224;40100000;CompteLib_0011;FTOTAL;TOTAL ENERGIES ;101006272519;20250224;EcritureLib_0059;;0,00;429,65;C;;B;20250613
AT;Achats Tiime;;20250228;60100000;CompteLib_0024;;;73202;20250228;EcritureLib_0077;;133,13;0,00;D;;;
AT;Achats Tiime;;20250228;44566000;CompteLib_0015;;;73202;20250228;EcritureLib_0077;;7,32;0,00;D;;;
AT;Achats Tiime;;20250228;40100000;CompteLib_0011;FINTERRESTO;INTER RESTO;73202;20250228;EcritureLib_0077;;0,00;140,45;C;;N;20251015
AT;Achats Tiime;;20250228;60100000;CompteLib_0024;;;6852;20250228;EcritureLib_0064;;35,99;0,00;D;;;
AT;Achats Tiime;;20250228;44566000;CompteLib_0015;;;6852;20250228;EcritureLib_0064;;3,21;0,00;D;;;
AT;Achats Tiime;;20250228;40100000;CompteLib_0011;FINTERRESTO;INTER RESTO;6852;20250228;EcritureLib_0064;;0,00;39,20;C;;;
AT;Achats Tiime;;20250301;62260000;CompteLib_0028;;;FACT-20250301-12114;20250301;EcritureLib_0086;;211,00;0,00;D;;;
AT;Achats Tiime;;20250301;44566000;CompteLib_0015;;;FACT-20250301-12114;20250301;EcritureLib_0086;;42,20;0,00;D;;;
AT;Achats Tiime;;20250301;40100000;CompteLib_0011;FSTC;STC;FACT-20250301-12114;20250301;EcritureLib_0086;;0,00;253,20;C;;K;20250328
AT;Achats Tiime;;20250302;62600000;CompteLib_0031;;;1365895791;20250302;EcritureLib_0078;;25,00;0,00;D;;;
AT;Achats Tiime;;20250302;44566000;CompteLib_0015;;;1365895791;20250302;EcritureLib_0078;;4,99;0,00;D;;;
AT;Achats Tiime;;20250302;40100000;CompteLib_0011;FFREE;FREE;1365895791;20250302;EcritureLib_0078;;0,00;29,99;C;;B;20250729
AT;Achats Tiime;;20250303;61350100;CompteLib_0027;;;FR5015522;20250303;EcritureLib_0034;;49,00;0,00;D;;;
AT;Achats Tiime;;20250303;44566000;CompteLib_0015;;;FR5015522;20250303;EcritureLib_0034;;9,80;0,00;D;;;
AT;Achats Tiime;;20250303;40100000;CompteLib_0011;FTILLER;TILLER;FR5015522;20250303;EcritureLib_0034;;0,00;58,80;C;;Q;20250422
AT;Achats Tiime;;20250303;61320000;CompteLib_0025;;;25C130;20250303;EcritureLib_0087;;910,72;0,00;D;;;
AT;Achats Tiime;;20250303;44566000;CompteLib_0015;;;25C130;20250303;EcritureLib_0087;;182,14;0,00;D;;;
AT;Achats Tiime;;20250303;40100000;CompteLib_0011;401LOYER;LOYERS ET CHARGES;25C130;20250303;EcritureLib_0087;;0,00;1092,86;C;;;
AT;Achats Tiime;;20250311;60100000;CompteLib_0024;;;25C50;20250311;EcritureLib_0088;;21,79;0,00;D;;;
AT;Achats Tiime;;20250311;44566000;CompteLib_0015;;;25C50;20250311;EcritureLib_0088;;1,20;0,00;D;;;
AT;Achats Tiime;;20250311;40100000;CompteLib_0011;FBIZIM;BIZIM;25C50;20250311;EcritureLib_0088;;0,00;22,99;C;;A;20250321
AT;Achats Tiime;;20250315;60100000;CompteLib_0024;;;0/0(138)0002/007391;20250315;EcritureLib_0056;;86,28;0,00;D;;;
AT;Achats Tiime;;20250315;44566000;CompteLib_0015;;;0/0(138)0002/007391;20250315;EcritureLib_0056;;4,75;0,00;D;;;
AT;Achats Tiime;;20250315;40100000;CompteLib_0011;FMETRO;METRO;0/0(138)0002/007391;20250315;EcritureLib_0056;;0,00;91,03;C;;S;20250320
AT;Achats Tiime;;20250317;60100000;CompteLib_0024;;;25C68;20250317;EcritureLib_0083;;88,63;0,00;D;;;
AT;Achats Tiime;;20250317;44566000;CompteLib_0015;;;25C68;20250317;EcritureLib_0083;;5,26;0,00;D;;;
AT;Achats Tiime;;20250317;40100000;CompteLib_0011;FDIALY;DIALY;25C68;20250317;EcritureLib_0083;;0,00;93,89;C;;B;20250321
AT;Achats Tiime;;20250318;60100000;CompteLib_0024;;;77324;20250318;EcritureLib_0064;;29,39;0,00;D;;;
AT;Achats Tiime;;20250318;44566000;CompteLib_0015;;;77324;20250318;EcritureLib_0064;;3,41;0,00;D;;;
AT;Achats Tiime;;20250318;40100000;CompteLib_0011;FINTERRESTO;INTER RESTO;77324;20250318;EcritureLib_0064;;0,00;32,80;C;;;
AT;Achats Tiime;;20250318;60100000;CompteLib_0024;;;77287;20250318;EcritureLib_0043;;86,78;0,00;D;;;
AT;Achats Tiime;;20250318;44566000;CompteLib_0015;;;77287;20250318;EcritureLib_0043;;6,56;0,00;D;;;
AT;Achats Tiime;;20250318;40100000;CompteLib_0011;FINTERRESTO;INTER RESTO;77287;20250318;EcritureLib_0043;;0,00;93,34;C;;;
AT;Achats Tiime;;20250324;60611000;CompteLib_0034;;;129002190143;20250324;EcritureLib_0059;;308,32;0,00;D;;;
AT;Achats Tiime;;20250324;44566000;CompteLib_0015;;;129002190143;20250324;EcritureLib_0059;;54,46;0,00;D;;;
AT;Achats Tiime;;20250324;40100000;CompteLib_0011;FTOTAL;TOTAL ENERGIES ;129002190143;20250324;EcritureLib_0059;;0,00;362,78;C;;A;20250613
AT;Achats Tiime;;20250327;60100000;CompteLib_0024;;;79175;20250327;EcritureLib_0064;;173,36;0,00;D;;;
AT;Achats Tiime;;20250327;44566000;CompteLib_0015;;;79175;20250327;EcritureLib_0064;;9,82;0,00;D;;;
AT;Achats Tiime;;20250327;40100000;CompteLib_0011;FINTERRESTO;INTER RESTO;79175;20250327;EcritureLib_0064;;0,00;183,18;C;;;
AT;Achats Tiime;;20250402;60100000;CompteLib_0024;;;588453;20250402;EcritureLib_0042;;137,73;0,00;D;;;
AT;Achats Tiime;;20250402;44566000;CompteLib_0015;;;588453;20250402;EcritureLib_0042;;8,44;0,00;D;;;
AT;Achats Tiime;;20250402;40100000;CompteLib_0011;FPROMOCASH;PROMOCASH;588453;20250402;EcritureLib_0042;;0,00;146,17;C;;J;20250505
AT;Achats Tiime;;20250402;62600000;CompteLib_0031;;;1373480973;20250402;EcritureLib_0078;;25,00;0,00;D;;;
AT;Achats Tiime;;20250402;44566000;CompteLib_0015;;;1373480973;20250402;EcritureLib_0078;;4,99;0,00;D;;;
AT;Achats Tiime;;20250402;40100000;CompteLib_0011;FFREE;FREE;1373480973;20250402;EcritureLib_0078;;0,00;29,99;C;;C;20250729
AT;Achats Tiime;;20250403;61320000;CompteLib_0025;;;25D106;20250403;EcritureLib_0087;;910,72;0,00;D;;;
AT;Achats Tiime;;20250403;44566000;CompteLib_0015;;;25D106;20250403;EcritureLib_0087;;182,14;0,00;D;;;
AT;Achats Tiime;;20250403;40100000;CompteLib_0011;401LOYER;LOYERS ET CHARGES;25D106;20250403;EcritureLib_0087;;0,00;1092,86;C;;;
AT;Achats Tiime;;20250408;60100000;CompteLib_0024;;;589445;20250408;EcritureLib_0042;;158,44;0,00;D;;;
AT;Achats Tiime;;20250408;44566000;CompteLib_0015;;;589445;20250408;EcritureLib_0042;;9,84;0,00;D;;;
AT;Achats Tiime;;20250408;40100000;CompteLib_0011;FPROMOCASH;PROMOCASH;589445;20250408;EcritureLib_0042;;0,00;168,28;C;;H;20250505
AT;Achats Tiime;;20250408;60100000;CompteLib_0024;;;81623;20250408;EcritureLib_0089;;111,29;0,00;D;;;
AT;Achats Tiime;;20250408;44566000;CompteLib_0015;;;81623;20250408;EcritureLib_0089;;9,32;0,00;D;;;
AT;Achats Tiime;;20250408;40100000;CompteLib_0011;FINTERRESTO;INTER RESTO;81623;20250408;EcritureLib_0089;;0,00;120,61;C;;W;20251015
AT;Achats Tiime;;20250412;60100000;CompteLib_0024;;;82623;20250412;EcritureLib_0052;;186,02;0,00;D;;;
AT;Achats Tiime;;20250412;44566000;CompteLib_0015;;;82623;20250412;EcritureLib_0052;;10,23;0,00;D;;;
AT;Achats Tiime;;20250412;40100000;CompteLib_0011;FINTERRESTO;INTER RESTO;82623;20250412;EcritureLib_0052;;0,00;196,25;C;;V;20251015
AT;Achats Tiime;;20250414;60100000;CompteLib_0024;;;590432;20250414;EcritureLib_0042;;223,52;0,00;D;;;
AT;Achats Tiime;;20250414;44566000;CompteLib_0015;;;590432;20250414;EcritureLib_0042;;15,34;0,00;D;;;
AT;Achats Tiime;;20250414;40100000;CompteLib_0011;FPROMOCASH;PROMOCASH;590432;20250414;EcritureLib_0042;;0,00;238,86;C;;K;20250505
AT;Achats Tiime;;20250418;60100000;CompteLib_0024;;;591190;20250418;EcritureLib_0042;;239,56;0,00;D;;;
AT;Achats Tiime;;20250418;44566000;CompteLib_0015;;;591190;20250418;EcritureLib_0042;;13,66;0,00;D;;;
AT;Achats Tiime;;20250418;40100000;CompteLib_0011;FPROMOCASH;PROMOCASH;591190;20250418;EcritureLib_0042;;0,00;253,22;C;;I;20250505
AT;Achats Tiime;;20250424;60100000;CompteLib_0024;;;592097;20250424;EcritureLib_0042;;89,00;0,00;D;;;
AT;Achats Tiime;;20250424;44566000;CompteLib_0015;;;592097;20250424;EcritureLib_0042;;5,48;0,00;D;;;
AT;Achats Tiime;;20250424;40100000;CompteLib_0011;FPROMOCASH;PROMOCASH;592097;20250424;EcritureLib_0042;;0,00;94,48;C;;L;20250505
AT;Achats Tiime;;20250424;60611000;CompteLib_0034;;;122002603975;20250424;EcritureLib_0059;;299,86;0,00;D;;;
AT;Achats Tiime;;20250424;44566000;CompteLib_0015;;;122002603975;20250424;EcritureLib_0059;;52,77;0,00;D;;;
AT;Achats Tiime;;20250424;40100000;CompteLib_0011;FTOTAL;TOTAL ENERGIES ;122002603975;20250424;EcritureLib_0059;;0,00;352,63;C;;E;20250613
AT;Achats Tiime;;20250424;60100000;CompteLib_0024;;;84844;20250424;EcritureLib_0077;;146,06;0,00;D;;;
AT;Achats Tiime;;20250424;44566000;CompteLib_0015;;;84844;20250424;EcritureLib_0077;;11,61;0,00;D;;;
AT;Achats Tiime;;20250424;40100000;CompteLib_0011;FINTERRESTO;INTER RESTO;84844;20250424;EcritureLib_0077;;0,00;157,67;C;;M;20251015
AT;Achats Tiime;;20250430;60100000;CompteLib_0024;;;25D149;20250430;EcritureLib_0090;;28,44;0,00;D;;;
AT;Achats Tiime;;20250430;44566000;CompteLib_0015;;;25D149;20250430;EcritureLib_0090;;1,56;0,00;D;;;
AT;Achats Tiime;;20250430;40100000;CompteLib_0011;401RESTA;RESTAURANT;25D149;20250430;EcritureLib_0090;;0,00;30,00;C;;;
AT;Achats Tiime;;20250501;61320000;CompteLib_0025;;;25E1;20250501;EcritureLib_0087;;910,72;0,00;D;;;
AT;Achats Tiime;;20250501;44566000;CompteLib_0015;;;25E1;20250501;EcritureLib_0087;;182,14;0,00;D;;;
AT;Achats Tiime;;20250501;40100000;CompteLib_0011;401LOYER;LOYERS ET CHARGES;25E1;20250501;EcritureLib_0087;;0,00;1092,86;C;;;
AT;Achats Tiime;;20250502;60100000;CompteLib_0024;;;593427;20250502;EcritureLib_0042;;171,22;0,00;D;;;
AT;Achats Tiime;;20250502;44566000;CompteLib_0015;;;593427;20250502;EcritureLib_0042;;13,02;0,00;D;;;
AT;Achats Tiime;;20250502;40100000;CompteLib_0011;FPROMOCASH;PROMOCASH;593427;20250502;EcritureLib_0042;;0,00;184,24;C;;M;20250508
AT;Achats Tiime;;20250502;62600000;CompteLib_0031;;;1381035619;20250502;EcritureLib_0078;;25,00;0,00;D;;;
AT;Achats Tiime;;20250502;44566000;CompteLib_0015;;;1381035619;20250502;EcritureLib_0078;;4,99;0,00;D;;;
AT;Achats Tiime;;20250502;40100000;CompteLib_0011;FFREE;FREE;1381035619;20250502;EcritureLib_0078;;0,00;29,99;C;;D;20250729
AT;Achats Tiime;;20250502;60100000;CompteLib_0024;;;86187;20250502;EcritureLib_0064;;48,16;0,00;D;;;
AT;Achats Tiime;;20250502;44566000;CompteLib_0015;;;86187;20250502;EcritureLib_0064;;4,74;0,00;D;;;
AT;Achats Tiime;;20250502;40100000;CompteLib_0011;FINTERRESTO;INTER RESTO;86187;20250502;EcritureLib_0064;;0,00;52,90;C;;Y;20251112
AT;Achats Tiime;;20250507;60100000;CompteLib_0024;;;87310;20250507;EcritureLib_0064;;140,82;0,00;D;;;
AT;Achats Tiime;;20250507;44566000;CompteLib_0015;;;87310;20250507;EcritureLib_0064;;8,27;0,00;D;;;
AT;Achats Tiime;;20250507;40100000;CompteLib_0011;FINTERRESTO;INTER RESTO;87310;20250507;EcritureLib_0064;;0,00;149,09;C;;AA;20251112
AT;Achats Tiime;;20250510;60100000;CompteLib_0024;;;88008;20250510;EcritureLib_0064;;44,97;0,00;D;;;
AT;Achats Tiime;;20250510;44566000;CompteLib_0015;;;88008;20250510;EcritureLib_0064;;2,47;0,00;D;;;
AT;Achats Tiime;;20250510;40100000;CompteLib_0011;FINTERRESTO;INTER RESTO;88008;20250510;EcritureLib_0064;;0,00;47,44;C;;AB;20251112
AT;Achats Tiime;;20250514;60100000;CompteLib_0024;;;88863;20250514;EcritureLib_0052;;102,96;0,00;D;;;
AT;Achats Tiime;;20250514;44566000;CompteLib_0015;;;88863;20250514;EcritureLib_0052;;5,66;0,00;D;;;
AT;Achats Tiime;;20250514;40100000;CompteLib_0011;FINTERRESTO;INTER RESTO;88863;20250514;EcritureLib_0052;;0,00;108,62;C;;U;20251015
AT;Achats Tiime;;20250524;60611000;CompteLib_0034;;;131001993370;20250524;EcritureLib_0059;;288,23;0,00;D;;;
AT;Achats Tiime;;20250524;44566000;CompteLib_0015;;;131001993370;20250524;EcritureLib_0059;;50,44;0,00;D;;;
AT;Achats Tiime;;20250524;40100000;CompteLib_0011;FTOTAL;TOTAL ENERGIES ;131001993370;20250524;EcritureLib_0059;;0,00;338,67;C;;F;20250613
AT;Achats Tiime;;20250524;61320000;CompteLib_0025;;;F2550027;20250524;EcritureLib_0091;;55,55;0,00;D;;;
AT;Achats Tiime;;20250524;44566000;CompteLib_0015;;;F2550027;20250524;EcritureLib_0091;;11,11;0,00;D;;;
AT;Achats Tiime;;20250524;40100000;CompteLib_0011;FREBSALL;REBSALL;F2550027;20250524;EcritureLib_0091;;0,00;66,66;C;;;
AT;Achats Tiime;;20250602;62600000;CompteLib_0031;;;1388671411;20250602;EcritureLib_0078;;25,00;0,00;D;;;
AT;Achats Tiime;;20250602;44566000;CompteLib_0015;;;1388671411;20250602;EcritureLib_0078;;4,99;0,00;D;;;
AT;Achats Tiime;;20250602;40100000;CompteLib_0011;FFREE;FREE;1388671411;20250602;EcritureLib_0078;;0,00;29,99;C;;E;20250729
AT;Achats Tiime;;20250602;61320000;CompteLib_0025;;;25F15;20250602;EcritureLib_0087;;910,72;0,00;D;;;
AT;Achats Tiime;;20250602;44566000;CompteLib_0015;;;25F15;20250602;EcritureLib_0087;;182,14;0,00;D;;;
AT;Achats Tiime;;20250602;40100000;CompteLib_0011;401LOYER;LOYERS ET CHARGES;25F15;20250602;EcritureLib_0087;;0,00;1092,86;C;;;
AT;Achats Tiime;;20250602;60100000;CompteLib_0024;;;92244;20250602;EcritureLib_0043;;101,87;0,00;D;;;
AT;Achats Tiime;;20250602;44566000;CompteLib_0015;;;92244;20250602;EcritureLib_0043;;8,29;0,00;D;;;
AT;Achats Tiime;;20250602;40100000;CompteLib_0011;FINTERRESTO;INTER RESTO;92244;20250602;EcritureLib_0043;;0,00;110,16;C;;;
AT;Achats Tiime;;20250605;60100000;CompteLib_0024;;;93011;20250605;EcritureLib_0077;;152,20;0,00;D;;;
AT;Achats Tiime;;20250605;44566000;CompteLib_0015;;;93011;20250605;EcritureLib_0077;;11,21;0,00;D;;;
AT;Achats Tiime;;20250605;40100000;CompteLib_0011;FINTERRESTO;INTER RESTO;93011;20250605;EcritureLib_0077;;0,00;163,41;C;;L;20251015
AT;Achats Tiime;;20250609;60100000;CompteLib_0024;;;93693;20250609;EcritureLib_0073;;104,46;0,00;D;;;
AT;Achats Tiime;;20250609;44566000;CompteLib_0015;;;93693;20250609;EcritureLib_0073;;7,92;0,00;D;;;
AT;Achats Tiime;;20250609;40100000;CompteLib_0011;FINTERRESTO;INTER RESTO;93693;20250609;EcritureLib_0073;;0,00;112,38;C;;Q;20251015
AT;Achats Tiime;;20250611;60100000;CompteLib_0024;;;600416;20250611;EcritureLib_0042;;274,01;0,00;D;;;
AT;Achats Tiime;;20250611;44566000;CompteLib_0015;;;600416;20250611;EcritureLib_0042;;15,58;0,00;D;;;
AT;Achats Tiime;;20250611;40100000;CompteLib_0011;FPROMOCASH;PROMOCASH;600416;20250611;EcritureLib_0042;;0,00;289,59;C;;N;20250617
AT;Achats Tiime;;20250611;60100000;CompteLib_0024;;;94125;20250611;EcritureLib_0064;;148,64;0,00;D;;;
AT;Achats Tiime;;20250611;44566000;CompteLib_0015;;;94125;20250611;EcritureLib_0064;;8,18;0,00;D;;;
AT;Achats Tiime;;20250611;40100000;CompteLib_0011;FINTERRESTO;INTER RESTO;94125;20250611;EcritureLib_0064;;0,00;156,82;C;;;
AT;Achats Tiime;;20250616;60611000;CompteLib_0034;;;109005215887;20250616;EcritureLib_0059;;224,41;0,00;D;;;
AT;Achats Tiime;;20250616;44566000;CompteLib_0015;;;109005215887;20250616;EcritureLib_0059;;46,28;0,00;D;;;
AT;Achats Tiime;;20250616;40100000;CompteLib_0011;FTOTAL;TOTAL ENERGIES ;109005215887;20250616;EcritureLib_0059;;0,00;270,69;C;;G;20250704
AT;Achats Tiime;;20250617;60100000;CompteLib_0024;;;601461;20250617;EcritureLib_0042;;128,74;0,00;D;;;
AT;Achats Tiime;;20250617;44566000;CompteLib_0015;;;601461;20250617;EcritureLib_0042;;10,46;0,00;D;;;
AT;Achats Tiime;;20250617;40100000;CompteLib_0011;FPROMOCASH;PROMOCASH;601461;20250617;EcritureLib_0042;;0,00;139,20;C;;P;20250625
AT;Achats Tiime;;20250617;60100000;CompteLib_0024;;;95015;20250617;EcritureLib_0052;;113,75;0,00;D;;;
AT;Achats Tiime;;20250617;44566000;CompteLib_0015;;;95015;20250617;EcritureLib_0052;;8,34;0,00;D;;;
AT;Achats Tiime;;20250617;40100000;CompteLib_0011;FINTERRESTO;INTER RESTO;95015;20250617;EcritureLib_0052;;0,00;122,09;C;;T;20251015
AT;Achats Tiime;;20250619;60100000;CompteLib_0024;;;602002;20250619;EcritureLib_0042;;30,49;0,00;D;;;
AT;Achats Tiime;;20250619;44566000;CompteLib_0015;;;602002;20250619;EcritureLib_0042;;1,68;0,00;D;;;
AT;Achats Tiime;;20250619;40100000;CompteLib_0011;FPROMOCASH;PROMOCASH;602002;20250619;EcritureLib_0042;;0,00;32,17;C;;O;20250625
AT;Achats Tiime;;20250619;60100000;CompteLib_0024;;;95404;20250619;EcritureLib_0043;;98,63;0,00;D;;;
AT;Achats Tiime;;20250619;44566000;CompteLib_0015;;;95404;20250619;EcritureLib_0043;;5,42;0,00;D;;;
AT;Achats Tiime;;20250619;40100000;CompteLib_0011;FINTERRESTO;INTER RESTO;95404;20250619;EcritureLib_0043;;0,00;104,05;C;;K;20251015
AT;Achats Tiime;;20250621;60611000;CompteLib_0034;;;20040745856;20250621;EcritureLib_0092;;39,14;0,00;D;;;
AT;Achats Tiime;;20250621;44566000;CompteLib_0015;;;20040745856;20250621;EcritureLib_0092;;6,43;0,00;D;;;
AT;Achats Tiime;;20250621;40100000;CompteLib_0011;FENGIE;ENGIE;20040745856;20250621;EcritureLib_0092;;0,00;45,57;C;;A;20250729
AT;Achats Tiime;;20250623;60100000;CompteLib_0024;;;602630;20250623;EcritureLib_0042;;268,06;0,00;D;;;
AT;Achats Tiime;;20250623;44566000;CompteLib_0015;;;602630;20250623;EcritureLib_0042;;17,38;0,00;D;;;
AT;Achats Tiime;;20250623;40100000;CompteLib_0011;FPROMOCASH;PROMOCASH;602630;20250623;EcritureLib_0042;;0,00;285,44;C;;Q;20250627
AT;Achats Tiime;;20250628;60100000;CompteLib_0024;;;603836;20250628;EcritureLib_0042;;172,13;0,00;D;;;
AT;Achats Tiime;;20250628;44566000;CompteLib_0015;;;603836;20250628;EcritureLib_0042;;11,80;0,00;D;;;
AT;Achats Tiime;;20250628;40100000;CompteLib_0011;FPROMOCASH;PROMOCASH;603836;20250628;EcritureLib_0042;;0,00;183,93;C;;R;20250704
AT;Achats Tiime;;20250628;60100000;CompteLib_0024;;;96910;20250628;EcritureLib_0077;;132,02;0,00;D;;;
AT;Achats Tiime;;20250628;44566000;CompteLib_0015;;;96910;20250628;EcritureLib_0077;;9,05;0,00;D;;;
AT;Achats Tiime;;20250628;40100000;CompteLib_0011;FINTERRESTO;INTER RESTO;96910;20250628;EcritureLib_0077;;0,00;141,07;C;;J;20251015
AT;Achats Tiime;;20250628;60100000;CompteLib_0024;;;96911;20250628;EcritureLib_0043;;5,04;0,00;D;;;
AT;Achats Tiime;;20250628;44566000;CompteLib_0015;;;96911;20250628;EcritureLib_0043;;1,01;0,00;D;;;
AT;Achats Tiime;;20250628;40100000;CompteLib_0011;FINTERRESTO;INTER RESTO;96911;20250628;EcritureLib_0043;;0,00;6,05;C;;P;20251015
AT;Achats Tiime;;20250702;62600000;CompteLib_0031;;;1396235809;20250702;EcritureLib_0078;;25,00;0,00;D;;;
AT;Achats Tiime;;20250702;44566000;CompteLib_0015;;;1396235809;20250702;EcritureLib_0078;;4,99;0,00;D;;;
AT;Achats Tiime;;20250702;40100000;CompteLib_0011;FFREE;FREE;1396235809;20250702;EcritureLib_0078;;0,00;29,99;C;;G;20250729
AT;Achats Tiime;;20250702;60100000;CompteLib_0024;;;604483;20250702;EcritureLib_0042;;256,90;0,00;D;;;
AT;Achats Tiime;;20250702;44566000;CompteLib_0015;;;604483;20250702;EcritureLib_0042;;16,81;0,00;D;;;
AT;Achats Tiime;;20250702;40100000;CompteLib_0011;FPROMOCASH;PROMOCASH;604483;20250702;EcritureLib_0042;;0,00;273,71;C;;U;20250729
AT;Achats Tiime;;20250702;60100000;CompteLib_0024;;;97626;20250702;EcritureLib_0064;;117,64;0,00;D;;;
AT;Achats Tiime;;20250702;44566000;CompteLib_0015;;;97626;20250702;EcritureLib_0064;;6,47;0,00;D;;;
AT;Achats Tiime;;20250702;40100000;CompteLib_0011;FINTERRESTO;INTER RESTO;97626;20250702;EcritureLib_0064;;0,00;124,11;C;;Z;20251112
AT;Achats Tiime;;20250703;61320000;CompteLib_0025;;;25G22;20250703;EcritureLib_0087;;910,72;0,00;D;;;
AT;Achats Tiime;;20250703;44566000;CompteLib_0015;;;25G22;20250703;EcritureLib_0087;;182,14;0,00;D;;;
AT;Achats Tiime;;20250703;40100000;CompteLib_0011;401LOYER;LOYERS ET CHARGES;25G22;20250703;EcritureLib_0087;;0,00;1092,86;C;;;
AT;Achats Tiime;;20250703;61350100;CompteLib_0027;;;FA-00021895;20250703;EcritureLib_0093;;58,33;0,00;D;;;
AT;Achats Tiime;;20250703;44566000;CompteLib_0015;;;FA-00021895;20250703;EcritureLib_0093;;11,67;0,00;D;;;
AT;Achats Tiime;;20250703;40100000;CompteLib_0011;FTOP;TOP CAISSE;FA-00021895;20250703;EcritureLib_0093;;0,00;70,00;C;;B;20251015
AT;Achats Tiime;;20250703;61350100;CompteLib_0027;;;FA-00022171;20250703;EcritureLib_0093;;59,00;0,00;D;;;
AT;Achats Tiime;;20250703;44566000;CompteLib_0015;;;FA-00022171;20250703;EcritureLib_0093;;11,80;0,00;D;;;
AT;Achats Tiime;;20250703;40100000;CompteLib_0011;FTOP;TOP CAISSE;FA-00022171;20250703;EcritureLib_0093;;0,00;70,80;C;;A;20251015
AT;Achats Tiime;;20250705;60100000;CompteLib_0024;;;98363;20250705;EcritureLib_0052;;218,75;0,00;D;;;
AT;Achats Tiime;;20250705;44566000;CompteLib_0015;;;98363;20250705;EcritureLib_0052;;14,56;0,00;D;;;
AT;Achats Tiime;;20250705;40100000;CompteLib_0011;FINTERRESTO;INTER RESTO;98363;20250705;EcritureLib_0052;;0,00;233,31;C;;S;20251015
AT;Achats Tiime;;20250708;60100000;CompteLib_0024;;;448517;20250708;EcritureLib_0038;;11,18;0,00;D;;;
AT;Achats Tiime;;20250708;44566000;CompteLib_0015;;;448517;20250708;EcritureLib_0038;;0,62;0,00;D;;;
AT;Achats Tiime;;20250708;40100000;CompteLib_0011;FLIDL;LIDL;448517;20250708;EcritureLib_0038;;0,00;11,80;C;;;
AT;Achats Tiime;;20250709;60100000;CompteLib_0024;;;605741;20250709;EcritureLib_0042;;111,90;0,00;D;;;
AT;Achats Tiime;;20250709;44566000;CompteLib_0015;;;605741;20250709;EcritureLib_0042;;6,15;0,00;D;;;
AT;Achats Tiime;;20250709;40100000;CompteLib_0011;FPROMOCASH;PROMOCASH;605741;20250709;EcritureLib_0042;;0,00;118,05;C;;;
AT;Achats Tiime;;20250709;60100000;CompteLib_0024;;;98972;20250709;EcritureLib_0064;;210,27;0,00;D;;;
AT;Achats Tiime;;20250709;44566000;CompteLib_0015;;;98972;20250709;EcritureLib_0064;;16,33;0,00;D;;;
AT;Achats Tiime;;20250709;40100000;CompteLib_0011;FINTERRESTO;INTER RESTO;98972;20250709;EcritureLib_0064;;0,00;226,60;C;;X;20251112
AT;Achats Tiime;;20250712;60100000;CompteLib_0024;;;606347;20250712;EcritureLib_0042;;224,58;0,00;D;;;
AT;Achats Tiime;;20250712;44566000;CompteLib_0015;;;606347;20250712;EcritureLib_0042;;13,66;0,00;D;;;
AT;Achats Tiime;;20250712;40100000;CompteLib_0011;FPROMOCASH;PROMOCASH;606347;20250712;EcritureLib_0042;;0,00;238,24;C;;T;20250729
AT;Achats Tiime;;20250712;60100000;CompteLib_0024;;;99520;20250712;EcritureLib_0064;;214,13;0,00;D;;;
AT;Achats Tiime;;20250712;44566000;CompteLib_0015;;;99520;20250712;EcritureLib_0064;;12,97;0,00;D;;;
AT;Achats Tiime;;20250712;40100000;CompteLib_0011;FINTERRESTO;INTER RESTO;99520;20250712;EcritureLib_0064;;0,00;227,10;C;;F;20251112
AT;Achats Tiime;;20250715;60100000;CompteLib_0024;;;606657;20250715;EcritureLib_0042;;106,52;0,00;D;;;
AT;Achats Tiime;;20250715;44566000;CompteLib_0015;;;606657;20250715;EcritureLib_0042;;8,27;0,00;D;;;
AT;Achats Tiime;;20250715;40100000;CompteLib_0011;FPROMOCASH;PROMOCASH;606657;20250715;EcritureLib_0042;;0,00;114,79;C;;S;20250729
AT;Achats Tiime;;20250715;60100000;CompteLib_0024;;;100152;20250715;EcritureLib_0077;;400,29;0,00;D;;;
AT;Achats Tiime;;20250715;44566000;CompteLib_0015;;;100152;20250715;EcritureLib_0077;;24,11;0,00;D;;;
AT;Achats Tiime;;20250715;40100000;CompteLib_0011;FINTERRESTO;INTER RESTO;100152;20250715;EcritureLib_0077;;0,00;424,40;C;;;
AT;Achats Tiime;;20250721;60611000;CompteLib_0034;;;520001686859;20250721;EcritureLib_0092;;274,88;0,00;D;;;
AT;Achats Tiime;;20250721;44566000;CompteLib_0015;;;520001686859;20250721;EcritureLib_0092;;47,99;0,00;D;;;
AT;Achats Tiime;;20250721;40100000;CompteLib_0011;FENGIE;ENGIE;520001686859;20250721;EcritureLib_0092;;0,00;322,87;C;;B;20250807
AT;Achats Tiime;;20250721;60100000;CompteLib_0024;;;100979;20250721;EcritureLib_0043;;436,74;0,00;D;;;
AT;Achats Tiime;;20250721;44566000;CompteLib_0015;;;100979;20250721;EcritureLib_0043;;28,26;0,00;D;;;
AT;Achats Tiime;;20250721;40100000;CompteLib_0011;FINTERRESTO;INTER RESTO;100979;20250721;EcritureLib_0043;;0,00;465,00;C;;;
AT;Achats Tiime;;20250726;60100000;CompteLib_0024;;;101876;20250726;EcritureLib_0043;;216,18;0,00;D;;;
AT;Achats Tiime;;20250726;44566000;CompteLib_0015;;;101876;20250726;EcritureLib_0043;;16,34;0,00;D;;;
AT;Achats Tiime;;20250726;40100000;CompteLib_0011;FINTERRESTO;INTER RESTO;101876;20250726;EcritureLib_0043;;0,00;232,52;C;;I;20251015
AT;Achats Tiime;;20250728;60100000;CompteLib_0024;;;608504;20250728;EcritureLib_0042;;83,39;0,00;D;;;
AT;Achats Tiime;;20250728;44566000;CompteLib_0015;;;608504;20250728;EcritureLib_0042;;6,11;0,00;D;;;
AT;Achats Tiime;;20250728;40100000;CompteLib_0011;FPROMOCASH;PROMOCASH;608504;20250728;EcritureLib_0042;;0,00;89,50;C;;V;20250801
AT;Achats Tiime;;20250728;60100000;CompteLib_0024;;;102059;20250728;EcritureLib_0043;;127,06;0,00;D;;;
AT;Achats Tiime;;20250728;44566000;CompteLib_0015;;;102059;20250728;EcritureLib_0043;;9,82;0,00;D;;;
AT;Achats Tiime;;20250728;40100000;CompteLib_0011;FINTERRESTO;INTER RESTO;102059;20250728;EcritureLib_0043;;0,00;136,88;C;;R;20251015
AT;Achats Tiime;;20250801;60100000;CompteLib_0024;;;609201;20250801;EcritureLib_0042;;101,99;0,00;D;;;
AT;Achats Tiime;;20250801;44566000;CompteLib_0015;;;609201;20250801;EcritureLib_0042;;5,96;0,00;D;;;
AT;Achats Tiime;;20250801;40100000;CompteLib_0011;FPROMOCASH;PROMOCASH;609201;20250801;EcritureLib_0042;;0,00;107,95;C;;;
AT;Achats Tiime;;20250801;60100000;CompteLib_0024;;;102802;20250801;EcritureLib_0064;;251,02;0,00;D;;;
AT;Achats Tiime;;20250801;44566000;CompteLib_0015;;;102802;20250801;EcritureLib_0064;;19,74;0,00;D;;;
AT;Achats Tiime;;20250801;40100000;CompteLib_0011;FINTERRESTO;INTER RESTO;102802;20250801;EcritureLib_0064;;0,00;270,76;C;;O;20251015
AT;Achats Tiime;;20250802;62600000;CompteLib_0031;;;1403763357;20250802;EcritureLib_0078;;25,00;0,00;D;;;
AT;Achats Tiime;;20250802;44566000;CompteLib_0015;;;1403763357;20250802;EcritureLib_0078;;4,99;0,00;D;;;
AT;Achats Tiime;;20250802;40100000;CompteLib_0011;FFREE;FREE;1403763357;20250802;EcritureLib_0078;;0,00;29,99;C;;;
AT;Achats Tiime;;20250803;61320000;CompteLib_0025;;;F2580042;20250803;EcritureLib_0087;;910,72;0,00;D;;;
AT;Achats Tiime;;20250803;44566000;CompteLib_0015;;;F2580042;20250803;EcritureLib_0087;;182,14;0,00;D;;;
AT;Achats Tiime;;20250803;40100000;CompteLib_0011;401LOYER;LOYERS ET CHARGES;F2580042;20250803;EcritureLib_0087;;0,00;1092,86;C;;;
AT;Achats Tiime;;20250804;60100000;CompteLib_0024;;;609464;20250804;EcritureLib_0042;;80,05;0,00;D;;;
AT;Achats Tiime;;20250804;44566000;CompteLib_0015;;;609464;20250804;EcritureLib_0042;;4,75;0,00;D;;;
AT;Achats Tiime;;20250804;40100000;CompteLib_0011;FPROMOCASH;PROMOCASH;609464;20250804;EcritureLib_0042;;0,00;84,80;C;;;
AT;Achats Tiime;;20250804;60100000;CompteLib_0024;;;103320;20250804;EcritureLib_0043;;285,98;0,00;D;;;
AT;Achats Tiime;;20250804;44566000;CompteLib_0015;;;103320;20250804;EcritureLib_0043;;21,15;0,00;D;;;
AT;Achats Tiime;;20250804;40100000;CompteLib_0011;FINTERRESTO;INTER RESTO;103320;20250804;EcritureLib_0043;;0,00;307,13;C;;;
AT;Achats Tiime;;20250808;60100000;CompteLib_0024;;;609988;20250808;EcritureLib_0042;;130,28;0,00;D;;;
AT;Achats Tiime;;20250808;44566000;CompteLib_0015;;;609988;20250808;EcritureLib_0042;;9,19;0,00;D;;;
AT;Achats Tiime;;20250808;40100000;CompteLib_0011;FPROMOCASH;PROMOCASH;609988;20250808;EcritureLib_0042;;0,00;139,47;C;;;
AT;Achats Tiime;;20250808;60100000;CompteLib_0024;;;104131;20250808;EcritureLib_0043;;90,35;0,00;D;;;
AT;Achats Tiime;;20250808;44566000;CompteLib_0015;;;104131;20250808;EcritureLib_0043;;5,59;0,00;D;;;
AT;Achats Tiime;;20250808;40100000;CompteLib_0011;FINTERRESTO;INTER RESTO;104131;20250808;EcritureLib_0043;;0,00;95,94;C;;;
AT;Achats Tiime;;20250811;60100000;CompteLib_0024;;;610259;20250811;EcritureLib_0042;;175,74;0,00;D;;;
AT;Achats Tiime;;20250811;44566000;CompteLib_0015;;;610259;20250811;EcritureLib_0042;;10,01;0,00;D;;;
AT;Achats Tiime;;20250811;40100000;CompteLib_0011;FPROMOCASH;PROMOCASH;610259;20250811;EcritureLib_0042;;0,00;185,75;C;;;
AT;Achats Tiime;;20250811;60100000;CompteLib_0024;;;104624;20250811;EcritureLib_0043;;108,00;0,00;D;;;
AT;Achats Tiime;;20250811;44566000;CompteLib_0015;;;104624;20250811;EcritureLib_0043;;5,94;0,00;D;;;
AT;Achats Tiime;;20250811;40100000;CompteLib_0011;FINTERRESTO;INTER RESTO;104624;20250811;EcritureLib_0043;;0,00;113,94;C;;;
AT;Achats Tiime;;20250816;60100000;CompteLib_0024;;;610814;20250816;EcritureLib_0042;;159,47;0,00;D;;;
AT;Achats Tiime;;20250816;44566000;CompteLib_0015;;;610814;20250816;EcritureLib_0042;;9,37;0,00;D;;;
AT;Achats Tiime;;20250816;40100000;CompteLib_0011;FPROMOCASH;PROMOCASH;610814;20250816;EcritureLib_0042;;0,00;168,84;C;;;
AT;Achats Tiime;;20250816;60100000;CompteLib_0024;;;105399;20250816;EcritureLib_0043;;167,44;0,00;D;;;
AT;Achats Tiime;;20250816;44566000;CompteLib_0015;;;105399;20250816;EcritureLib_0043;;13,88;0,00;D;;;
AT;Achats Tiime;;20250816;40100000;CompteLib_0011;FINTERRESTO;INTER RESTO;105399;20250816;EcritureLib_0043;;0,00;181,32;C;;;
AT;Achats Tiime;;20250820;60100000;CompteLib_0024;;;611202;20250820;EcritureLib_0042;;198,85;0,00;D;;;
AT;Achats Tiime;;20250820;44566000;CompteLib_0015;;;611202;20250820;EcritureLib_0042;;10,94;0,00;D;;;
AT;Achats Tiime;;20250820;40100000;CompteLib_0011;FPROMOCASH;PROMOCASH;611202;20250820;EcritureLib_0042;;0,00;209,79;C;;;
AT;Achats Tiime;;20250820;60100000;CompteLib_0024;;;105972;20250820;EcritureLib_0077;;119,79;0,00;D;;;
AT;Achats Tiime;;20250820;44566000;CompteLib_0015;;;105972;20250820;EcritureLib_0077;;6,59;0,00;D;;;
AT;Achats Tiime;;20250820;40100000;CompteLib_0011;FINTERRESTO;INTER RESTO;105972;20250820;EcritureLib_0077;;0,00;126,38;C;;;
AT;Achats Tiime;;20250821;60611000;CompteLib_0034;;;220008810220;20250821;EcritureLib_0092;;279,36;0,00;D;;;
AT;Achats Tiime;;20250821;44566000;CompteLib_0015;;;220008810220;20250821;EcritureLib_0092;;52,84;0,00;D;;;
AT;Achats Tiime;;20250821;40100000;CompteLib_0011;FENGIE;ENGIE;220008810220;20250821;EcritureLib_0092;;0,00;332,20;C;;;
AT;Achats Tiime;;20250823;60100000;CompteLib_0024;;;611641;20250823;EcritureLib_0042;;196,33;0,00;D;;;
AT;Achats Tiime;;20250823;44566000;CompteLib_0015;;;611641;20250823;EcritureLib_0042;;11,52;0,00;D;;;
AT;Achats Tiime;;20250823;40100000;CompteLib_0011;FPROMOCASH;PROMOCASH;611641;20250823;EcritureLib_0042;;0,00;207,85;C;;;
AT;Achats Tiime;;20250823;60100000;CompteLib_0024;;;106443;20250823;EcritureLib_0064;;209,30;0,00;D;;;
AT;Achats Tiime;;20250823;44566000;CompteLib_0015;;;106443;20250823;EcritureLib_0064;;20,07;0,00;D;;;
AT;Achats Tiime;;20250823;40100000;CompteLib_0011;FINTERRESTO;INTER RESTO;106443;20250823;EcritureLib_0064;;0,00;229,37;C;;;
AT;Achats Tiime;;20250827;60100000;CompteLib_0024;;;612236;20250827;EcritureLib_0042;;195,46;0,00;D;;;
AT;Achats Tiime;;20250827;44566000;CompteLib_0015;;;612236;20250827;EcritureLib_0042;;11,10;0,00;D;;;
AT;Achats Tiime;;20250827;40100000;CompteLib_0011;FPROMOCASH;PROMOCASH;612236;20250827;EcritureLib_0042;;0,00;206,56;C;;;
AT;Achats Tiime;;20250827;60100000;CompteLib_0024;;;107206;20250827;EcritureLib_0043;;129,14;0,00;D;;;
AT;Achats Tiime;;20250827;44566000;CompteLib_0015;;;107206;20250827;EcritureLib_0043;;8,03;0,00;D;;;
AT;Achats Tiime;;20250827;40100000;CompteLib_0011;FINTERRESTO;INTER RESTO;107206;20250827;EcritureLib_0043;;0,00;137,17;C;;;
AT;Achats Tiime;;20250830;60100000;CompteLib_0024;;;612811;20250830;EcritureLib_0042;;171,88;0,00;D;;;
AT;Achats Tiime;;20250830;44566000;CompteLib_0015;;;612811;20250830;EcritureLib_0042;;9,80;0,00;D;;;
AT;Achats Tiime;;20250830;40100000;CompteLib_0011;FPROMOCASH;PROMOCASH;612811;20250830;EcritureLib_0042;;0,00;181,68;C;;;
AT;Achats Tiime;;20250830;60100000;CompteLib_0024;;;107639;20250830;EcritureLib_0077;;89,19;0,00;D;;;
AT;Achats Tiime;;20250830;40100000;CompteLib_0011;FINTERRESTO;INTER RESTO;107639;20250830;EcritureLib_0077;;0,00;89,19;C;;;
AT;Achats Tiime;;20250901;60100000;CompteLib_0024;;;108148;20250901;EcritureLib_0073;;431,05;0,00;D;;;
AT;Achats Tiime;;20250901;44566000;CompteLib_0015;;;108148;20250901;EcritureLib_0073;;25,80;0,00;D;;;
AT;Achats Tiime;;20250901;40100000;CompteLib_0011;FINTERRESTO;INTER RESTO;108148;20250901;EcritureLib_0073;;0,00;456,85;C;;;
AT;Achats Tiime;;20250901;61320000;CompteLib_0025;;;25I2;20250901;EcritureLib_0087;;910,72;0,00;D;;;
AT;Achats Tiime;;20250901;44566000;CompteLib_0015;;;25I2;20250901;EcritureLib_0087;;182,14;0,00;D;;;
AT;Achats Tiime;;20250901;40100000;CompteLib_0011;401LOYER;LOYERS ET CHARGES;25I2;20250901;EcritureLib_0087;;0,00;1092,86;C;;;
AT;Achats Tiime;;20250902;62600000;CompteLib_0031;;;1411343404;20250902;EcritureLib_0078;;25,00;0,00;D;;;
AT;Achats Tiime;;20250902;44566000;CompteLib_0015;;;1411343404;20250902;EcritureLib_0078;;4,99;0,00;D;;;
AT;Achats Tiime;;20250902;40100000;CompteLib_0011;FFREE;FREE;1411343404;20250902;EcritureLib_0078;;0,00;29,99;C;;;
AT;Achats Tiime;;20250904;60100000;CompteLib_0024;;;613634;20250904;EcritureLib_0042;;403,74;0,00;D;;;
AT;Achats Tiime;;20250904;44566000;CompteLib_0015;;;613634;20250904;EcritureLib_0042;;29,64;0,00;D;;;
AT;Achats Tiime;;20250904;40100000;CompteLib_0011;FPROMOCASH;PROMOCASH;613634;20250904;EcritureLib_0042;;0,00;433,38;C;;;
AT;Achats Tiime;;20250904;60100000;CompteLib_0024;;;108536;20250904;EcritureLib_0064;;98,29;0,00;D;;;
AT;Achats Tiime;;20250904;44566000;CompteLib_0015;;;108536;20250904;EcritureLib_0064;;10,83;0,00;D;;;
AT;Achats Tiime;;20250904;40100000;CompteLib_0011;FINTERRESTO;INTER RESTO;108536;20250904;EcritureLib_0064;;0,00;109,12;C;;;
AT;Achats Tiime;;20250908;60100000;CompteLib_0024;;;25I6;20250908;EcritureLib_0038;;3,81;0,00;D;;;
AT;Achats Tiime;;20250908;44566000;CompteLib_0015;;;25I6;20250908;EcritureLib_0038;;0,22;0,00;D;;;
AT;Achats Tiime;;20250908;40100000;CompteLib_0011;FLIDL;LIDL;25I6;20250908;EcritureLib_0038;;0,00;4,03;C;;;
AT;Achats Tiime;;20250910;60100000;CompteLib_0024;;;615118;20250910;EcritureLib_0042;;242,65;0,00;D;;;
AT;Achats Tiime;;20250910;44566000;CompteLib_0015;;;615118;20250910;EcritureLib_0042;;16,99;0,00;D;;;
AT;Achats Tiime;;20250910;40100000;CompteLib_0011;FPROMOCASH;PROMOCASH;615118;20250910;EcritureLib_0042;;0,00;259,64;C;;;
AT;Achats Tiime;;20250910;60100000;CompteLib_0024;;;11476;20250910;EcritureLib_0077;;193,39;0,00;D;;;
AT;Achats Tiime;;20250910;44566000;CompteLib_0015;;;11476;20250910;EcritureLib_0077;;12,66;0,00;D;;;
AT;Achats Tiime;;20250910;40100000;CompteLib_0011;FINTERRESTO;INTER RESTO;11476;20250910;EcritureLib_0077;;0,00;206,05;C;;;
AT;Achats Tiime;;20250915;60100000;CompteLib_0024;;;615954;20250915;EcritureLib_0042;;147,72;0,00;D;;;
AT;Achats Tiime;;20250915;44566000;CompteLib_0015;;;615954;20250915;EcritureLib_0042;;9,99;0,00;D;;;
AT;Achats Tiime;;20250915;40100000;CompteLib_0011;FPROMOCASH;PROMOCASH;615954;20250915;EcritureLib_0042;;0,00;157,71;C;;;
AT;Achats Tiime;;20250915;60100000;CompteLib_0024;;;110687;20250915;EcritureLib_0073;;236,70;0,00;D;;;
AT;Achats Tiime;;20250915;44566000;CompteLib_0015;;;110687;20250915;EcritureLib_0073;;18,13;0,00;D;;;
AT;Achats Tiime;;20250915;40100000;CompteLib_0011;FINTERRESTO;INTER RESTO;110687;20250915;EcritureLib_0073;;0,00;254,83;C;;;
AT;Achats Tiime;;20250920;60100000;CompteLib_0024;;;111533;20250920;EcritureLib_0043;;206,80;0,00;D;;;
AT;Achats Tiime;;20250920;44566000;CompteLib_0015;;;111533;20250920;EcritureLib_0043;;13,55;0,00;D;;;
AT;Achats Tiime;;20250920;40100000;CompteLib_0011;FINTERRESTO;INTER RESTO;111533;20250920;EcritureLib_0043;;0,00;220,35;C;;;
AT;Achats Tiime;;20250920;60100000;CompteLib_0024;;;616958;20250920;EcritureLib_0042;;264,40;0,00;D;;;
AT;Achats Tiime;;20250920;44566000;CompteLib_0015;;;616958;20250920;EcritureLib_0042;;15,61;0,00;D;;;
AT;Achats Tiime;;20250920;40100000;CompteLib_0011;FPROMOCASH;PROMOCASH;616958;20250920;EcritureLib_0042;;0,00;280,01;C;;;
AT;Achats Tiime;;20250922;60611000;CompteLib_0034;;;320008149556;20250922;EcritureLib_0092;;297,81;0,00;D;;;
AT;Achats Tiime;;20250922;44566000;CompteLib_0015;;;320008149556;20250922;EcritureLib_0092;;59,56;0,00;D;;;
AT;Achats Tiime;;20250922;40100000;CompteLib_0011;FENGIE;ENGIE;320008149556;20250922;EcritureLib_0092;;0,00;357,37;C;;;
AT;Achats Tiime;;20250924;60100000;CompteLib_0024;;;617473;20250924;EcritureLib_0042;;262,62;0,00;D;;;
AT;Achats Tiime;;20250924;44566000;CompteLib_0015;;;617473;20250924;EcritureLib_0042;;14,79;0,00;D;;;
AT;Achats Tiime;;20250924;40100000;CompteLib_0011;FPROMOCASH;PROMOCASH;617473;20250924;EcritureLib_0042;;0,00;277,41;C;;;
AT;Achats Tiime;;20250924;60100000;CompteLib_0024;;;112264;20250924;EcritureLib_0064;;136,61;0,00;D;;;
AT;Achats Tiime;;20250924;44566000;CompteLib_0015;;;112264;20250924;EcritureLib_0064;;10,34;0,00;D;;;
AT;Achats Tiime;;20250924;40100000;CompteLib_0011;FINTERRESTO;INTER RESTO;112264;20250924;EcritureLib_0064;;0,00;146,95;C;;;
AT;Achats Tiime;;20250927;60100000;CompteLib_0024;;;12004;20250927;EcritureLib_0064;;93,12;0,00;D;;;
AT;Achats Tiime;;20250927;44566000;CompteLib_0015;;;12004;20250927;EcritureLib_0064;;7,83;0,00;D;;;
AT;Achats Tiime;;20250927;40100000;CompteLib_0011;FINTERRESTO;INTER RESTO;12004;20250927;EcritureLib_0064;;0,00;100,95;C;;;
AT;Achats Tiime;;20250927;60100000;CompteLib_0024;;;618154;20250927;EcritureLib_0042;;237,87;0,00;D;;;
AT;Achats Tiime;;20250927;44566000;CompteLib_0015;;;618154;20250927;EcritureLib_0042;;13,80;0,00;D;;;
AT;Achats Tiime;;20250927;40100000;CompteLib_0011;FPROMOCASH;PROMOCASH;618154;20250927;EcritureLib_0042;;0,00;251,67;C;;;
CM;Banque CM;;20241001;51180000;CompteLib_0035;;;24J1;20241001;EcritureLib_0094;;0,00;82,50;C;;;
CM;Banque CM;;20241001;51200000;CompteLib_0020;;;24J1;20241001;EcritureLib_0094;;82,50;0,00;D;;;
CM;Banque CM;;20241001;62700000;CompteLib_0036;;;24J2;20241001;EcritureLib_0095;;0,52;0,00;D;;;
CM;Banque CM;;20241001;51200000;CompteLib_0020;;;24J2;20241001;EcritureLib_0095;;0,00;0,52;C;;;
CM;Banque CM;;20241002;62700000;CompteLib_0036;;;24J5;20241002;EcritureLib_0096;;8,58;0,00;D;;;
CM;Banque CM;;20241002;51200000;CompteLib_0020;;;24J5;20241002;EcritureLib_0096;;0,00;8,58;C;;;
CM;Banque CM;;20241002;62700000;CompteLib_0036;;;24J6;20241002;EcritureLib_0097;;0,14;0,00;D;;;
CM;Banque CM;;20241002;51200000;CompteLib_0020;;;24J6;20241002;EcritureLib_0097;;0,00;0,14;C;;;
CM;Banque CM;;20241002;62700000;CompteLib_0036;;;24J7;20241002;EcritureLib_0097;;0,71;0,00;D;;;
CM;Banque CM;;20241002;51200000;CompteLib_0020;;;24J7;20241002;EcritureLib_0097;;0,00;0,71;C;;;
CM;Banque CM;;20241002;51180000;CompteLib_0035;;;24J8;20241002;EcritureLib_0098;;0,00;110,00;C;;;
CM;Banque CM;;20241002;51200000;CompteLib_0020;;;24J8;20241002;EcritureLib_0098;;110,00;0,00;D;;;
CM;Banque CM;;20241002;51180000;CompteLib_0035;;;24J9;20241002;EcritureLib_0098;;0,00;23,50;C;;;
CM;Banque CM;;20241002;51200000;CompteLib_0020;;;24J9;20241002;EcritureLib_0098;;23,50;0,00;D;;;
CM;Banque CM;;20241002;51120000;CompteLib_0037;;;24J10;20241002;EcritureLib_0099;;0,00;22,27;C;;;
CM;Banque CM;;20241002;51200000;CompteLib_0020;;;24J10;20241002;EcritureLib_0099;;22,27;0,00;D;;;
CM;Banque CM;;20241002;40100000;CompteLib_0011;401POSTE;LA POSTE;24J11;20241002;EcritureLib_0100;;10,99;0,00;D;;;
CM;Banque CM;;20241002;51200000;CompteLib_0020;;;24J11;20241002;EcritureLib_0100;;0,00;10,99;C;;;
CM;Banque CM;;20241002;40100000;CompteLib_0011;401POSTE;LA POSTE;24J12;20241002;EcritureLib_0100;;4,99;0,00;D;;;
CM;Banque CM;;20241002;51200000;CompteLib_0020;;;24J12;20241002;EcritureLib_0100;;0,00;4,99;C;;;
CM;Banque CM;;20241002;62700000;CompteLib_0036;;;24J13;20241002;EcritureLib_0101;;22,14;0,00;D;;;
CM;Banque CM;;20241002;51200000;CompteLib_0020;;;24J13;20241002;EcritureLib_0101;;0,00;22,14;C;;;
CM;Banque CM;;20241003;40100000;CompteLib_0011;FMETRO;METRO;24J14;20241003;EcritureLib_0102;;313,17;0,00;D;;;
CM;Banque CM;;20241003;51200000;CompteLib_0020;;;24J14;20241003;EcritureLib_0102;;0,00;313,17;C;;;
CM;Banque CM;;20241003;61600000;CompteLib_0038;;;24J15;20241003;EcritureLib_0103;;21,86;0,00;D;;;
CM;Banque CM;;20241003;51200000;CompteLib_0020;;;24J15;20241003;EcritureLib_0103;;0,00;21,86;C;;;
CM;Banque CM;;20241003;62700000;CompteLib_0036;;;24J16;20241003;EcritureLib_0104;;0,24;0,00;D;;;
CM;Banque CM;;20241003;51200000;CompteLib_0020;;;24J16;20241003;EcritureLib_0104;;0,00;0,24;C;;;
CM;Banque CM;;20241003;62700000;CompteLib_0036;;;24J17;20241003;EcritureLib_0104;;0,97;0,00;D;;;
CM;Banque CM;;20241003;51200000;CompteLib_0020;;;24J17;20241003;EcritureLib_0104;;0,00;0,97;C;;;
CM;Banque CM;;20241003;51180000;CompteLib_0035;;;24J18;20241003;EcritureLib_0105;;0,00;138,50;C;;;
CM;Banque CM;;20241003;51200000;CompteLib_0020;;;24J18;20241003;EcritureLib_0105;;138,50;0,00;D;;;
CM;Banque CM;;20241003;51180000;CompteLib_0035;;;24J19;20241003;EcritureLib_0105;;0,00;39,50;C;;;
CM;Banque CM;;20241003;51200000;CompteLib_0020;;;24J19;20241003;EcritureLib_0105;;39,50;0,00;D;;;
CM;Banque CM;;20241003;51120000;CompteLib_0037;;;24J20;20241003;EcritureLib_0106;;0,00;93,10;C;;;
CM;Banque CM;;20241003;51200000;CompteLib_0020;;;24J20;20241003;EcritureLib_0106;;93,10;0,00;D;;;
CM;Banque CM;;20241003;70180100;CompteLib_0039;;;24J21;20241003;EcritureLib_0107;;0,00;35,26;C;;;
CM;Banque CM;;20241003;44571100;CompteLib_0016;;;24J21;20241003;EcritureLib_0107;;0,00;3,53;C;;;
CM;Banque CM;;20241003;51200000;CompteLib_0020;;;24J21;20241003;EcritureLib_0107;;38,79;0,00;D;;;
CM;Banque CM;;20241003;51120000;CompteLib_0037;;;24J22;20241003;EcritureLib_0108;;0,00;113,79;C;;;
CM;Banque CM;;20241003;51200000;CompteLib_0020;;;24J22;20241003;EcritureLib_0108;;113,79;0,00;D;;;
CM;Banque CM;;20241003;51120000;CompteLib_0037;;;24J23;20241003;EcritureLib_0109;;0,00;25,16;C;;;
CM;Banque CM;;20241003;51200000;CompteLib_0020;;;24J23;20241003;EcritureLib_0109;;25,16;0,00;D;;;
CM;Banque CM;;20241003;70180300;CompteLib_0040;;;24J24;20241003;EcritureLib_0110;;0,00;20,36;C;;;
CM;Banque CM;;20241003;44571100;CompteLib_0016;;;24J24;20241003;EcritureLib_0110;;0,00;2,04;C;;;
CM;Banque CM;;20241003;51200000;CompteLib_0020;;;24J24;20241003;EcritureLib_0110;;22,40;0,00;D;;;
CM;Banque CM;;20241003;51120000;CompteLib_0037;;;24J25;20241003;EcritureLib_0111;;0,00;22,37;C;;;
CM;Banque CM;;20241003;51200000;CompteLib_0020;;;24J25;20241003;EcritureLib_0111;;22,37;0,00;D;;;
CM;Banque CM;;20241004;51180000;CompteLib_0035;;;24J27;20241004;EcritureLib_0112;;0,00;49,50;C;;;
CM;Banque CM;;20241004;51200000;CompteLib_0020;;;24J27;20241004;EcritureLib_0112;;49,50;0,00;D;;;
CM;Banque CM;;20241004;51180000;CompteLib_0035;;;24J28;20241004;EcritureLib_0112;;0,00;109,00;C;;;
CM;Banque CM;;20241004;51200000;CompteLib_0020;;;24J28;20241004;EcritureLib_0112;;109,00;0,00;D;;;
CM;Banque CM;;20241004;62700000;CompteLib_0036;;;24J29;20241004;EcritureLib_0113;;0,59;0,00;D;;;
CM;Banque CM;;20241004;51200000;CompteLib_0020;;;24J29;20241004;EcritureLib_0113;;0,00;0,59;C;;;
CM;Banque CM;;20241004;62700000;CompteLib_0036;;;24J30;20241004;EcritureLib_0113;;0,33;0,00;D;;;
CM;Banque CM;;20241004;51200000;CompteLib_0020;;;24J30;20241004;EcritureLib_0113;;0,00;0,33;C;;;
CM;Banque CM;;20241007;64400000;CompteLib_0041;;;24J31;20241007;EcritureLib_0114;;1350,00;0,00;D;;;
CM;Banque CM;;20241007;51200000;CompteLib_0020;;;24J31;20241007;EcritureLib_0114;;0,00;1350,00;C;;;
CM;Banque CM;;20241007;43100000;CompteLib_0042;;;24J32;20241007;EcritureLib_0115;;673,00;0,00;D;;;
CM;Banque CM;;20241007;51200000;CompteLib_0020;;;24J32;20241007;EcritureLib_0115;;0,00;673,00;C;;;
CM;Banque CM;;20241007;40100000;CompteLib_0011;FTILLER;TILLER;24J33;20241007;EcritureLib_0116;;58,80;0,00;D;;L;20250422
CM;Banque CM;;20241007;51200000;CompteLib_0020;;;24J33;20241007;EcritureLib_0116;;0,00;58,80;C;;;
CM;Banque CM;;20241007;51180000;CompteLib_0035;;;24J34;20241007;EcritureLib_0117;;0,00;153,50;C;;;
CM;Banque CM;;20241007;51200000;CompteLib_0020;;;24J34;20241007;EcritureLib_0117;;153,50;0,00;D;;;
CM;Banque CM;;20241007;51180000;CompteLib_0035;;;24J35;20241007;EcritureLib_0118;;0,00;92,00;C;;;
CM;Banque CM;;20241007;51200000;CompteLib_0020;;;24J35;20241007;EcritureLib_0118;;92,00;0,00;D;;;
CM;Banque CM;;20241007;62700000;CompteLib_0036;;;24J36;20241007;EcritureLib_0119;;0,71;0,00;D;;;
CM;Banque CM;;20241007;51200000;CompteLib_0020;;;24J36;20241007;EcritureLib_0119;;0,00;0,71;C;;;
CM;Banque CM;;20241007;62700000;CompteLib_0036;;;24J37;20241007;EcritureLib_0120;;0,85;0,00;D;;;
CM;Banque CM;;20241007;51200000;CompteLib_0020;;;24J37;20241007;EcritureLib_0120;;0,00;0,85;C;;;
CM;Banque CM;;20241007;40100000;CompteLib_0011;401LOYER;LOYERS ET CHARGES;24J38;20241007;EcritureLib_0121;;1000,87;0,00;D;;;
CM;Banque CM;;20241007;51200000;CompteLib_0020;;;24J38;20241007;EcritureLib_0121;;0,00;1000,87;C;;;
CM;Banque CM;;20241007;51180000;CompteLib_0035;;;24J39;20241007;EcritureLib_0122;;0,00;67,50;C;;;
CM;Banque CM;;20241007;51200000;CompteLib_0020;;;24J39;20241007;EcritureLib_0122;;67,50;0,00;D;;;
CM;Banque CM;;20241007;51180000;CompteLib_0035;;;24J40;20241007;EcritureLib_0122;;0,00;60,50;C;;;
CM;Banque CM;;20241007;51200000;CompteLib_0020;;;24J40;20241007;EcritureLib_0122;;60,50;0,00;D;;;
CM;Banque CM;;20241007;62700000;CompteLib_0036;;;24J41;20241007;EcritureLib_0123;;0,37;0,00;D;;;
CM;Banque CM;;20241007;51200000;CompteLib_0020;;;24J41;20241007;EcritureLib_0123;;0,00;0,37;C;;;
CM;Banque CM;;20241007;62700000;CompteLib_0036;;;24J42;20241007;EcritureLib_0123;;0,37;0,00;D;;;
CM;Banque CM;;20241007;51200000;CompteLib_0020;;;24J42;20241007;EcritureLib_0123;;0,00;0,37;C;;;
CM;Banque CM;;20241007;70180200;CompteLib_0043;;;24J43;20241007;EcritureLib_0124;;0,00;6,89;C;;;
CM;Banque CM;;20241007;44571100;CompteLib_0016;;;24J43;20241007;EcritureLib_0124;;0,00;0,69;C;;;
CM;Banque CM;;20241007;51200000;CompteLib_0020;;;24J43;20241007;EcritureLib_0124;;7,58;0,00;D;;;
CM;Banque CM;;20241008;51180000;CompteLib_0035;;;24J44;20241008;EcritureLib_0125;;0,00;46,50;C;;;
CM;Banque CM;;20241008;51200000;CompteLib_0020;;;24J44;20241008;EcritureLib_0125;;46,50;0,00;D;;;
CM;Banque CM;;20241008;51180000;CompteLib_0035;;;24J45;20241008;EcritureLib_0125;;0,00;62,50;C;;;
CM;Banque CM;;20241008;51200000;CompteLib_0020;;;24J45;20241008;EcritureLib_0125;;62,50;0,00;D;;;
CM;Banque CM;;20241008;62700000;CompteLib_0036;;;24J46;20241008;EcritureLib_0126;;0,43;0,00;D;;;
CM;Banque CM;;20241008;51200000;CompteLib_0020;;;24J46;20241008;EcritureLib_0126;;0,00;0,43;C;;;
CM;Banque CM;;20241008;62700000;CompteLib_0036;;;24J47;20241008;EcritureLib_0126;;0,32;0,00;D;;;
CM;Banque CM;;20241008;51200000;CompteLib_0020;;;24J47;20241008;EcritureLib_0126;;0,00;0,32;C;;;
CM;Banque CM;;20241009;40100000;CompteLib_0011;FTOTAL;TOTAL ENERGIES ;24J166;20241009;EcritureLib_0127;;250,48;0,00;D;;;
CM;Banque CM;;20241009;51200000;CompteLib_0020;;;24J166;20241009;EcritureLib_0127;;0,00;250,48;C;;;
CM;Banque CM;;20241009;51180000;CompteLib_0035;;;24J50;20241009;EcritureLib_0128;;0,00;12,50;C;;;
CM;Banque CM;;20241009;51200000;CompteLib_0020;;;24J50;20241009;EcritureLib_0128;;12,50;0,00;D;;;
CM;Banque CM;;20241009;51180000;CompteLib_0035;;;24J51;20241009;EcritureLib_0128;;0,00;159,00;C;;;
CM;Banque CM;;20241009;51200000;CompteLib_0020;;;24J51;20241009;EcritureLib_0128;;159,00;0,00;D;;;
CM;Banque CM;;20241009;62700000;CompteLib_0036;;;24J52;20241009;EcritureLib_0129;;1,25;0,00;D;;;
CM;Banque CM;;20241009;51200000;CompteLib_0020;;;24J52;20241009;EcritureLib_0129;;0,00;1,25;C;;;
CM;Banque CM;;20241009;62700000;CompteLib_0036;;;24J53;20241009;EcritureLib_0129;;0,08;0,00;D;;;
CM;Banque CM;;20241009;51200000;CompteLib_0020;;;24J53;20241009;EcritureLib_0129;;0,00;0,08;C;;;
CM;Banque CM;;20241010;51120000;CompteLib_0037;;;24J55;20241010;EcritureLib_0130;;0,00;22,55;C;;;
CM;Banque CM;;20241010;51200000;CompteLib_0020;;;24J55;20241010;EcritureLib_0130;;22,55;0,00;D;;;
CM;Banque CM;;20241010;51120000;CompteLib_0037;;;24J56;20241010;EcritureLib_0131;;0,00;32,44;C;;;
CM;Banque CM;;20241010;51200000;CompteLib_0020;;;24J56;20241010;EcritureLib_0131;;32,44;0,00;D;;;
CM;Banque CM;;20241010;70180100;CompteLib_0039;;;24J57;20241010;EcritureLib_0132;;0,00;35,24;C;;;
CM;Banque CM;;20241010;44571100;CompteLib_0016;;;24J57;20241010;EcritureLib_0132;;0,00;3,52;C;;;
CM;Banque CM;;20241010;51200000;CompteLib_0020;;;24J57;20241010;EcritureLib_0132;;38,76;0,00;D;;;
CM;Banque CM;;20241010;51180000;CompteLib_0035;;;24J58;20241010;EcritureLib_0133;;0,00;170,00;C;;;
CM;Banque CM;;20241010;51200000;CompteLib_0020;;;24J58;20241010;EcritureLib_0133;;170,00;0,00;D;;;
CM;Banque CM;;20241010;51180000;CompteLib_0035;;;24J59;20241010;EcritureLib_0133;;0,00;65,00;C;;;
CM;Banque CM;;20241010;51200000;CompteLib_0020;;;24J59;20241010;EcritureLib_0133;;65,00;0,00;D;;;
CM;Banque CM;;20241010;62700000;CompteLib_0036;;;24J60;20241010;EcritureLib_0134;;0,36;0,00;D;;;
CM;Banque CM;;20241010;51200000;CompteLib_0020;;;24J60;20241010;EcritureLib_0134;;0,00;0,36;C;;;
CM;Banque CM;;20241010;62700000;CompteLib_0036;;;24J61;20241010;EcritureLib_0134;;1,27;0,00;D;;;
CM;Banque CM;;20241010;51200000;CompteLib_0020;;;24J61;20241010;EcritureLib_0134;;0,00;1,27;C;;;
CM;Banque CM;;20241010;40100000;CompteLib_0011;FMETRO;METRO;24J62;20241010;EcritureLib_0135;;480,31;0,00;D;;C;20241107
CM;Banque CM;;20241010;51200000;CompteLib_0020;;;24J62;20241010;EcritureLib_0135;;0,00;480,31;C;;;
CM;Banque CM;;20241011;51180000;CompteLib_0035;;;24J63;20241011;EcritureLib_0136;;0,00;108,00;C;;;
CM;Banque CM;;20241011;51200000;CompteLib_0020;;;24J63;20241011;EcritureLib_0136;;108,00;0,00;D;;;
CM;Banque CM;;20241011;51180000;CompteLib_0035;;;24J64;20241011;EcritureLib_0136;;0,00;5,00;C;;;
CM;Banque CM;;20241011;51200000;CompteLib_0020;;;24J64;20241011;EcritureLib_0136;;5,00;0,00;D;;;
CM;Banque CM;;20241011;62700000;CompteLib_0036;;;24J65;20241011;EcritureLib_0137;;0,05;0,00;D;;;
CM;Banque CM;;20241011;51200000;CompteLib_0020;;;24J65;20241011;EcritureLib_0137;;0,00;0,05;C;;;
CM;Banque CM;;20241011;62700000;CompteLib_0036;;;24J66;20241011;EcritureLib_0137;;0,76;0,00;D;;;
CM;Banque CM;;20241011;51200000;CompteLib_0020;;;24J66;20241011;EcritureLib_0137;;0,00;0,76;C;;;
CM;Banque CM;;20241014;70180200;CompteLib_0043;;;24J67;20241014;EcritureLib_0138;;0,00;81,51;C;;;
CM;Banque CM;;20241014;44571100;CompteLib_0016;;;24J67;20241014;EcritureLib_0138;;0,00;8,15;C;;;
CM;Banque CM;;20241014;51200000;CompteLib_0020;;;24J67;20241014;EcritureLib_0138;;89,66;0,00;D;;;
CM;Banque CM;;20241014;62700000;CompteLib_0036;;;24J68;20241014;EcritureLib_0139;;1,35;0,00;D;;;
CM;Banque CM;;20241014;51200000;CompteLib_0020;;;24J68;20241014;EcritureLib_0139;;0,00;1,35;C;;;
CM;Banque CM;;20241014;62700000;CompteLib_0036;;;24J69;20241014;EcritureLib_0140;;0,13;0,00;D;;;
CM;Banque CM;;20241014;51200000;CompteLib_0020;;;24J69;20241014;EcritureLib_0140;;0,00;0,13;C;;;
CM;Banque CM;;20241014;62700000;CompteLib_0036;;;24J70;20241014;EcritureLib_0140;;0,52;0,00;D;;;
CM;Banque CM;;20241014;51200000;CompteLib_0020;;;24J70;20241014;EcritureLib_0140;;0,00;0,52;C;;;
CM;Banque CM;;20241014;62700000;CompteLib_0036;;;24J71;20241014;EcritureLib_0139;;0,20;0,00;D;;;
CM;Banque CM;;20241014;51200000;CompteLib_0020;;;24J71;20241014;EcritureLib_0139;;0,00;0,20;C;;;
CM;Banque CM;;20241014;51180000;CompteLib_0035;;;24J72;20241014;EcritureLib_0141;;0,00;30,00;C;;;
CM;Banque CM;;20241014;51200000;CompteLib_0020;;;24J72;20241014;EcritureLib_0141;;30,00;0,00;D;;;
CM;Banque CM;;20241014;51180000;CompteLib_0035;;;24J73;20241014;EcritureLib_0142;;0,00;90,50;C;;;
CM;Banque CM;;20241014;51200000;CompteLib_0020;;;24J73;20241014;EcritureLib_0142;;90,50;0,00;D;;;
CM;Banque CM;;20241014;51180000;CompteLib_0035;;;24J74;20241014;EcritureLib_0142;;0,00;19,00;C;;;
CM;Banque CM;;20241014;51200000;CompteLib_0020;;;24J74;20241014;EcritureLib_0142;;19,00;0,00;D;;;
CM;Banque CM;;20241014;51180000;CompteLib_0035;;;24J75;20241014;EcritureLib_0141;;0,00;173,50;C;;;
CM;Banque CM;;20241014;51200000;CompteLib_0020;;;24J75;20241014;EcritureLib_0141;;173,50;0,00;D;;;
CM;Banque CM;;20241015;62600000;CompteLib_0031;;;24J76;20241015;EcritureLib_0143;;28,32;0,00;D;;;
CM;Banque CM;;20241015;44566000;CompteLib_0015;;;24J76;20241015;EcritureLib_0143;;5,67;0,00;D;;;
CM;Banque CM;;20241015;51200000;CompteLib_0020;;;24J76;20241015;EcritureLib_0143;;0,00;33,99;C;;;
CM;Banque CM;;20241015;51180000;CompteLib_0035;;;24J77;20241015;EcritureLib_0144;;0,00;63,50;C;;;
CM;Banque CM;;20241015;51200000;CompteLib_0020;;;24J77;20241015;EcritureLib_0144;;63,50;0,00;D;;;
CM;Banque CM;;20241015;51180000;CompteLib_0035;;;24J78;20241015;EcritureLib_0144;;0,00;118,50;C;;;
CM;Banque CM;;20241015;51200000;CompteLib_0020;;;24J78;20241015;EcritureLib_0144;;118,50;0,00;D;;;
CM;Banque CM;;20241015;62700000;CompteLib_0036;;;24J79;20241015;EcritureLib_0145;;0,82;0,00;D;;;
CM;Banque CM;;20241015;51200000;CompteLib_0020;;;24J79;20241015;EcritureLib_0145;;0,00;0,82;C;;;
CM;Banque CM;;20241015;62700000;CompteLib_0036;;;24J80;20241015;EcritureLib_0145;;0,35;0,00;D;;;
CM;Banque CM;;20241015;51200000;CompteLib_0020;;;24J80;20241015;EcritureLib_0145;;0,00;0,35;C;;;
CM;Banque CM;;20241015;40100000;CompteLib_0011;FEURO;EURO INFORMATION;24J81;20241015;EcritureLib_0146;;68,40;0,00;D;;E;20250422
CM;Banque CM;;20241015;51200000;CompteLib_0020;;;24J81;20241015;EcritureLib_0146;;0,00;68,40;C;;;
CM;Banque CM;;20241016;51180000;CompteLib_0035;;;24J82;20241016;EcritureLib_0147;;0,00;241,00;C;;;
CM;Banque CM;;20241016;51200000;CompteLib_0020;;;24J82;20241016;EcritureLib_0147;;241,00;0,00;D;;;
CM;Banque CM;;20241016;62700000;CompteLib_0036;;;24J83;20241016;EcritureLib_0148;;1,77;0,00;D;;;
CM;Banque CM;;20241016;51200000;CompteLib_0020;;;24J83;20241016;EcritureLib_0148;;0,00;1,77;C;;;
CM;Banque CM;;20241017;70180300;CompteLib_0040;;;24J86;20241017;EcritureLib_0149;;0,00;8,73;C;;;
CM;Banque CM;;20241017;44571100;CompteLib_0016;;;24J86;20241017;EcritureLib_0149;;0,00;0,87;C;;;
CM;Banque CM;;20241017;51200000;CompteLib_0020;;;24J86;20241017;EcritureLib_0149;;9,60;0,00;D;;;
CM;Banque CM;;20241017;51120000;CompteLib_0037;;;24J87;20241017;EcritureLib_0150;;0,00;8,97;C;;;
CM;Banque CM;;20241017;51200000;CompteLib_0020;;;24J87;20241017;EcritureLib_0150;;8,97;0,00;D;;;
CM;Banque CM;;20241017;70180100;CompteLib_0039;;;24J88;20241017;EcritureLib_0151;;0,00;30,75;C;;;
CM;Banque CM;;20241017;44571100;CompteLib_0016;;;24J88;20241017;EcritureLib_0151;;0,00;3,08;C;;;
CM;Banque CM;;20241017;51200000;CompteLib_0020;;;24J88;20241017;EcritureLib_0151;;33,83;0,00;D;;;
CM;Banque CM;;20241017;51180000;CompteLib_0035;;;24J89;20241017;EcritureLib_0152;;0,00;162,50;C;;;
CM;Banque CM;;20241017;51200000;CompteLib_0020;;;24J89;20241017;EcritureLib_0152;;162,50;0,00;D;;;
CM;Banque CM;;20241017;51180000;CompteLib_0035;;;24J90;20241017;EcritureLib_0152;;0,00;54,00;C;;;
CM;Banque CM;;20241017;51200000;CompteLib_0020;;;24J90;20241017;EcritureLib_0152;;54,00;0,00;D;;;
CM;Banque CM;;20241017;62700000;CompteLib_0036;;;24J91;20241017;EcritureLib_0153;;0,30;0,00;D;;;
CM;Banque CM;;20241017;51200000;CompteLib_0020;;;24J91;20241017;EcritureLib_0153;;0,00;0,30;C;;;
CM;Banque CM;;20241017;62700000;CompteLib_0036;;;24J92;20241017;EcritureLib_0153;;1,28;0,00;D;;;
CM;Banque CM;;20241017;51200000;CompteLib_0020;;;24J92;20241017;EcritureLib_0153;;0,00;1,28;C;;;
CM;Banque CM;;20241017;40100000;CompteLib_0011;401RESTA;RESTAURANT;24J93;20241017;EcritureLib_0154;;17,40;0,00;D;;A;20250422
CM;Banque CM;;20241017;51200000;CompteLib_0020;;;24J93;20241017;EcritureLib_0154;;0,00;17,40;C;;;
CM;Banque CM;;20241018;51120000;CompteLib_0037;;;24J94;20241018;EcritureLib_0155;;0,00;66,71;C;;;
CM;Banque CM;;20241018;51200000;CompteLib_0020;;;24J94;20241018;EcritureLib_0155;;66,71;0,00;D;;;
CM;Banque CM;;20241018;51120000;CompteLib_0037;;;24J95;20241018;EcritureLib_0156;;0,00;16,34;C;;;
CM;Banque CM;;20241018;51200000;CompteLib_0020;;;24J95;20241018;EcritureLib_0156;;16,34;0,00;D;;;
CM;Banque CM;;20241018;51180000;CompteLib_0035;;;24J96;20241018;EcritureLib_0157;;0,00;168,50;C;;;
CM;Banque CM;;20241018;51200000;CompteLib_0020;;;24J96;20241018;EcritureLib_0157;;168,50;0,00;D;;;
CM;Banque CM;;20241018;62700000;CompteLib_0036;;;24J97;20241018;EcritureLib_0158;;1,21;0,00;D;;;
CM;Banque CM;;20241018;51200000;CompteLib_0020;;;24J97;20241018;EcritureLib_0158;;0,00;1,21;C;;;
CM;Banque CM;;20241018;40100000;CompteLib_0011;FMETRO;METRO;24J98;20241018;EcritureLib_0159;;298,66;0,00;D;;D;20241107
CM;Banque CM;;20241018;51200000;CompteLib_0020;;;24J98;20241018;EcritureLib_0159;;0,00;298,66;C;;;
CM;Banque CM;;20241021;51180000;CompteLib_0035;;;24J99;20241021;EcritureLib_0160;;0,00;209,00;C;;;
CM;Banque CM;;20241021;51200000;CompteLib_0020;;;24J99;20241021;EcritureLib_0160;;209,00;0,00;D;;;
CM;Banque CM;;20241021;51180000;CompteLib_0035;;;24J100;20241021;EcritureLib_0160;;0,00;64,00;C;;;
CM;Banque CM;;20241021;51200000;CompteLib_0020;;;24J100;20241021;EcritureLib_0160;;64,00;0,00;D;;;
CM;Banque CM;;20241021;51180000;CompteLib_0035;;;24J101;20241021;EcritureLib_0161;;0,00;52,50;C;;;
CM;Banque CM;;20241021;51200000;CompteLib_0020;;;24J101;20241021;EcritureLib_0161;;52,50;0,00;D;;;
CM;Banque CM;;20241021;62700000;CompteLib_0036;;;24J102;20241021;EcritureLib_0162;;0,31;0,00;D;;;
CM;Banque CM;;20241021;51200000;CompteLib_0020;;;24J102;20241021;EcritureLib_0162;;0,00;0,31;C;;;
CM;Banque CM;;20241021;62700000;CompteLib_0036;;;24J103;20241021;EcritureLib_0163;;0,38;0,00;D;;;
CM;Banque CM;;20241021;51200000;CompteLib_0020;;;24J103;20241021;EcritureLib_0163;;0,00;0,38;C;;;
CM;Banque CM;;20241021;62700000;CompteLib_0036;;;24J104;20241021;EcritureLib_0163;;1,45;0,00;D;;;
CM;Banque CM;;20241021;51200000;CompteLib_0020;;;24J104;20241021;EcritureLib_0163;;0,00;1,45;C;;;
CM;Banque CM;;20241022;51180000;CompteLib_0035;;;24J106;20241022;EcritureLib_0164;;0,00;169,50;C;;;
CM;Banque CM;;20241022;51200000;CompteLib_0020;;;24J106;20241022;EcritureLib_0164;;169,50;0,00;D;;;
CM;Banque CM;;20241022;51180000;CompteLib_0035;;;24J107;20241022;EcritureLib_0164;;0,00;30,00;C;;;
CM;Banque CM;;20241022;51200000;CompteLib_0020;;;24J107;20241022;EcritureLib_0164;;30,00;0,00;D;;;
CM;Banque CM;;20241022;62700000;CompteLib_0036;;;24J108;20241022;EcritureLib_0165;;0,20;0,00;D;;;
CM;Banque CM;;20241022;51200000;CompteLib_0020;;;24J108;20241022;EcritureLib_0165;;0,00;0,20;C;;;
CM;Banque CM;;20241022;62700000;CompteLib_0036;;;24J109;20241022;EcritureLib_0165;;1,27;0,00;D;;;
CM;Banque CM;;20241022;51200000;CompteLib_0020;;;24J109;20241022;EcritureLib_0165;;0,00;1,27;C;;;
CM;Banque CM;;20241023;51120000;CompteLib_0037;;;24J110;20241023;EcritureLib_0166;;0,00;23,70;C;;;
CM;Banque CM;;20241023;51200000;CompteLib_0020;;;24J110;20241023;EcritureLib_0166;;23,70;0,00;D;;;
CM;Banque CM;;20241023;51180000;CompteLib_0035;;;24J111;20241023;EcritureLib_0167;;0,00;82,00;C;;;
CM;Banque CM;;20241023;51200000;CompteLib_0020;;;24J111;20241023;EcritureLib_0167;;82,00;0,00;D;;;
CM;Banque CM;;20241023;51180000;CompteLib_0035;;;24J112;20241023;EcritureLib_0167;;0,00;23,50;C;;;
CM;Banque CM;;20241023;51200000;CompteLib_0020;;;24J112;20241023;EcritureLib_0167;;23,50;0,00;D;;;
CM;Banque CM;;20241023;62700000;CompteLib_0036;;;24J113;20241023;EcritureLib_0168;;0,14;0,00;D;;;
CM;Banque CM;;20241023;51200000;CompteLib_0020;;;24J113;20241023;EcritureLib_0168;;0,00;0,14;C;;;
CM;Banque CM;;20241023;62700000;CompteLib_0036;;;24J114;20241023;EcritureLib_0168;;0,51;0,00;D;;;
CM;Banque CM;;20241023;51200000;CompteLib_0020;;;24J114;20241023;EcritureLib_0168;;0,00;0,51;C;;;
CM;Banque CM;;20241023;40100000;CompteLib_0011;FMETRO;METRO;24J115;20241023;EcritureLib_0169;;238,50;0,00;D;;B;20241107
CM;Banque CM;;20241023;51200000;CompteLib_0020;;;24J115;20241023;EcritureLib_0169;;0,00;238,50;C;;;
CM;Banque CM;;20241024;51120000;CompteLib_0037;;;24J116;20241024;EcritureLib_0170;;0,00;32,04;C;;;
CM;Banque CM;;20241024;51200000;CompteLib_0020;;;24J116;20241024;EcritureLib_0170;;32,04;0,00;D;;;
CM;Banque CM;;20241024;51120000;CompteLib_0037;;;24J117;20241024;EcritureLib_0171;;0,00;28,36;C;;;
CM;Banque CM;;20241024;51200000;CompteLib_0020;;;24J117;20241024;EcritureLib_0171;;28,36;0,00;D;;;
CM;Banque CM;;20241024;70180100;CompteLib_0039;;;24J118;20241024;EcritureLib_0172;;0,00;59,00;C;;;
CM;Banque CM;;20241024;44571100;CompteLib_0016;;;24J118;20241024;EcritureLib_0172;;0,00;5,90;C;;;
CM;Banque CM;;20241024;51200000;CompteLib_0020;;;24J118;20241024;EcritureLib_0172;;64,90;0,00;D;;;
CM;Banque CM;;20241024;51180000;CompteLib_0035;;;24J119;20241024;EcritureLib_0173;;0,00;64,00;C;;;
CM;Banque CM;;20241024;51200000;CompteLib_0020;;;24J119;20241024;EcritureLib_0173;;64,00;0,00;D;;;
CM;Banque CM;;20241024;51180000;CompteLib_0035;;;24J120;20241024;EcritureLib_0173;;0,00;63,50;C;;;
CM;Banque CM;;20241024;51200000;CompteLib_0020;;;24J120;20241024;EcritureLib_0173;;63,50;0,00;D;;;
CM;Banque CM;;20241024;62700000;CompteLib_0036;;;24J121;20241024;EcritureLib_0174;;0,35;0,00;D;;;
CM;Banque CM;;20241024;51200000;CompteLib_0020;;;24J121;20241024;EcritureLib_0174;;0,00;0,35;C;;;
CM;Banque CM;;20241024;62700000;CompteLib_0036;;;24J122;20241024;EcritureLib_0174;;0,40;0,00;D;;;
CM;Banque CM;;20241024;51200000;CompteLib_0020;;;24J122;20241024;EcritureLib_0174;;0,00;0,40;C;;;
CM;Banque CM;;20241025;51180000;CompteLib_0035;;;24J123;20241025;EcritureLib_0175;;0,00;132,00;C;;;
CM;Banque CM;;20241025;51200000;CompteLib_0020;;;24J123;20241025;EcritureLib_0175;;132,00;0,00;D;;;
CM;Banque CM;;20241025;51180000;CompteLib_0035;;;24J124;20241025;EcritureLib_0175;;0,00;127,50;C;;;
CM;Banque CM;;20241025;51200000;CompteLib_0020;;;24J124;20241025;EcritureLib_0175;;127,50;0,00;D;;;
CM;Banque CM;;20241025;62700000;CompteLib_0036;;;24J125;20241025;EcritureLib_0176;;0,99;0,00;D;;;
CM;Banque CM;;20241025;51200000;CompteLib_0020;;;24J125;20241025;EcritureLib_0176;;0,00;0,99;C;;;
CM;Banque CM;;20241025;62700000;CompteLib_0036;;;24J126;20241025;EcritureLib_0176;;0,73;0,00;D;;;
CM;Banque CM;;20241025;51200000;CompteLib_0020;;;24J126;20241025;EcritureLib_0176;;0,00;0,73;C;;;
CM;Banque CM;;20241028;51180000;CompteLib_0035;;;24J128;20241028;EcritureLib_0177;;0,00;23,50;C;;;
CM;Banque CM;;20241028;51200000;CompteLib_0020;;;24J128;20241028;EcritureLib_0177;;23,50;0,00;D;;;
CM;Banque CM;;20241028;51180000;CompteLib_0035;;;24J129;20241028;EcritureLib_0178;;0,00;215,50;C;;;
CM;Banque CM;;20241028;51200000;CompteLib_0020;;;24J129;20241028;EcritureLib_0178;;215,50;0,00;D;;;
CM;Banque CM;;20241028;62700000;CompteLib_0036;;;24J130;20241028;EcritureLib_0179;;1,54;0,00;D;;;
CM;Banque CM;;20241028;51200000;CompteLib_0020;;;24J130;20241028;EcritureLib_0179;;0,00;1,54;C;;;
CM;Banque CM;;20241028;62700000;CompteLib_0036;;;24J131;20241028;EcritureLib_0180;;0,14;0,00;D;;;
CM;Banque CM;;20241028;51200000;CompteLib_0020;;;24J131;20241028;EcritureLib_0180;;0,00;0,14;C;;;
CM;Banque CM;;20241028;51120000;CompteLib_0037;;;24J132;20241028;EcritureLib_0181;;0,00;6,37;C;;;
CM;Banque CM;;20241028;51200000;CompteLib_0020;;;24J132;20241028;EcritureLib_0181;;6,37;0,00;D;;;
CM;Banque CM;;20241028;51180000;CompteLib_0035;;;24J133;20241028;EcritureLib_0182;;0,00;44,00;C;;;
CM;Banque CM;;20241028;51200000;CompteLib_0020;;;24J133;20241028;EcritureLib_0182;;44,00;0,00;D;;;
CM;Banque CM;;20241028;62700000;CompteLib_0036;;;24J134;20241028;EcritureLib_0183;;0,25;0,00;D;;;
CM;Banque CM;;20241028;51200000;CompteLib_0020;;;24J134;20241028;EcritureLib_0183;;0,00;0,25;C;;;
CM;Banque CM;;20241028;44551000;CompteLib_0013;;;24J135;20241028;EcritureLib_0184;;283,00;0,00;D;;J;20250921
CM;Banque CM;;20241028;51200000;CompteLib_0020;;;24J135;20241028;EcritureLib_0184;;0,00;283,00;C;;;
CM;Banque CM;;20241028;40100000;CompteLib_0011;FLIDL;LIDL;24J136;20241028;EcritureLib_0185;;9,70;0,00;D;;A;20250205
CM;Banque CM;;20241028;51200000;CompteLib_0020;;;24J136;20241028;EcritureLib_0185;;0,00;9,70;C;;;
CM;Banque CM;;20241029;51180000;CompteLib_0035;;;24J137;20241029;EcritureLib_0186;;0,00;51,50;C;;;
CM;Banque CM;;20241029;51200000;CompteLib_0020;;;24J137;20241029;EcritureLib_0186;;51,50;0,00;D;;;
CM;Banque CM;;20241029;51180000;CompteLib_0035;;;24J138;20241029;EcritureLib_0186;;0,00;100,00;C;;;
CM;Banque CM;;20241029;51200000;CompteLib_0020;;;24J138;20241029;EcritureLib_0186;;100,00;0,00;D;;;
CM;Banque CM;;20241029;62700000;CompteLib_0036;;;24J139;20241029;EcritureLib_0187;;0,67;0,00;D;;;
CM;Banque CM;;20241029;51200000;CompteLib_0020;;;24J139;20241029;EcritureLib_0187;;0,00;0,67;C;;;
CM;Banque CM;;20241029;62700000;CompteLib_0036;;;24J140;20241029;EcritureLib_0187;;0,32;0,00;D;;;
CM;Banque CM;;20241029;51200000;CompteLib_0020;;;24J140;20241029;EcritureLib_0187;;0,00;0,32;C;;;
CM;Banque CM;;20241030;51180000;CompteLib_0035;;;24J141;20241030;EcritureLib_0188;;0,00;32,50;C;;;
CM;Banque CM;;20241030;51200000;CompteLib_0020;;;24J141;20241030;EcritureLib_0188;;32,50;0,00;D;;;
CM;Banque CM;;20241030;51180000;CompteLib_0035;;;24J142;20241030;EcritureLib_0188;;0,00;97,50;C;;;
CM;Banque CM;;20241030;51200000;CompteLib_0020;;;24J142;20241030;EcritureLib_0188;;97,50;0,00;D;;;
CM;Banque CM;;20241030;62700000;CompteLib_0036;;;24J143;20241030;EcritureLib_0189;;0,70;0,00;D;;;
CM;Banque CM;;20241030;51200000;CompteLib_0020;;;24J143;20241030;EcritureLib_0189;;0,00;0,70;C;;;
CM;Banque CM;;20241030;62700000;CompteLib_0036;;;24J144;20241030;EcritureLib_0189;;0,22;0,00;D;;;
CM;Banque CM;;20241030;51200000;CompteLib_0020;;;24J144;20241030;EcritureLib_0189;;0,00;0,22;C;;;
CM;Banque CM;;20241031;51120000;CompteLib_0037;;;24J146;20241031;EcritureLib_0190;;0,00;20,65;C;;;
CM;Banque CM;;20241031;51200000;CompteLib_0020;;;24J146;20241031;EcritureLib_0190;;20,65;0,00;D;;;
CM;Banque CM;;20241031;70180100;CompteLib_0039;;;24J147;20241031;EcritureLib_0191;;0,00;52,36;C;;;
CM;Banque CM;;20241031;44571100;CompteLib_0016;;;24J147;20241031;EcritureLib_0191;;0,00;5,24;C;;;
CM;Banque CM;;20241031;51200000;CompteLib_0020;;;24J147;20241031;EcritureLib_0191;;57,60;0,00;D;;;
CM;Banque CM;;20241031;51120000;CompteLib_0037;;;24J148;20241031;EcritureLib_0192;;0,00;34,63;C;;;
CM;Banque CM;;20241031;51200000;CompteLib_0020;;;24J148;20241031;EcritureLib_0192;;34,63;0,00;D;;;
CM;Banque CM;;20241031;51180000;CompteLib_0035;;;24J149;20241031;EcritureLib_0193;;0,00;62,40;C;;;
CM;Banque CM;;20241031;51200000;CompteLib_0020;;;24J149;20241031;EcritureLib_0193;;62,40;0,00;D;;;
CM;Banque CM;;20241031;51180000;CompteLib_0035;;;24J150;20241031;EcritureLib_0193;;0,00;16,50;C;;;
CM;Banque CM;;20241031;51200000;CompteLib_0020;;;24J150;20241031;EcritureLib_0193;;16,50;0,00;D;;;
CM;Banque CM;;20241031;62700000;CompteLib_0036;;;24J151;20241031;EcritureLib_0194;;0,12;0,00;D;;;
CM;Banque CM;;20241031;51200000;CompteLib_0020;;;24J151;20241031;EcritureLib_0194;;0,00;0,12;C;;;
CM;Banque CM;;20241031;62700000;CompteLib_0036;;;24J152;20241031;EcritureLib_0194;;0,38;0,00;D;;;
CM;Banque CM;;20241031;51200000;CompteLib_0020;;;24J152;20241031;EcritureLib_0194;;0,00;0,38;C;;;
CM;Banque CM;;20241101;51180000;CompteLib_0035;;;24K1;20241101;EcritureLib_0195;;0,00;214,00;C;;;
CM;Banque CM;;20241101;51200000;CompteLib_0020;;;24K1;20241101;EcritureLib_0195;;214,00;0,00;D;;;
CM;Banque CM;;20241101;51180000;CompteLib_0035;;;24K2;20241101;EcritureLib_0195;;0,00;385,50;C;;;
CM;Banque CM;;20241101;51200000;CompteLib_0020;;;24K2;20241101;EcritureLib_0195;;385,50;0,00;D;;;
CM;Banque CM;;20241101;62700000;CompteLib_0036;;;24K3;20241101;EcritureLib_0196;;3,49;0,00;D;;;
CM;Banque CM;;20241101;51200000;CompteLib_0020;;;24K3;20241101;EcritureLib_0196;;0,00;3,49;C;;;
CM;Banque CM;;20241101;62700000;CompteLib_0036;;;24K4;20241101;EcritureLib_0196;;1,50;0,00;D;;;
CM;Banque CM;;20241101;51200000;CompteLib_0020;;;24K4;20241101;EcritureLib_0196;;0,00;1,50;C;;;
CM;Banque CM;;20241104;51180000;CompteLib_0035;;;24K6;20241104;EcritureLib_0197;;0,00;122,00;C;;;
CM;Banque CM;;20241104;51200000;CompteLib_0020;;;24K6;20241104;EcritureLib_0197;;122,00;0,00;D;;;
CM;Banque CM;;20241104;62700000;CompteLib_0036;;;24K7;20241104;EcritureLib_0198;;0,68;0,00;D;;;
CM;Banque CM;;20241104;51200000;CompteLib_0020;;;24K7;20241104;EcritureLib_0198;;0,00;0,68;C;;;
CM;Banque CM;;20241104;51180000;CompteLib_0035;;;24K8;20241104;EcritureLib_0199;;0,00;82,50;C;;;
CM;Banque CM;;20241104;51200000;CompteLib_0020;;;24K8;20241104;EcritureLib_0199;;82,50;0,00;D;;;
CM;Banque CM;;20241104;51180000;CompteLib_0035;;;24K9;20241104;EcritureLib_0199;;0,00;40,50;C;;;
CM;Banque CM;;20241104;51200000;CompteLib_0020;;;24K9;20241104;EcritureLib_0199;;40,50;0,00;D;;;
CM;Banque CM;;20241104;62700000;CompteLib_0036;;;24K10;20241104;EcritureLib_0200;;0,26;0,00;D;;;
CM;Banque CM;;20241104;51200000;CompteLib_0020;;;24K10;20241104;EcritureLib_0200;;0,00;0,26;C;;;
CM;Banque CM;;20241104;62700000;CompteLib_0036;;;24K11;20241104;EcritureLib_0200;;0,50;0,00;D;;;
CM;Banque CM;;20241104;51200000;CompteLib_0020;;;24K11;20241104;EcritureLib_0200;;0,00;0,50;C;;;
CM;Banque CM;;20241104;70180200;CompteLib_0043;;;24K12;20241104;EcritureLib_0201;;0,00;38,15;C;;;
CM;Banque CM;;20241104;44571100;CompteLib_0016;;;24K12;20241104;EcritureLib_0201;;0,00;3,82;C;;;
CM;Banque CM;;20241104;51200000;CompteLib_0020;;;24K12;20241104;EcritureLib_0201;;41,97;0,00;D;;;
CM;Banque CM;;20241104;40100000;CompteLib_0011;FLIDL;LIDL;24K127;20241104;EcritureLib_0202;;4,60;0,00;D;;L;20250422
CM;Banque CM;;20241104;51200000;CompteLib_0020;;;24K127;20241104;EcritureLib_0202;;0,00;4,60;C;;;
CM;Banque CM;;20241104;47100000;CompteLib_0044;;;24K14;20241104;EcritureLib_0203;;70,01;0,00;D;;;
CM;Banque CM;;20241104;51200000;CompteLib_0020;;;24K14;20241104;EcritureLib_0203;;0,00;70,01;C;;;
CM;Banque CM;;20241104;47100000;CompteLib_0044;;;24K15;20241104;EcritureLib_0203;;64,70;0,00;D;;;
CM;Banque CM;;20241104;51200000;CompteLib_0020;;;24K15;20241104;EcritureLib_0203;;0,00;64,70;C;;;
CM;Banque CM;;20241104;40100000;CompteLib_0011;FLIDL;LIDL;24K16;20241104;EcritureLib_0204;;35,69;0,00;D;;;
CM;Banque CM;;20241104;51200000;CompteLib_0020;;;24K16;20241104;EcritureLib_0204;;0,00;35,69;C;;;
CM;Banque CM;;20241104;62700000;CompteLib_0036;;;24K18;20241104;EcritureLib_0205;;22,14;0,00;D;;;
CM;Banque CM;;20241104;51200000;CompteLib_0020;;;24K18;20241104;EcritureLib_0205;;0,00;22,14;C;;;
CM;Banque CM;;20241105;43100000;CompteLib_0042;;;24K19;20241105;EcritureLib_0206;;789,00;0,00;D;;;
CM;Banque CM;;20241105;51200000;CompteLib_0020;;;24K19;20241105;EcritureLib_0206;;0,00;789,00;C;;;
CM;Banque CM;;20241105;40100000;CompteLib_0011;FTILLER;TILLER;24K20;20241105;EcritureLib_0116;;58,80;0,00;D;;M;20250422
CM;Banque CM;;20241105;51200000;CompteLib_0020;;;24K20;20241105;EcritureLib_0116;;0,00;58,80;C;;;
CM;Banque CM;;20241105;40100000;CompteLib_0011;401POSTE;LA POSTE;24K21;20241105;EcritureLib_0100;;4,99;0,00;D;;;
CM;Banque CM;;20241105;51200000;CompteLib_0020;;;24K21;20241105;EcritureLib_0100;;0,00;4,99;C;;;
CM;Banque CM;;20241105;40100000;CompteLib_0011;401POSTE;LA POSTE;24K22;20241105;EcritureLib_0100;;10,99;0,00;D;;;
CM;Banque CM;;20241105;51200000;CompteLib_0020;;;24K22;20241105;EcritureLib_0100;;0,00;10,99;C;;;
CM;Banque CM;;20241105;51120000;CompteLib_0037;;;24K23;20241105;EcritureLib_0207;;0,00;23,70;C;;;
CM;Banque CM;;20241105;51200000;CompteLib_0020;;;24K23;20241105;EcritureLib_0207;;23,70;0,00;D;;;
CM;Banque CM;;20241105;61600000;CompteLib_0038;;;24K24;20241105;EcritureLib_0103;;21,86;0,00;D;;;
CM;Banque CM;;20241105;51200000;CompteLib_0020;;;24K24;20241105;EcritureLib_0103;;0,00;21,86;C;;;
CM;Banque CM;;20241105;51180000;CompteLib_0035;;;24K25;20241105;EcritureLib_0208;;0,00;61,50;C;;;
CM;Banque CM;;20241105;51200000;CompteLib_0020;;;24K25;20241105;EcritureLib_0208;;61,50;0,00;D;;;
CM;Banque CM;;20241105;51180000;CompteLib_0035;;;24K26;20241105;EcritureLib_0208;;0,00;107,50;C;;;
CM;Banque CM;;20241105;51200000;CompteLib_0020;;;24K26;20241105;EcritureLib_0208;;107,50;0,00;D;;;
CM;Banque CM;;20241105;62700000;CompteLib_0036;;;24K27;20241105;EcritureLib_0209;;1,29;0,00;D;;;
CM;Banque CM;;20241105;51200000;CompteLib_0020;;;24K27;20241105;EcritureLib_0209;;0,00;1,29;C;;;
CM;Banque CM;;20241105;62700000;CompteLib_0036;;;24K28;20241105;EcritureLib_0209;;0,41;0,00;D;;;
CM;Banque CM;;20241105;51200000;CompteLib_0020;;;24K28;20241105;EcritureLib_0209;;0,00;0,41;C;;;
CM;Banque CM;;20241106;64400000;CompteLib_0041;;;24K29;20241106;EcritureLib_0210;;1350,00;0,00;D;;;
CM;Banque CM;;20241106;51200000;CompteLib_0020;;;24K29;20241106;EcritureLib_0210;;0,00;1350,00;C;;;
CM;Banque CM;;20241106;51120000;CompteLib_0037;;;24K30;20241106;EcritureLib_0211;;0,00;53,98;C;;;
CM;Banque CM;;20241106;51200000;CompteLib_0020;;;24K30;20241106;EcritureLib_0211;;53,98;0,00;D;;;
CM;Banque CM;;20241106;51180000;CompteLib_0035;;;24K31;20241106;EcritureLib_0212;;0,00;191,50;C;;;
CM;Banque CM;;20241106;51200000;CompteLib_0020;;;24K31;20241106;EcritureLib_0212;;191,50;0,00;D;;;
CM;Banque CM;;20241106;62700000;CompteLib_0036;;;24K32;20241106;EcritureLib_0213;;1,18;0,00;D;;;
CM;Banque CM;;20241106;51200000;CompteLib_0020;;;24K32;20241106;EcritureLib_0213;;0,00;1,18;C;;;
CM;Banque CM;;20241106;40100000;CompteLib_0011;401LOYER;LOYERS ET CHARGES;24K33;20241106;EcritureLib_0214;;1000,87;0,00;D;;;
CM;Banque CM;;20241106;51200000;CompteLib_0020;;;24K33;20241106;EcritureLib_0214;;0,00;1000,87;C;;;
CM;Banque CM;;20241106;40100000;CompteLib_0011;FMETRO;METRO;24K34;20241106;EcritureLib_0215;;615,94;0,00;D;;G;20241108
CM;Banque CM;;20241106;51200000;CompteLib_0020;;;24K34;20241106;EcritureLib_0215;;0,00;615,94;C;;;
CM;Banque CM;;20241107;51180000;CompteLib_0035;;;24K35;20241107;EcritureLib_0216;;0,00;138,00;C;;;
CM;Banque CM;;20241107;51200000;CompteLib_0020;;;24K35;20241107;EcritureLib_0216;;138,00;0,00;D;;;
CM;Banque CM;;20241107;51180000;CompteLib_0035;;;24K36;20241107;EcritureLib_0216;;0,00;9,50;C;;;
CM;Banque CM;;20241107;51200000;CompteLib_0020;;;24K36;20241107;EcritureLib_0216;;9,50;0,00;D;;;
CM;Banque CM;;20241107;62700000;CompteLib_0036;;;24K37;20241107;EcritureLib_0217;;0,07;0,00;D;;;
CM;Banque CM;;20241107;51200000;CompteLib_0020;;;24K37;20241107;EcritureLib_0217;;0,00;0,07;C;;;
CM;Banque CM;;20241107;62700000;CompteLib_0036;;;24K38;20241107;EcritureLib_0217;;0,96;0,00;D;;;
CM;Banque CM;;20241107;51200000;CompteLib_0020;;;24K38;20241107;EcritureLib_0217;;0,00;0,96;C;;;
CM;Banque CM;;20241107;70180100;CompteLib_0039;;;24K39;20241107;EcritureLib_0218;;0,00;24,97;C;;;
CM;Banque CM;;20241107;44571100;CompteLib_0016;;;24K39;20241107;EcritureLib_0218;;0,00;2,50;C;;;
CM;Banque CM;;20241107;51200000;CompteLib_0020;;;24K39;20241107;EcritureLib_0218;;27,47;0,00;D;;;
CM;Banque CM;;20241108;40100000;CompteLib_0011;FTOTAL;TOTAL ENERGIES ;24K129;20241108;EcritureLib_0127;;272,38;0,00;D;;;
CM;Banque CM;;20241108;51200000;CompteLib_0020;;;24K129;20241108;EcritureLib_0127;;0,00;272,38;C;;;
CM;Banque CM;;20241108;51180000;CompteLib_0035;;;24K41;20241108;EcritureLib_0219;;0,00;90,50;C;;;
CM;Banque CM;;20241108;51200000;CompteLib_0020;;;24K41;20241108;EcritureLib_0219;;90,50;0,00;D;;;
CM;Banque CM;;20241108;51180000;CompteLib_0035;;;24K42;20241108;EcritureLib_0219;;0,00;24,00;C;;;
CM;Banque CM;;20241108;51200000;CompteLib_0020;;;24K42;20241108;EcritureLib_0219;;24,00;0,00;D;;;
CM;Banque CM;;20241108;62700000;CompteLib_0036;;;24K43;20241108;EcritureLib_0220;;0,15;0,00;D;;;
CM;Banque CM;;20241108;51200000;CompteLib_0020;;;24K43;20241108;EcritureLib_0220;;0,00;0,15;C;;;
CM;Banque CM;;20241108;62700000;CompteLib_0036;;;24K44;20241108;EcritureLib_0220;;0,59;0,00;D;;;
CM;Banque CM;;20241108;51200000;CompteLib_0020;;;24K44;20241108;EcritureLib_0220;;0,00;0,59;C;;;
CM;Banque CM;;20241111;40100000;CompteLib_0011;FHESPEL;HESPEL;24K45;20241111;EcritureLib_0221;;55,38;0,00;D;;;
CM;Banque CM;;20241111;51200000;CompteLib_0020;;;24K45;20241111;EcritureLib_0221;;0,00;55,38;C;;;
CM;Banque CM;;20241111;51180000;CompteLib_0035;;;24K46;20241111;EcritureLib_0222;;0,00;119,50;C;;;
CM;Banque CM;;20241111;51200000;CompteLib_0020;;;24K46;20241111;EcritureLib_0222;;119,50;0,00;D;;;
CM;Banque CM;;20241111;51180000;CompteLib_0035;;;24K47;20241111;EcritureLib_0222;;0,00;24,00;C;;;
CM;Banque CM;;20241111;51200000;CompteLib_0020;;;24K47;20241111;EcritureLib_0222;;24,00;0,00;D;;;
CM;Banque CM;;20241111;51180000;CompteLib_0035;;;24K48;20241111;EcritureLib_0223;;0,00;29,00;C;;;
CM;Banque CM;;20241111;51200000;CompteLib_0020;;;24K48;20241111;EcritureLib_0223;;29,00;0,00;D;;;
CM;Banque CM;;20241111;51180000;CompteLib_0035;;;24K49;20241111;EcritureLib_0223;;0,00;26,00;C;;;
CM;Banque CM;;20241111;51200000;CompteLib_0020;;;24K49;20241111;EcritureLib_0223;;26,00;0,00;D;;;
CM;Banque CM;;20241111;62700000;CompteLib_0036;;;24K50;20241111;EcritureLib_0224;;0,17;0,00;D;;;
CM;Banque CM;;20241111;51200000;CompteLib_0020;;;24K50;20241111;EcritureLib_0224;;0,00;0,17;C;;;
CM;Banque CM;;20241111;62700000;CompteLib_0036;;;24K51;20241111;EcritureLib_0225;;0,78;0,00;D;;;
CM;Banque CM;;20241111;51200000;CompteLib_0020;;;24K51;20241111;EcritureLib_0225;;0,00;0,78;C;;;
CM;Banque CM;;20241111;62700000;CompteLib_0036;;;24K52;20241111;EcritureLib_0224;;0,17;0,00;D;;;
CM;Banque CM;;20241111;51200000;CompteLib_0020;;;24K52;20241111;EcritureLib_0224;;0,00;0,17;C;;;
CM;Banque CM;;20241111;62700000;CompteLib_0036;;;24K53;20241111;EcritureLib_0225;;0,15;0,00;D;;;
CM;Banque CM;;20241111;51200000;CompteLib_0020;;;24K53;20241111;EcritureLib_0225;;0,00;0,15;C;;;
CM;Banque CM;;20241113;70180300;CompteLib_0040;;;24K54;20241113;EcritureLib_0226;;0,00;36,95;C;;;
CM;Banque CM;;20241113;44571100;CompteLib_0016;;;24K54;20241113;EcritureLib_0226;;0,00;3,69;C;;;
CM;Banque CM;;20241113;51200000;CompteLib_0020;;;24K54;20241113;EcritureLib_0226;;40,64;0,00;D;;;
CM;Banque CM;;20241113;51180000;CompteLib_0035;;;24K55;20241113;EcritureLib_0227;;0,00;21,50;C;;;
CM;Banque CM;;20241113;51200000;CompteLib_0020;;;24K55;20241113;EcritureLib_0227;;21,50;0,00;D;;;
CM;Banque CM;;20241113;51180000;CompteLib_0035;;;24K56;20241113;EcritureLib_0227;;0,00;125,00;C;;;
CM;Banque CM;;20241113;51200000;CompteLib_0020;;;24K56;20241113;EcritureLib_0227;;125,00;0,00;D;;;
CM;Banque CM;;20241113;62700000;CompteLib_0036;;;24K57;20241113;EcritureLib_0228;;0,95;0,00;D;;;
CM;Banque CM;;20241113;51200000;CompteLib_0020;;;24K57;20241113;EcritureLib_0228;;0,00;0,95;C;;;
CM;Banque CM;;20241113;62700000;CompteLib_0036;;;24K58;20241113;EcritureLib_0228;;0,14;0,00;D;;;
CM;Banque CM;;20241113;51200000;CompteLib_0020;;;24K58;20241113;EcritureLib_0228;;0,00;0,14;C;;;
CM;Banque CM;;20241113;51120000;CompteLib_0037;;;24K59;20241113;EcritureLib_0229;;0,00;30,21;C;;;
CM;Banque CM;;20241113;51200000;CompteLib_0020;;;24K59;20241113;EcritureLib_0229;;30,21;0,00;D;;;
CM;Banque CM;;20241114;51120000;CompteLib_0037;;;24K60;20241114;EcritureLib_0230;;0,00;36,93;C;;;
CM;Banque CM;;20241114;51200000;CompteLib_0020;;;24K60;20241114;EcritureLib_0230;;36,93;0,00;D;;;
CM;Banque CM;;20241114;51120000;CompteLib_0037;;;24K61;20241114;EcritureLib_0231;;0,00;26,20;C;;;
CM;Banque CM;;20241114;51200000;CompteLib_0020;;;24K61;20241114;EcritureLib_0231;;26,20;0,00;D;;;
CM;Banque CM;;20241114;70180100;CompteLib_0039;;;24K62;20241114;EcritureLib_0232;;0,00;18,32;C;;;
CM;Banque CM;;20241114;44571100;CompteLib_0016;;;24K62;20241114;EcritureLib_0232;;0,00;1,83;C;;;
CM;Banque CM;;20241114;51200000;CompteLib_0020;;;24K62;20241114;EcritureLib_0232;;20,15;0,00;D;;;
CM;Banque CM;;20241114;51180000;CompteLib_0035;;;24K63;20241114;EcritureLib_0233;;0,00;14,50;C;;;
CM;Banque CM;;20241114;51200000;CompteLib_0020;;;24K63;20241114;EcritureLib_0233;;14,50;0,00;D;;;
CM;Banque CM;;20241114;51180000;CompteLib_0035;;;24K64;20241114;EcritureLib_0233;;0,00;129,40;C;;;
CM;Banque CM;;20241114;51200000;CompteLib_0020;;;24K64;20241114;EcritureLib_0233;;129,40;0,00;D;;;
CM;Banque CM;;20241114;62700000;CompteLib_0036;;;24K65;20241114;EcritureLib_0234;;0,96;0,00;D;;;
CM;Banque CM;;20241114;51200000;CompteLib_0020;;;24K65;20241114;EcritureLib_0234;;0,00;0,96;C;;;
CM;Banque CM;;20241114;62700000;CompteLib_0036;;;24K66;20241114;EcritureLib_0234;;0,09;0,00;D;;;
CM;Banque CM;;20241114;51200000;CompteLib_0020;;;24K66;20241114;EcritureLib_0234;;0,00;0,09;C;;;
CM;Banque CM;;20241115;62600000;CompteLib_0031;;;24K67;20241115;EcritureLib_0143;;28,32;0,00;D;;;
CM;Banque CM;;20241115;44566000;CompteLib_0015;;;24K67;20241115;EcritureLib_0143;;5,67;0,00;D;;;
CM;Banque CM;;20241115;51200000;CompteLib_0020;;;24K67;20241115;EcritureLib_0143;;0,00;33,99;C;;;
CM;Banque CM;;20241115;51180000;CompteLib_0035;;;24K68;20241115;EcritureLib_0235;;0,00;27,00;C;;;
CM;Banque CM;;20241115;51200000;CompteLib_0020;;;24K68;20241115;EcritureLib_0235;;27,00;0,00;D;;;
CM;Banque CM;;20241115;51180000;CompteLib_0035;;;24K69;20241115;EcritureLib_0235;;0,00;46,00;C;;;
CM;Banque CM;;20241115;51200000;CompteLib_0020;;;24K69;20241115;EcritureLib_0235;;46,00;0,00;D;;;
CM;Banque CM;;20241115;62700000;CompteLib_0036;;;24K70;20241115;EcritureLib_0236;;0,29;0,00;D;;;
CM;Banque CM;;20241115;51200000;CompteLib_0020;;;24K70;20241115;EcritureLib_0236;;0,00;0,29;C;;;
CM;Banque CM;;20241115;62700000;CompteLib_0036;;;24K71;20241115;EcritureLib_0236;;0,16;0,00;D;;;
CM;Banque CM;;20241115;51200000;CompteLib_0020;;;24K71;20241115;EcritureLib_0236;;0,00;0,16;C;;;
CM;Banque CM;;20241118;51180000;CompteLib_0035;;;24K72;20241118;EcritureLib_0237;;0,00;34,50;C;;;
CM;Banque CM;;20241118;51200000;CompteLib_0020;;;24K72;20241118;EcritureLib_0237;;34,50;0,00;D;;;
CM;Banque CM;;20241118;51180000;CompteLib_0035;;;24K73;20241118;EcritureLib_0238;;0,00;124,50;C;;;
CM;Banque CM;;20241118;51200000;CompteLib_0020;;;24K73;20241118;EcritureLib_0238;;124,50;0,00;D;;;
CM;Banque CM;;20241118;51180000;CompteLib_0035;;;24K74;20241118;EcritureLib_0238;;0,00;62,00;C;;;
CM;Banque CM;;20241118;51200000;CompteLib_0020;;;24K74;20241118;EcritureLib_0238;;62,00;0,00;D;;;
CM;Banque CM;;20241118;62700000;CompteLib_0036;;;24K75;20241118;EcritureLib_0239;;0,30;0,00;D;;;
CM;Banque CM;;20241118;51200000;CompteLib_0020;;;24K75;20241118;EcritureLib_0239;;0,00;0,30;C;;;
CM;Banque CM;;20241118;62700000;CompteLib_0036;;;24K76;20241118;EcritureLib_0239;;0,94;0,00;D;;;
CM;Banque CM;;20241118;51200000;CompteLib_0020;;;24K76;20241118;EcritureLib_0239;;0,00;0,94;C;;;
CM;Banque CM;;20241118;62700000;CompteLib_0036;;;24K77;20241118;EcritureLib_0240;;0,19;0,00;D;;;
CM;Banque CM;;20241118;51200000;CompteLib_0020;;;24K77;20241118;EcritureLib_0240;;0,00;0,19;C;;;
CM;Banque CM;;20241119;51120000;CompteLib_0037;;;24K78;20241119;EcritureLib_0241;;0,00;48,87;C;;;
CM;Banque CM;;20241119;51200000;CompteLib_0020;;;24K78;20241119;EcritureLib_0241;;48,87;0,00;D;;;
CM;Banque CM;;20241119;51180000;CompteLib_0035;;;24K79;20241119;EcritureLib_0242;;0,00;152,50;C;;;
CM;Banque CM;;20241119;51200000;CompteLib_0020;;;24K79;20241119;EcritureLib_0242;;152,50;0,00;D;;;
CM;Banque CM;;20241119;62700000;CompteLib_0036;;;24K80;20241119;EcritureLib_0243;;1,42;0,00;D;;;
CM;Banque CM;;20241119;51200000;CompteLib_0020;;;24K80;20241119;EcritureLib_0243;;0,00;1,42;C;;;
CM;Banque CM;;20241120;51180000;CompteLib_0035;;;24K81;20241120;EcritureLib_0244;;0,00;96,00;C;;;
CM;Banque CM;;20241120;51200000;CompteLib_0020;;;24K81;20241120;EcritureLib_0244;;96,00;0,00;D;;;
CM;Banque CM;;20241120;62700000;CompteLib_0036;;;24K82;20241120;EcritureLib_0245;;0,79;0,00;D;;;
CM;Banque CM;;20241120;51200000;CompteLib_0020;;;24K82;20241120;EcritureLib_0245;;0,00;0,79;C;;;
CM;Banque CM;;20241120;40100000;CompteLib_0011;FLIDL;LIDL;24K83;20241120;EcritureLib_0246;;16,27;0,00;D;;;
CM;Banque CM;;20241120;51200000;CompteLib_0020;;;24K83;20241120;EcritureLib_0246;;0,00;16,27;C;;;
CM;Banque CM;;20241121;51120000;CompteLib_0037;;;24K84;20241121;EcritureLib_0247;;0,00;20,28;C;;;
CM;Banque CM;;20241121;51200000;CompteLib_0020;;;24K84;20241121;EcritureLib_0247;;20,28;0,00;D;;;
CM;Banque CM;;20241121;51180000;CompteLib_0035;;;24K85;20241121;EcritureLib_0248;;0,00;23,00;C;;;
CM;Banque CM;;20241121;51200000;CompteLib_0020;;;24K85;20241121;EcritureLib_0248;;23,00;0,00;D;;;
CM;Banque CM;;20241121;51180000;CompteLib_0035;;;24K86;20241121;EcritureLib_0248;;0,00;62,00;C;;;
CM;Banque CM;;20241121;51200000;CompteLib_0020;;;24K86;20241121;EcritureLib_0248;;62,00;0,00;D;;;
CM;Banque CM;;20241121;62700000;CompteLib_0036;;;24K87;20241121;EcritureLib_0249;;0,45;0,00;D;;;
CM;Banque CM;;20241121;51200000;CompteLib_0020;;;24K87;20241121;EcritureLib_0249;;0,00;0,45;C;;;
CM;Banque CM;;20241121;62700000;CompteLib_0036;;;24K88;20241121;EcritureLib_0249;;0,14;0,00;D;;;
CM;Banque CM;;20241121;51200000;CompteLib_0020;;;24K88;20241121;EcritureLib_0249;;0,00;0,14;C;;;
CM;Banque CM;;20241122;51180000;CompteLib_0035;;;24K89;20241122;EcritureLib_0250;;0,00;25,00;C;;;
CM;Banque CM;;20241122;51200000;CompteLib_0020;;;24K89;20241122;EcritureLib_0250;;25,00;0,00;D;;;
CM;Banque CM;;20241122;51180000;CompteLib_0035;;;24K90;20241122;EcritureLib_0250;;0,00;81,00;C;;;
CM;Banque CM;;20241122;51200000;CompteLib_0020;;;24K90;20241122;EcritureLib_0250;;81,00;0,00;D;;;
CM;Banque CM;;20241122;62700000;CompteLib_0036;;;24K91;20241122;EcritureLib_0251;;0,55;0,00;D;;;
CM;Banque CM;;20241122;51200000;CompteLib_0020;;;24K91;20241122;EcritureLib_0251;;0,00;0,55;C;;;
CM;Banque CM;;20241122;62700000;CompteLib_0036;;;24K92;20241122;EcritureLib_0251;;0,28;0,00;D;;;
CM;Banque CM;;20241122;51200000;CompteLib_0020;;;24K92;20241122;EcritureLib_0251;;0,00;0,28;C;;;
CM;Banque CM;;20241122;40100000;CompteLib_0011;FLIDL;LIDL;24K93;20241122;EcritureLib_0252;;17,41;0,00;D;;;
CM;Banque CM;;20241122;51200000;CompteLib_0020;;;24K93;20241122;EcritureLib_0252;;0,00;17,41;C;;;
CM;Banque CM;;20241125;44551000;CompteLib_0013;;;24K94;20241125;EcritureLib_0253;;350,00;0,00;D;;A;20241223
CM;Banque CM;;20241125;51200000;CompteLib_0020;;;24K94;20241125;EcritureLib_0253;;0,00;350,00;C;;;
CM;Banque CM;;20241125;51180000;CompteLib_0035;;;24K95;20241125;EcritureLib_0254;;0,00;78,50;C;;;
CM;Banque CM;;20241125;51200000;CompteLib_0020;;;24K95;20241125;EcritureLib_0254;;78,50;0,00;D;;;
CM;Banque CM;;20241125;51180000;CompteLib_0035;;;24K96;20241125;EcritureLib_0254;;0,00;13,50;C;;;
CM;Banque CM;;20241125;51200000;CompteLib_0020;;;24K96;20241125;EcritureLib_0254;;13,50;0,00;D;;;
CM;Banque CM;;20241125;62700000;CompteLib_0036;;;24K97;20241125;EcritureLib_0255;;0,09;0,00;D;;;
CM;Banque CM;;20241125;51200000;CompteLib_0020;;;24K97;20241125;EcritureLib_0255;;0,00;0,09;C;;;
CM;Banque CM;;20241125;62700000;CompteLib_0036;;;24K98;20241125;EcritureLib_0255;;0,62;0,00;D;;;
CM;Banque CM;;20241125;51200000;CompteLib_0020;;;24K98;20241125;EcritureLib_0255;;0,00;0,62;C;;;
CM;Banque CM;;20241125;51180000;CompteLib_0035;;;24K99;20241125;EcritureLib_0256;;0,00;62,00;C;;;
CM;Banque CM;;20241125;51200000;CompteLib_0020;;;24K99;20241125;EcritureLib_0256;;62,00;0,00;D;;;
CM;Banque CM;;20241125;51180000;CompteLib_0035;;;24K100;20241125;EcritureLib_0257;;0,00;22,00;C;;;
CM;Banque CM;;20241125;51200000;CompteLib_0020;;;24K100;20241125;EcritureLib_0257;;22,00;0,00;D;;;
CM;Banque CM;;20241125;62700000;CompteLib_0036;;;24K101;20241125;EcritureLib_0258;;0,14;0,00;D;;;
CM;Banque CM;;20241125;51200000;CompteLib_0020;;;24K101;20241125;EcritureLib_0258;;0,00;0,14;C;;;
CM;Banque CM;;20241125;62700000;CompteLib_0036;;;24K102;20241125;EcritureLib_0259;;0,38;0,00;D;;;
CM;Banque CM;;20241125;51200000;CompteLib_0020;;;24K102;20241125;EcritureLib_0259;;0,00;0,38;C;;;
CM;Banque CM;;20241125;70180200;CompteLib_0043;;;24K103;20241125;EcritureLib_0260;;0,00;79,10;C;;;
CM;Banque CM;;20241125;44571100;CompteLib_0016;;;24K103;20241125;EcritureLib_0260;;0,00;7,91;C;;;
CM;Banque CM;;20241125;51200000;CompteLib_0020;;;24K103;20241125;EcritureLib_0260;;87,01;0,00;D;;;
CM;Banque CM;;20241125;40100000;CompteLib_0011;FMETRO;METRO;24K104;20241125;EcritureLib_0261;;251,45;0,00;D;;;
CM;Banque CM;;20241125;51200000;CompteLib_0020;;;24K104;20241125;EcritureLib_0261;;0,00;251,45;C;;;
CM;Banque CM;;20241126;40100000;CompteLib_0011;FSTC;STC;24K106;20241126;EcritureLib_0262;;457,60;0,00;D;;C;20250311
CM;Banque CM;;20241126;51200000;CompteLib_0020;;;24K106;20241126;EcritureLib_0262;;0,00;457,60;C;;;
CM;Banque CM;;20241126;51180000;CompteLib_0035;;;24K107;20241126;EcritureLib_0263;;0,00;84,50;C;;;
CM;Banque CM;;20241126;51200000;CompteLib_0020;;;24K107;20241126;EcritureLib_0263;;84,50;0,00;D;;;
CM;Banque CM;;20241126;62700000;CompteLib_0036;;;24K108;20241126;EcritureLib_0264;;0,70;0,00;D;;;
CM;Banque CM;;20241126;51200000;CompteLib_0020;;;24K108;20241126;EcritureLib_0264;;0,00;0,70;C;;;
CM;Banque CM;;20241127;51180000;CompteLib_0035;;;24K109;20241127;EcritureLib_0265;;0,00;176,00;C;;;
CM;Banque CM;;20241127;51200000;CompteLib_0020;;;24K109;20241127;EcritureLib_0265;;176,00;0,00;D;;;
CM;Banque CM;;20241127;51180000;CompteLib_0035;;;24K110;20241127;EcritureLib_0265;;0,00;12,50;C;;;
CM;Banque CM;;20241127;51200000;CompteLib_0020;;;24K110;20241127;EcritureLib_0265;;12,50;0,00;D;;;
CM;Banque CM;;20241127;62700000;CompteLib_0036;;;24K111;20241127;EcritureLib_0266;;0,08;0,00;D;;;
CM;Banque CM;;20241127;51200000;CompteLib_0020;;;24K111;20241127;EcritureLib_0266;;0,00;0,08;C;;;
CM;Banque CM;;20241127;62700000;CompteLib_0036;;;24K112;20241127;EcritureLib_0266;;1,19;0,00;D;;;
CM;Banque CM;;20241127;51200000;CompteLib_0020;;;24K112;20241127;EcritureLib_0266;;0,00;1,19;C;;;
CM;Banque CM;;20241127;44551000;CompteLib_0013;;;24K113;20241127;EcritureLib_0267;;255,00;0,00;D;;J;20250921
CM;Banque CM;;20241127;51200000;CompteLib_0020;;;24K113;20241127;EcritureLib_0267;;0,00;255,00;C;;;
CM;Banque CM;;20241128;51120000;CompteLib_0037;;;24K114;20241128;EcritureLib_0268;;0,00;99,94;C;;;
CM;Banque CM;;20241128;51200000;CompteLib_0020;;;24K114;20241128;EcritureLib_0268;;99,94;0,00;D;;;
CM;Banque CM;;20241128;51180000;CompteLib_0035;;;24K115;20241128;EcritureLib_0269;;0,00;65,50;C;;;
CM;Banque CM;;20241128;51200000;CompteLib_0020;;;24K115;20241128;EcritureLib_0269;;65,50;0,00;D;;;
CM;Banque CM;;20241128;51180000;CompteLib_0035;;;24K116;20241128;EcritureLib_0269;;0,00;53,50;C;;;
CM;Banque CM;;20241128;51200000;CompteLib_0020;;;24K116;20241128;EcritureLib_0269;;53,50;0,00;D;;;
CM;Banque CM;;20241128;62700000;CompteLib_0036;;;24K117;20241128;EcritureLib_0270;;0,37;0,00;D;;;
CM;Banque CM;;20241128;51200000;CompteLib_0020;;;24K117;20241128;EcritureLib_0270;;0,00;0,37;C;;;
CM;Banque CM;;20241128;62700000;CompteLib_0036;;;24K118;20241128;EcritureLib_0270;;0,41;0,00;D;;;
CM;Banque CM;;20241128;51200000;CompteLib_0020;;;24K118;20241128;EcritureLib_0270;;0,00;0,41;C;;;
CM;Banque CM;;20241129;51180000;CompteLib_0035;;;24K119;20241129;EcritureLib_0271;;0,00;12,50;C;;;
CM;Banque CM;;20241129;51200000;CompteLib_0020;;;24K119;20241129;EcritureLib_0271;;12,50;0,00;D;;;
CM;Banque CM;;20241129;51180000;CompteLib_0035;;;24K120;20241129;EcritureLib_0271;;0,00;66,50;C;;;
CM;Banque CM;;20241129;51200000;CompteLib_0020;;;24K120;20241129;EcritureLib_0271;;66,50;0,00;D;;;
CM;Banque CM;;20241129;62700000;CompteLib_0036;;;24K121;20241129;EcritureLib_0272;;0,42;0,00;D;;;
CM;Banque CM;;20241129;51200000;CompteLib_0020;;;24K121;20241129;EcritureLib_0272;;0,00;0,42;C;;;
CM;Banque CM;;20241129;62700000;CompteLib_0036;;;24K122;20241129;EcritureLib_0272;;0,08;0,00;D;;;
CM;Banque CM;;20241129;51200000;CompteLib_0020;;;24K122;20241129;EcritureLib_0272;;0,00;0,08;C;;;
CM;Banque CM;;20241202;51180000;CompteLib_0035;;;24L1;20241202;EcritureLib_0273;;0,00;153,00;C;;;
CM;Banque CM;;20241202;51200000;CompteLib_0020;;;24L1;20241202;EcritureLib_0273;;153,00;0,00;D;;;
CM;Banque CM;;20241202;51180000;CompteLib_0035;;;24L2;20241202;EcritureLib_0274;;0,00;61,50;C;;;
CM;Banque CM;;20241202;51200000;CompteLib_0020;;;24L2;20241202;EcritureLib_0274;;61,50;0,00;D;;;
CM;Banque CM;;20241202;51180000;CompteLib_0035;;;24L3;20241202;EcritureLib_0273;;0,00;168,50;C;;;
CM;Banque CM;;20241202;51200000;CompteLib_0020;;;24L3;20241202;EcritureLib_0273;;168,50;0,00;D;;;
CM;Banque CM;;20241202;62700000;CompteLib_0036;;;24L4;20241202;EcritureLib_0275;;1,29;0,00;D;;;
CM;Banque CM;;20241202;51200000;CompteLib_0020;;;24L4;20241202;EcritureLib_0275;;0,00;1,29;C;;;
CM;Banque CM;;20241202;62700000;CompteLib_0036;;;24L5;20241202;EcritureLib_0276;;0,34;0,00;D;;;
CM;Banque CM;;20241202;51200000;CompteLib_0020;;;24L5;20241202;EcritureLib_0276;;0,00;0,34;C;;;
CM;Banque CM;;20241202;62700000;CompteLib_0036;;;24L6;20241202;EcritureLib_0275;;1,43;0,00;D;;;
CM;Banque CM;;20241202;51200000;CompteLib_0020;;;24L6;20241202;EcritureLib_0275;;0,00;1,43;C;;;
CM;Banque CM;;20241202;40100000;CompteLib_0011;401RESTA;RESTAURANT;24L7;20241202;EcritureLib_0277;;1,00;0,00;D;;;
CM;Banque CM;;20241202;51200000;CompteLib_0020;;;24L7;20241202;EcritureLib_0277;;0,00;1,00;C;;;
CM;Banque CM;;20241202;40100000;CompteLib_0011;FCARLIER;CARLIER;24L8;20241202;EcritureLib_0278;;49,90;0,00;D;;;
CM;Banque CM;;20241202;51200000;CompteLib_0020;;;24L8;20241202;EcritureLib_0278;;0,00;49,90;C;;;
CM;Banque CM;;20241203;40100000;CompteLib_0011;401POSTE;LA POSTE;24L12;20241203;EcritureLib_0100;;4,99;0,00;D;;;
CM;Banque CM;;20241203;51200000;CompteLib_0020;;;24L12;20241203;EcritureLib_0100;;0,00;4,99;C;;;
CM;Banque CM;;20241203;40100000;CompteLib_0011;401POSTE;LA POSTE;24L13;20241203;EcritureLib_0100;;10,99;0,00;D;;;
CM;Banque CM;;20241203;51200000;CompteLib_0020;;;24L13;20241203;EcritureLib_0100;;0,00;10,99;C;;;
CM;Banque CM;;20241203;51120000;CompteLib_0037;;;24L14;20241203;EcritureLib_0279;;0,00;41,51;C;;;
CM;Banque CM;;20241203;51200000;CompteLib_0020;;;24L14;20241203;EcritureLib_0279;;41,51;0,00;D;;;
CM;Banque CM;;20241203;51180000;CompteLib_0035;;;24L15;20241203;EcritureLib_0280;;0,00;14,00;C;;;
CM;Banque CM;;20241203;51200000;CompteLib_0020;;;24L15;20241203;EcritureLib_0280;;14,00;0,00;D;;;
CM;Banque CM;;20241203;62700000;CompteLib_0036;;;24L16;20241203;EcritureLib_0281;;0,09;0,00;D;;;
CM;Banque CM;;20241203;51200000;CompteLib_0020;;;24L16;20241203;EcritureLib_0281;;0,00;0,09;C;;;
CM;Banque CM;;20241203;40100000;CompteLib_0011;FLEROY;LEROY MERLIN;24L186;20241203;EcritureLib_0282;;1,00;0,00;D;;;
CM;Banque CM;;20241203;51200000;CompteLib_0020;;;24L186;20241203;EcritureLib_0282;;0,00;1,00;C;;;
CM;Banque CM;;20241203;62700000;CompteLib_0036;;;24L18;20241203;EcritureLib_0283;;37,14;0,00;D;;;
CM;Banque CM;;20241203;51200000;CompteLib_0020;;;24L18;20241203;EcritureLib_0283;;0,00;37,14;C;;;
CM;Banque CM;;20241204;61600000;CompteLib_0038;;;24L23;20241204;EcritureLib_0103;;21,86;0,00;D;;;
CM;Banque CM;;20241204;51200000;CompteLib_0020;;;24L23;20241204;EcritureLib_0103;;0,00;21,86;C;;;
CM;Banque CM;;20241204;51120000;CompteLib_0037;;;24L24;20241204;EcritureLib_0284;;0,00;23,80;C;;;
CM;Banque CM;;20241204;51200000;CompteLib_0020;;;24L24;20241204;EcritureLib_0284;;23,80;0,00;D;;;
CM;Banque CM;;20241204;70180300;CompteLib_0040;;;24L25;20241204;EcritureLib_0285;;0,00;15,13;C;;;
CM;Banque CM;;20241204;44571100;CompteLib_0016;;;24L25;20241204;EcritureLib_0285;;0,00;1,51;C;;;
CM;Banque CM;;20241204;51200000;CompteLib_0020;;;24L25;20241204;EcritureLib_0285;;16,64;0,00;D;;;
CM;Banque CM;;20241204;40100000;CompteLib_0011;FLIDL;LIDL;24L26;20241204;EcritureLib_0286;;6,21;0,00;D;;;
CM;Banque CM;;20241204;51200000;CompteLib_0020;;;24L26;20241204;EcritureLib_0286;;0,00;6,21;C;;;
CM;Banque CM;;20241204;47100000;CompteLib_0044;;;24L27;20241204;EcritureLib_0287;;1584,31;0,00;D;;;
CM;Banque CM;;20241204;51200000;CompteLib_0020;;;24L27;20241204;EcritureLib_0287;;0,00;1584,31;C;;;
CM;Banque CM;;20241204;62700000;CompteLib_0036;;;24L28;20241204;EcritureLib_0288;;10,40;0,00;D;;;
CM;Banque CM;;20241204;51200000;CompteLib_0020;;;24L28;20241204;EcritureLib_0288;;0,00;10,40;C;;;
CM;Banque CM;;20241205;43100000;CompteLib_0042;;;24L35;20241205;EcritureLib_0289;;650,00;0,00;D;;;
CM;Banque CM;;20241205;51200000;CompteLib_0020;;;24L35;20241205;EcritureLib_0289;;0,00;650,00;C;;;
CM;Banque CM;;20241205;40100000;CompteLib_0011;FTILLER;TILLER;24L205;20241205;EcritureLib_0290;;58,80;0,00;D;;N;20250422
CM;Banque CM;;20241205;51200000;CompteLib_0020;;;24L205;20241205;EcritureLib_0290;;0,00;58,80;C;;;
CM;Banque CM;;20241205;51180000;CompteLib_0035;;;24L37;20241205;EcritureLib_0291;;0,00;52,30;C;;;
CM;Banque CM;;20241205;51200000;CompteLib_0020;;;24L37;20241205;EcritureLib_0291;;52,30;0,00;D;;;
CM;Banque CM;;20241205;62700000;CompteLib_0036;;;24L38;20241205;EcritureLib_0292;;0,32;0,00;D;;;
CM;Banque CM;;20241205;51200000;CompteLib_0020;;;24L38;20241205;EcritureLib_0292;;0,00;0,32;C;;;
CM;Banque CM;;20241205;70180100;CompteLib_0039;;;24L39;20241205;EcritureLib_0293;;0,00;12,61;C;;;
CM;Banque CM;;20241205;44571100;CompteLib_0016;;;24L39;20241205;EcritureLib_0293;;0,00;1,26;C;;;
CM;Banque CM;;20241205;51200000;CompteLib_0020;;;24L39;20241205;EcritureLib_0293;;13,87;0,00;D;;;
CM;Banque CM;;20241205;51180000;CompteLib_0035;;;24L40;20241205;EcritureLib_0291;;0,00;11,00;C;;;
CM;Banque CM;;20241205;51200000;CompteLib_0020;;;24L40;20241205;EcritureLib_0291;;11,00;0,00;D;;;
CM;Banque CM;;20241205;51180000;CompteLib_0035;;;24L41;20241205;EcritureLib_0291;;0,00;28,90;C;;;
CM;Banque CM;;20241205;51200000;CompteLib_0020;;;24L41;20241205;EcritureLib_0291;;28,90;0,00;D;;;
CM;Banque CM;;20241205;62700000;CompteLib_0036;;;24L42;20241205;EcritureLib_0292;;0,20;0,00;D;;;
CM;Banque CM;;20241205;51200000;CompteLib_0020;;;24L42;20241205;EcritureLib_0292;;0,00;0,20;C;;;
CM;Banque CM;;20241205;62700000;CompteLib_0036;;;24L43;20241205;EcritureLib_0292;;0,08;0,00;D;;;
CM;Banque CM;;20241205;51200000;CompteLib_0020;;;24L43;20241205;EcritureLib_0292;;0,00;0,08;C;;;
CM;Banque CM;;20241205;40100000;CompteLib_0011;FABC;ABC;24L206;20241205;EcritureLib_0294;;4,60;0,00;D;;B;20250422
CM;Banque CM;;20241205;51200000;CompteLib_0020;;;24L206;20241205;EcritureLib_0294;;0,00;4,60;C;;;
CM;Banque CM;;20241205;40100000;CompteLib_0011;401RESTA;RESTAURANT;24L45;20241205;EcritureLib_0295;;27,50;0,00;D;;;
CM;Banque CM;;20241205;51200000;CompteLib_0020;;;24L45;20241205;EcritureLib_0295;;0,00;27,50;C;;;
CM;Banque CM;;20241205;40100000;CompteLib_0011;FLIDL;LIDL;24L46;20241205;EcritureLib_0296;;5,35;0,00;D;;E;20250205
CM;Banque CM;;20241205;51200000;CompteLib_0020;;;24L46;20241205;EcritureLib_0296;;0,00;5,35;C;;;
CM;Banque CM;;20241205;62700000;CompteLib_0036;;;24L47;20241205;EcritureLib_0297;;52,00;0,00;D;;;
CM;Banque CM;;20241205;51200000;CompteLib_0020;;;24L47;20241205;EcritureLib_0297;;0,00;52,00;C;;;
CM;Banque CM;;20241206;50800000;CompteLib_0045;;;24L50;20241206;EcritureLib_0298;;0,00;1300,00;C;;;
CM;Banque CM;;20241206;51200000;CompteLib_0020;;;24L50;20241206;EcritureLib_0298;;1300,00;0,00;D;;;
CM;Banque CM;;20241206;51120000;CompteLib_0037;;;24L51;20241206;EcritureLib_0299;;0,00;19,51;C;;;
CM;Banque CM;;20241206;51200000;CompteLib_0020;;;24L51;20241206;EcritureLib_0299;;19,51;0,00;D;;;
CM;Banque CM;;20241206;51180000;CompteLib_0035;;;24L52;20241206;EcritureLib_0300;;0,00;32,50;C;;;
CM;Banque CM;;20241206;51200000;CompteLib_0020;;;24L52;20241206;EcritureLib_0300;;32,50;0,00;D;;;
CM;Banque CM;;20241206;51180000;CompteLib_0035;;;24L53;20241206;EcritureLib_0300;;0,00;131,60;C;;;
CM;Banque CM;;20241206;51200000;CompteLib_0020;;;24L53;20241206;EcritureLib_0300;;131,60;0,00;D;;;
CM;Banque CM;;20241206;62700000;CompteLib_0036;;;24L54;20241206;EcritureLib_0301;;0,85;0,00;D;;;
CM;Banque CM;;20241206;51200000;CompteLib_0020;;;24L54;20241206;EcritureLib_0301;;0,00;0,85;C;;;
CM;Banque CM;;20241206;62700000;CompteLib_0036;;;24L55;20241206;EcritureLib_0301;;0,23;0,00;D;;;
CM;Banque CM;;20241206;51200000;CompteLib_0020;;;24L55;20241206;EcritureLib_0301;;0,00;0,23;C;;;
CM;Banque CM;;20241206;40100000;CompteLib_0011;FLIDL;LIDL;24L56;20241206;EcritureLib_0302;;4,85;0,00;D;;G;20250221
CM;Banque CM;;20241206;51200000;CompteLib_0020;;;24L56;20241206;EcritureLib_0302;;0,00;4,85;C;;;
CM;Banque CM;;20241207;47100000;CompteLib_0044;;;24L57;20241207;EcritureLib_0303;;0,00;294,42;C;;;
CM;Banque CM;;20241207;51200000;CompteLib_0020;;;24L57;20241207;EcritureLib_0303;;294,42;0,00;D;;;
CM;Banque CM;;20241209;51180000;CompteLib_0035;;;24L58;20241209;EcritureLib_0304;;0,00;34,50;C;;;
CM;Banque CM;;20241209;51200000;CompteLib_0020;;;24L58;20241209;EcritureLib_0304;;34,50;0,00;D;;;
CM;Banque CM;;20241209;51180000;CompteLib_0035;;;24L59;20241209;EcritureLib_0305;;0,00;98,50;C;;;
CM;Banque CM;;20241209;51200000;CompteLib_0020;;;24L59;20241209;EcritureLib_0305;;98,50;0,00;D;;;
CM;Banque CM;;20241209;51180000;CompteLib_0035;;;24L60;20241209;EcritureLib_0305;;0,00;107,00;C;;;
CM;Banque CM;;20241209;51200000;CompteLib_0020;;;24L60;20241209;EcritureLib_0305;;107,00;0,00;D;;;
CM;Banque CM;;20241209;51180000;CompteLib_0035;;;24L61;20241209;EcritureLib_0304;;0,00;52,00;C;;;
CM;Banque CM;;20241209;51200000;CompteLib_0020;;;24L61;20241209;EcritureLib_0304;;52,00;0,00;D;;;
CM;Banque CM;;20241209;62700000;CompteLib_0036;;;24L62;20241209;EcritureLib_0306;;0,26;0,00;D;;;
CM;Banque CM;;20241209;51200000;CompteLib_0020;;;24L62;20241209;EcritureLib_0306;;0,00;0,26;C;;;
CM;Banque CM;;20241209;62700000;CompteLib_0036;;;24L63;20241209;EcritureLib_0307;;0,96;0,00;D;;;
CM;Banque CM;;20241209;51200000;CompteLib_0020;;;24L63;20241209;EcritureLib_0307;;0,00;0,96;C;;;
CM;Banque CM;;20241209;62700000;CompteLib_0036;;;24L64;20241209;EcritureLib_0307;;0,97;0,00;D;;;
CM;Banque CM;;20241209;51200000;CompteLib_0020;;;24L64;20241209;EcritureLib_0307;;0,00;0,97;C;;;
CM;Banque CM;;20241209;62700000;CompteLib_0036;;;24L65;20241209;EcritureLib_0306;;0,22;0,00;D;;;
CM;Banque CM;;20241209;51200000;CompteLib_0020;;;24L65;20241209;EcritureLib_0306;;0,00;0,22;C;;;
CM;Banque CM;;20241209;40100000;CompteLib_0011;FTOTAL;TOTAL ENERGIES ;24L225;20241209;EcritureLib_0127;;294,42;0,00;D;;;
CM;Banque CM;;20241209;51200000;CompteLib_0020;;;24L225;20241209;EcritureLib_0127;;0,00;294,42;C;;;
CM;Banque CM;;20241209;51180000;CompteLib_0035;;;24L67;20241209;EcritureLib_0308;;0,00;15,40;C;;;
CM;Banque CM;;20241209;51200000;CompteLib_0020;;;24L67;20241209;EcritureLib_0308;;15,40;0,00;D;;;
CM;Banque CM;;20241209;51180000;CompteLib_0035;;;24L68;20241209;EcritureLib_0308;;0,00;115,00;C;;;
CM;Banque CM;;20241209;51200000;CompteLib_0020;;;24L68;20241209;EcritureLib_0308;;115,00;0,00;D;;;
CM;Banque CM;;20241209;62700000;CompteLib_0036;;;24L69;20241209;EcritureLib_0309;;0,56;0,00;D;;;
CM;Banque CM;;20241209;51200000;CompteLib_0020;;;24L69;20241209;EcritureLib_0309;;0,00;0,56;C;;;
CM;Banque CM;;20241209;62700000;CompteLib_0036;;;24L70;20241209;EcritureLib_0309;;0,12;0,00;D;;;
CM;Banque CM;;20241209;51200000;CompteLib_0020;;;24L70;20241209;EcritureLib_0309;;0,00;0,12;C;;;
CM;Banque CM;;20241210;51180000;CompteLib_0035;;;24L71;20241210;EcritureLib_0310;;0,00;60,50;C;;;
CM;Banque CM;;20241210;51200000;CompteLib_0020;;;24L71;20241210;EcritureLib_0310;;60,50;0,00;D;;;
CM;Banque CM;;20241210;51180000;CompteLib_0035;;;24L72;20241210;EcritureLib_0310;;0,00;37,90;C;;;
CM;Banque CM;;20241210;51200000;CompteLib_0020;;;24L72;20241210;EcritureLib_0310;;37,90;0,00;D;;;
CM;Banque CM;;20241210;62700000;CompteLib_0036;;;24L73;20241210;EcritureLib_0311;;0,33;0,00;D;;;
CM;Banque CM;;20241210;51200000;CompteLib_0020;;;24L73;20241210;EcritureLib_0311;;0,00;0,33;C;;;
CM;Banque CM;;20241210;62700000;CompteLib_0036;;;24L74;20241210;EcritureLib_0311;;0,33;0,00;D;;;
CM;Banque CM;;20241210;51200000;CompteLib_0020;;;24L74;20241210;EcritureLib_0311;;0,00;0,33;C;;;
CM;Banque CM;;20241211;51120000;CompteLib_0037;;;24L75;20241211;EcritureLib_0312;;0,00;31,38;C;;;
CM;Banque CM;;20241211;51200000;CompteLib_0020;;;24L75;20241211;EcritureLib_0312;;31,38;0,00;D;;;
CM;Banque CM;;20241211;51180000;CompteLib_0035;;;24L76;20241211;EcritureLib_0313;;0,00;22,50;C;;;
CM;Banque CM;;20241211;51200000;CompteLib_0020;;;24L76;20241211;EcritureLib_0313;;22,50;0,00;D;;;
CM;Banque CM;;20241211;51180000;CompteLib_0035;;;24L77;20241211;EcritureLib_0313;;0,00;53,50;C;;;
CM;Banque CM;;20241211;51200000;CompteLib_0020;;;24L77;20241211;EcritureLib_0313;;53,50;0,00;D;;;
CM;Banque CM;;20241211;62700000;CompteLib_0036;;;24L78;20241211;EcritureLib_0314;;0,34;0,00;D;;;
CM;Banque CM;;20241211;51200000;CompteLib_0020;;;24L78;20241211;EcritureLib_0314;;0,00;0,34;C;;;
CM;Banque CM;;20241211;62700000;CompteLib_0036;;;24L79;20241211;EcritureLib_0314;;0,16;0,00;D;;;
CM;Banque CM;;20241211;51200000;CompteLib_0020;;;24L79;20241211;EcritureLib_0314;;0,00;0,16;C;;;
CM;Banque CM;;20241212;51120000;CompteLib_0037;;;24L82;20241212;EcritureLib_0315;;0,00;7,84;C;;;
CM;Banque CM;;20241212;51200000;CompteLib_0020;;;24L82;20241212;EcritureLib_0315;;7,84;0,00;D;;;
CM;Banque CM;;20241212;70180100;CompteLib_0039;;;24L83;20241212;EcritureLib_0316;;0,00;26,47;C;;;
CM;Banque CM;;20241212;44571100;CompteLib_0016;;;24L83;20241212;EcritureLib_0316;;0,00;2,65;C;;;
CM;Banque CM;;20241212;51200000;CompteLib_0020;;;24L83;20241212;EcritureLib_0316;;29,12;0,00;D;;;
CM;Banque CM;;20241212;51180000;CompteLib_0035;;;24L84;20241212;EcritureLib_0317;;0,00;34,50;C;;;
CM;Banque CM;;20241212;51200000;CompteLib_0020;;;24L84;20241212;EcritureLib_0317;;34,50;0,00;D;;;
CM;Banque CM;;20241212;62700000;CompteLib_0036;;;24L85;20241212;EcritureLib_0318;;0,24;0,00;D;;;
CM;Banque CM;;20241212;51200000;CompteLib_0020;;;24L85;20241212;EcritureLib_0318;;0,00;0,24;C;;;
CM;Banque CM;;20241213;51180000;CompteLib_0035;;;24L86;20241213;EcritureLib_0319;;0,00;71,00;C;;;
CM;Banque CM;;20241213;51200000;CompteLib_0020;;;24L86;20241213;EcritureLib_0319;;71,00;0,00;D;;;
CM;Banque CM;;20241213;51180000;CompteLib_0035;;;24L87;20241213;EcritureLib_0319;;0,00;110,00;C;;;
CM;Banque CM;;20241213;51200000;CompteLib_0020;;;24L87;20241213;EcritureLib_0319;;110,00;0,00;D;;;
CM;Banque CM;;20241213;62700000;CompteLib_0036;;;24L88;20241213;EcritureLib_0320;;0,78;0,00;D;;;
CM;Banque CM;;20241213;51200000;CompteLib_0020;;;24L88;20241213;EcritureLib_0320;;0,00;0,78;C;;;
CM;Banque CM;;20241213;62700000;CompteLib_0036;;;24L89;20241213;EcritureLib_0320;;0,39;0,00;D;;;
CM;Banque CM;;20241213;51200000;CompteLib_0020;;;24L89;20241213;EcritureLib_0320;;0,00;0,39;C;;;
CM;Banque CM;;20241216;62600000;CompteLib_0031;;;24L91;20241216;EcritureLib_0143;;28,32;0,00;D;;;
CM;Banque CM;;20241216;44566000;CompteLib_0015;;;24L91;20241216;EcritureLib_0143;;5,67;0,00;D;;;
CM;Banque CM;;20241216;51200000;CompteLib_0020;;;24L91;20241216;EcritureLib_0143;;0,00;33,99;C;;;
CM;Banque CM;;20241216;51180000;CompteLib_0035;;;24L92;20241216;EcritureLib_0321;;0,00;13,50;C;;;
CM;Banque CM;;20241216;51200000;CompteLib_0020;;;24L92;20241216;EcritureLib_0321;;13,50;0,00;D;;;
CM;Banque CM;;20241216;51180000;CompteLib_0035;;;24L93;20241216;EcritureLib_0321;;0,00;80,50;C;;;
CM;Banque CM;;20241216;51200000;CompteLib_0020;;;24L93;20241216;EcritureLib_0321;;80,50;0,00;D;;;
CM;Banque CM;;20241216;51180000;CompteLib_0035;;;24L94;20241216;EcritureLib_0322;;0,00;166,59;C;;;
CM;Banque CM;;20241216;51200000;CompteLib_0020;;;24L94;20241216;EcritureLib_0322;;166,59;0,00;D;;;
CM;Banque CM;;20241216;62700000;CompteLib_0036;;;24L95;20241216;EcritureLib_0323;;1,17;0,00;D;;;
CM;Banque CM;;20241216;51200000;CompteLib_0020;;;24L95;20241216;EcritureLib_0323;;0,00;1,17;C;;;
CM;Banque CM;;20241216;62700000;CompteLib_0036;;;24L96;20241216;EcritureLib_0324;;0,09;0,00;D;;;
CM;Banque CM;;20241216;51200000;CompteLib_0020;;;24L96;20241216;EcritureLib_0324;;0,00;0,09;C;;;
CM;Banque CM;;20241216;62700000;CompteLib_0036;;;24L97;20241216;EcritureLib_0324;;0,68;0,00;D;;;
CM;Banque CM;;20241216;51200000;CompteLib_0020;;;24L97;20241216;EcritureLib_0324;;0,00;0,68;C;;;
CM;Banque CM;;20241216;51120000;CompteLib_0037;;;24L98;20241216;EcritureLib_0325;;0,00;26,81;C;;;
CM;Banque CM;;20241216;51200000;CompteLib_0020;;;24L98;20241216;EcritureLib_0325;;26,81;0,00;D;;;
CM;Banque CM;;20241216;51180000;CompteLib_0035;;;24L99;20241216;EcritureLib_0326;;0,00;12,50;C;;;
CM;Banque CM;;20241216;51200000;CompteLib_0020;;;24L99;20241216;EcritureLib_0326;;12,50;0,00;D;;;
CM;Banque CM;;20241216;62700000;CompteLib_0036;;;24L100;20241216;EcritureLib_0327;;0,11;0,00;D;;;
CM;Banque CM;;20241216;51200000;CompteLib_0020;;;24L100;20241216;EcritureLib_0327;;0,00;0,11;C;;;
CM;Banque CM;;20241216;40100000;CompteLib_0011;401RESTA;RESTAURANT;24L101;20241216;EcritureLib_0328;;1,99;0,00;D;;;
CM;Banque CM;;20241216;51200000;CompteLib_0020;;;24L101;20241216;EcritureLib_0328;;0,00;1,99;C;;;
CM;Banque CM;;20241217;51180000;CompteLib_0035;;;24L103;20241217;EcritureLib_0329;;0,00;115,30;C;;;
CM;Banque CM;;20241217;51200000;CompteLib_0020;;;24L103;20241217;EcritureLib_0329;;115,30;0,00;D;;;
CM;Banque CM;;20241217;62700000;CompteLib_0036;;;24L104;20241217;EcritureLib_0330;;0,75;0,00;D;;;
CM;Banque CM;;20241217;51200000;CompteLib_0020;;;24L104;20241217;EcritureLib_0330;;0,00;0,75;C;;;
CM;Banque CM;;20241217;40100000;CompteLib_0011;FFREE;FREE;24L227;20241217;EcritureLib_0331;;29,99;0,00;D;;A;20250729
CM;Banque CM;;20241217;51200000;CompteLib_0020;;;24L227;20241217;EcritureLib_0331;;0,00;29,99;C;;;
CM;Banque CM;;20241218;51120000;CompteLib_0037;;;24L106;20241218;EcritureLib_0332;;0,00;5,61;C;;;
CM;Banque CM;;20241218;51200000;CompteLib_0020;;;24L106;20241218;EcritureLib_0332;;5,61;0,00;D;;;
CM;Banque CM;;20241218;51120000;CompteLib_0037;;;24L107;20241218;EcritureLib_0333;;0,00;46,72;C;;;
CM;Banque CM;;20241218;51200000;CompteLib_0020;;;24L107;20241218;EcritureLib_0333;;46,72;0,00;D;;;
CM;Banque CM;;20241218;51180000;CompteLib_0035;;;24L108;20241218;EcritureLib_0334;;0,00;80,90;C;;;
CM;Banque CM;;20241218;51200000;CompteLib_0020;;;24L108;20241218;EcritureLib_0334;;80,90;0,00;D;;;
CM;Banque CM;;20241218;62700000;CompteLib_0036;;;24L109;20241218;EcritureLib_0335;;0,63;0,00;D;;;
CM;Banque CM;;20241218;51200000;CompteLib_0020;;;24L109;20241218;EcritureLib_0335;;0,00;0,63;C;;;
CM;Banque CM;;20241218;40100000;CompteLib_0011;FLIDL;LIDL;24L110;20241218;EcritureLib_0336;;5,98;0,00;D;;F;20250221
CM;Banque CM;;20241218;51200000;CompteLib_0020;;;24L110;20241218;EcritureLib_0336;;0,00;5,98;C;;;
CM;Banque CM;;20241219;51120000;CompteLib_0037;;;24L115;20241219;EcritureLib_0337;;0,00;23,61;C;;;
CM;Banque CM;;20241219;51200000;CompteLib_0020;;;24L115;20241219;EcritureLib_0337;;23,61;0,00;D;;;
CM;Banque CM;;20241219;51120000;CompteLib_0037;;;24L116;20241219;EcritureLib_0338;;0,00;43,45;C;;;
CM;Banque CM;;20241219;51200000;CompteLib_0020;;;24L116;20241219;EcritureLib_0338;;43,45;0,00;D;;;
CM;Banque CM;;20241219;51180000;CompteLib_0035;;;24L117;20241219;EcritureLib_0339;;0,00;13,00;C;;;
CM;Banque CM;;20241219;51200000;CompteLib_0020;;;24L117;20241219;EcritureLib_0339;;13,00;0,00;D;;;
CM;Banque CM;;20241219;51180000;CompteLib_0035;;;24L118;20241219;EcritureLib_0339;;0,00;182,40;C;;;
CM;Banque CM;;20241219;51200000;CompteLib_0020;;;24L118;20241219;EcritureLib_0339;;182,40;0,00;D;;;
CM;Banque CM;;20241219;62700000;CompteLib_0036;;;24L119;20241219;EcritureLib_0340;;1,20;0,00;D;;;
CM;Banque CM;;20241219;51200000;CompteLib_0020;;;24L119;20241219;EcritureLib_0340;;0,00;1,20;C;;;
CM;Banque CM;;20241219;62700000;CompteLib_0036;;;24L120;20241219;EcritureLib_0340;;0,09;0,00;D;;;
CM;Banque CM;;20241219;51200000;CompteLib_0020;;;24L120;20241219;EcritureLib_0340;;0,00;0,09;C;;;
CM;Banque CM;;20241219;40100000;CompteLib_0011;401CARBU;CARBURANT;24L121;20241219;EcritureLib_0341;;50,03;0,00;D;;G;20250221
CM;Banque CM;;20241219;51200000;CompteLib_0020;;;24L121;20241219;EcritureLib_0341;;0,00;50,03;C;;;
CM;Banque CM;;20241219;40100000;CompteLib_0011;FCARTER;CARTER CASH ;24L212;20241219;EcritureLib_0342;;11,90;0,00;D;;A;20250422
CM;Banque CM;;20241219;51200000;CompteLib_0020;;;24L212;20241219;EcritureLib_0342;;0,00;11,90;C;;;
CM;Banque CM;;20241219;40100000;CompteLib_0011;FPROMOCASH;PROMOCASH;24L123;20241219;EcritureLib_0343;;92,78;0,00;D;;G;20250422
CM;Banque CM;;20241219;51200000;CompteLib_0020;;;24L123;20241219;EcritureLib_0343;;0,00;92,78;C;;;
CM;Banque CM;;20241220;51120000;CompteLib_0037;;;24L125;20241220;EcritureLib_0344;;0,00;56,28;C;;;
CM;Banque CM;;20241220;51200000;CompteLib_0020;;;24L125;20241220;EcritureLib_0344;;56,28;0,00;D;;;
CM;Banque CM;;20241220;51180000;CompteLib_0035;;;24L126;20241220;EcritureLib_0345;;0,00;96,00;C;;;
CM;Banque CM;;20241220;51200000;CompteLib_0020;;;24L126;20241220;EcritureLib_0345;;96,00;0,00;D;;;
CM;Banque CM;;20241220;62700000;CompteLib_0036;;;24L127;20241220;EcritureLib_0346;;0,71;0,00;D;;;
CM;Banque CM;;20241220;51200000;CompteLib_0020;;;24L127;20241220;EcritureLib_0346;;0,00;0,71;C;;;
CM;Banque CM;;20241220;40100000;CompteLib_0011;FCENTRAKOR;CENTRAKOR;24L128;20241220;EcritureLib_0347;;9,99;0,00;D;;A;20250321
CM;Banque CM;;20241220;51200000;CompteLib_0020;;;24L128;20241220;EcritureLib_0347;;0,00;9,99;C;;;
CM;Banque CM;;20241220;40100000;CompteLib_0011;FINTERRESTO;INTER RESTO;24L129;20241220;EcritureLib_0348;;63,68;0,00;D;;D;20250221
CM;Banque CM;;20241220;51200000;CompteLib_0020;;;24L129;20241220;EcritureLib_0348;;0,00;63,68;C;;;
CM;Banque CM;;20241223;51180000;CompteLib_0035;;;24L132;20241223;EcritureLib_0349;;0,00;19,00;C;;;
CM;Banque CM;;20241223;51200000;CompteLib_0020;;;24L132;20241223;EcritureLib_0349;;19,00;0,00;D;;;
CM;Banque CM;;20241223;51180000;CompteLib_0035;;;24L133;20241223;EcritureLib_0349;;0,00;33,00;C;;;
CM;Banque CM;;20241223;51200000;CompteLib_0020;;;24L133;20241223;EcritureLib_0349;;33,00;0,00;D;;;
CM;Banque CM;;20241223;51180000;CompteLib_0035;;;24L134;20241223;EcritureLib_0350;;0,00;200,30;C;;;
CM;Banque CM;;20241223;51200000;CompteLib_0020;;;24L134;20241223;EcritureLib_0350;;200,30;0,00;D;;;
CM;Banque CM;;20241223;62700000;CompteLib_0036;;;24L135;20241223;EcritureLib_0351;;1,27;0,00;D;;;
CM;Banque CM;;20241223;51200000;CompteLib_0020;;;24L135;20241223;EcritureLib_0351;;0,00;1,27;C;;;
CM;Banque CM;;20241223;62700000;CompteLib_0036;;;24L136;20241223;EcritureLib_0352;;0,18;0,00;D;;;
CM;Banque CM;;20241223;51200000;CompteLib_0020;;;24L136;20241223;EcritureLib_0352;;0,00;0,18;C;;;
CM;Banque CM;;20241223;62700000;CompteLib_0036;;;24L137;20241223;EcritureLib_0352;;0,13;0,00;D;;;
CM;Banque CM;;20241223;51200000;CompteLib_0020;;;24L137;20241223;EcritureLib_0352;;0,00;0,13;C;;;
CM;Banque CM;;20241223;51180000;CompteLib_0035;;;24L138;20241223;EcritureLib_0353;;0,00;76,50;C;;;
CM;Banque CM;;20241223;51200000;CompteLib_0020;;;24L138;20241223;EcritureLib_0353;;76,50;0,00;D;;;
CM;Banque CM;;20241223;51180000;CompteLib_0035;;;24L139;20241223;EcritureLib_0353;;0,00;62,00;C;;;
CM;Banque CM;;20241223;51200000;CompteLib_0020;;;24L139;20241223;EcritureLib_0353;;62,00;0,00;D;;;
CM;Banque CM;;20241223;62700000;CompteLib_0036;;;24L140;20241223;EcritureLib_0354;;0,39;0,00;D;;;
CM;Banque CM;;20241223;51200000;CompteLib_0020;;;24L140;20241223;EcritureLib_0354;;0,00;0,39;C;;;
CM;Banque CM;;20241223;62700000;CompteLib_0036;;;24L141;20241223;EcritureLib_0354;;0,40;0,00;D;;;
CM;Banque CM;;20241223;51200000;CompteLib_0020;;;24L141;20241223;EcritureLib_0354;;0,00;0,40;C;;;
CM;Banque CM;;20241223;40100000;CompteLib_0011;FMETRO;METRO;24L142;20241223;EcritureLib_0355;;41,44;0,00;D;;E;20250221
CM;Banque CM;;20241223;51200000;CompteLib_0020;;;24L142;20241223;EcritureLib_0355;;0,00;41,44;C;;;
CM;Banque CM;;20241224;51180000;CompteLib_0035;;;24L144;20241224;EcritureLib_0356;;0,00;36,00;C;;;
CM;Banque CM;;20241224;51200000;CompteLib_0020;;;24L144;20241224;EcritureLib_0356;;36,00;0,00;D;;;
CM;Banque CM;;20241224;51180000;CompteLib_0035;;;24L145;20241224;EcritureLib_0356;;0,00;109,40;C;;;
CM;Banque CM;;20241224;51200000;CompteLib_0020;;;24L145;20241224;EcritureLib_0356;;109,40;0,00;D;;;
CM;Banque CM;;20241224;62700000;CompteLib_0036;;;24L146;20241224;EcritureLib_0357;;0,62;0,00;D;;;
CM;Banque CM;;20241224;51200000;CompteLib_0020;;;24L146;20241224;EcritureLib_0357;;0,00;0,62;C;;;
CM;Banque CM;;20241224;62700000;CompteLib_0036;;;24L147;20241224;EcritureLib_0357;;0,23;0,00;D;;;
CM;Banque CM;;20241224;51200000;CompteLib_0020;;;24L147;20241224;EcritureLib_0357;;0,00;0,23;C;;;
CM;Banque CM;;20241226;51180000;CompteLib_0035;;;24L151;20241226;EcritureLib_0358;;0,00;4,90;C;;;
CM;Banque CM;;20241226;51200000;CompteLib_0020;;;24L151;20241226;EcritureLib_0358;;4,90;0,00;D;;;
CM;Banque CM;;20241226;62700000;CompteLib_0036;;;24L152;20241226;EcritureLib_0359;;0,04;0,00;D;;;
CM;Banque CM;;20241226;51200000;CompteLib_0020;;;24L152;20241226;EcritureLib_0359;;0,00;0,04;C;;;
CM;Banque CM;;20241226;40100000;CompteLib_0011;401RESTA;RESTAURANT;24L153;20241226;EcritureLib_0360;;2,58;0,00;D;;B;20250422
CM;Banque CM;;20241226;51200000;CompteLib_0020;;;24L153;20241226;EcritureLib_0360;;0,00;2,58;C;;;
CM;Banque CM;;20241226;40100000;CompteLib_0011;FABC;ABC;24L217;20241226;EcritureLib_0361;;1,88;0,00;D;;A;20250422
CM;Banque CM;;20241226;51200000;CompteLib_0020;;;24L217;20241226;EcritureLib_0361;;0,00;1,88;C;;;
CM;Banque CM;;20241227;63511000;CompteLib_0046;;;24L219;20241227;EcritureLib_0362;;799,00;0,00;D;;;
CM;Banque CM;;20241227;51200000;CompteLib_0020;;;24L219;20241227;EcritureLib_0362;;0,00;799,00;C;;;
CM;Banque CM;;20241227;51120000;CompteLib_0037;;;24L158;20241227;EcritureLib_0363;;0,00;34,09;C;;;
CM;Banque CM;;20241227;51200000;CompteLib_0020;;;24L158;20241227;EcritureLib_0363;;34,09;0,00;D;;;
CM;Banque CM;;20241227;70180100;CompteLib_0039;;;24L159;20241227;EcritureLib_0364;;0,00;23,76;C;;;
CM;Banque CM;;20241227;44571100;CompteLib_0016;;;24L159;20241227;EcritureLib_0364;;0,00;2,38;C;;;
CM;Banque CM;;20241227;51200000;CompteLib_0020;;;24L159;20241227;EcritureLib_0364;;26,14;0,00;D;;;
CM;Banque CM;;20241227;51180000;CompteLib_0035;;;24L160;20241227;EcritureLib_0365;;0,00;23,50;C;;;
CM;Banque CM;;20241227;51200000;CompteLib_0020;;;24L160;20241227;EcritureLib_0365;;23,50;0,00;D;;;
CM;Banque CM;;20241227;62700000;CompteLib_0036;;;24L161;20241227;EcritureLib_0366;;0,14;0,00;D;;;
CM;Banque CM;;20241227;51200000;CompteLib_0020;;;24L161;20241227;EcritureLib_0366;;0,00;0,14;C;;;
CM;Banque CM;;20241227;51120000;CompteLib_0037;;;24L162;20241227;EcritureLib_0367;;0,00;19,44;C;;;
CM;Banque CM;;20241227;51200000;CompteLib_0020;;;24L162;20241227;EcritureLib_0367;;19,44;0,00;D;;;
CM;Banque CM;;20241227;40100000;CompteLib_0011;FSUPER;SUPER MARKET ;24L220;20241227;EcritureLib_0368;;28,00;0,00;D;;A;20250422
CM;Banque CM;;20241227;51200000;CompteLib_0020;;;24L220;20241227;EcritureLib_0368;;0,00;28,00;C;;;
CM;Banque CM;;20241227;40100000;CompteLib_0011;401RESTA;RESTAURANT;24L164;20241227;EcritureLib_0369;;29,40;0,00;D;;J;20250422
CM;Banque CM;;20241227;51200000;CompteLib_0020;;;24L164;20241227;EcritureLib_0369;;0,00;29,40;C;;;
CM;Banque CM;;20241230;40100000;CompteLib_0011;FSTC;STC;24L168;20241230;EcritureLib_0262;;1012,80;0,00;D;;;
CM;Banque CM;;20241230;51200000;CompteLib_0020;;;24L168;20241230;EcritureLib_0262;;0,00;1012,80;C;;;
CM;Banque CM;;20241230;44551000;CompteLib_0013;;;24L169;20241230;EcritureLib_0370;;240,00;0,00;D;;B;20250121
CM;Banque CM;;20241230;51200000;CompteLib_0020;;;24L169;20241230;EcritureLib_0370;;0,00;240,00;C;;;
CM;Banque CM;;20241230;51180000;CompteLib_0035;;;24L170;20241230;EcritureLib_0371;;0,00;58,50;C;;;
CM;Banque CM;;20241230;51200000;CompteLib_0020;;;24L170;20241230;EcritureLib_0371;;58,50;0,00;D;;;
CM;Banque CM;;20241230;51180000;CompteLib_0035;;;24L171;20241230;EcritureLib_0372;;0,00;93,90;C;;;
CM;Banque CM;;20241230;51200000;CompteLib_0020;;;24L171;20241230;EcritureLib_0372;;93,90;0,00;D;;;
CM;Banque CM;;20241230;51180000;CompteLib_0035;;;24L172;20241230;EcritureLib_0372;;0,00;40,00;C;;;
CM;Banque CM;;20241230;51200000;CompteLib_0020;;;24L172;20241230;EcritureLib_0372;;40,00;0,00;D;;;
CM;Banque CM;;20241230;62700000;CompteLib_0036;;;24L173;20241230;EcritureLib_0373;;0,21;0,00;D;;;
CM;Banque CM;;20241230;51200000;CompteLib_0020;;;24L173;20241230;EcritureLib_0373;;0,00;0,21;C;;;
CM;Banque CM;;20241230;62700000;CompteLib_0036;;;24L174;20241230;EcritureLib_0373;;0,58;0,00;D;;;
CM;Banque CM;;20241230;51200000;CompteLib_0020;;;24L174;20241230;EcritureLib_0373;;0,00;0,58;C;;;
CM;Banque CM;;20241230;62700000;CompteLib_0036;;;24L175;20241230;EcritureLib_0374;;0,48;0,00;D;;;
CM;Banque CM;;20241230;51200000;CompteLib_0020;;;24L175;20241230;EcritureLib_0374;;0,00;0,48;C;;;
CM;Banque CM;;20241230;51120000;CompteLib_0037;;;24L176;20241230;EcritureLib_0375;;0,00;10,45;C;;;
CM;Banque CM;;20241230;51200000;CompteLib_0020;;;24L176;20241230;EcritureLib_0375;;10,45;0,00;D;;;
CM;Banque CM;;20241230;51180000;CompteLib_0035;;;24L177;20241230;EcritureLib_0376;;0,00;42,00;C;;;
CM;Banque CM;;20241230;51200000;CompteLib_0020;;;24L177;20241230;EcritureLib_0376;;42,00;0,00;D;;;
CM;Banque CM;;20241230;62700000;CompteLib_0036;;;24L178;20241230;EcritureLib_0377;;0,27;0,00;D;;;
CM;Banque CM;;20241230;51200000;CompteLib_0020;;;24L178;20241230;EcritureLib_0377;;0,00;0,27;C;;;
CM;Banque CM;;20241230;40100000;CompteLib_0011;FINTERRESTO;INTER RESTO;24L179;20241230;EcritureLib_0378;;50,04;0,00;D;;A;20250221
CM;Banque CM;;20241230;51200000;CompteLib_0020;;;24L179;20241230;EcritureLib_0378;;0,00;50,04;C;;;
CM;Banque CM;;20241231;40100000;CompteLib_0011;FREMA;REMA;24L223;20241231;EcritureLib_0379;;13,75;0,00;D;;A;20250422
CM;Banque CM;;20241231;51200000;CompteLib_0020;;;24L223;20241231;EcritureLib_0379;;0,00;13,75;C;;;
CM;Banque CM;;20241231;40100000;CompteLib_0011;FINTERRESTO;INTER RESTO;24L224;20241231;EcritureLib_0380;;20,00;0,00;D;;B;20250422
CM;Banque CM;;20241231;51200000;CompteLib_0020;;;24L224;20241231;EcritureLib_0380;;0,00;20,00;C;;;
CM;Banque CM;;20241231;40100000;CompteLib_0011;FPROMOCASH;PROMOCASH;24L182;20241231;EcritureLib_0381;;90,47;0,00;D;;A;20250321
CM;Banque CM;;20241231;51200000;CompteLib_0020;;;24L182;20241231;EcritureLib_0381;;0,00;90,47;C;;;
CM;Banque CM;;20250102;51180000;CompteLib_0035;;;25A2;20250102;EcritureLib_0382;;0,00;178,00;C;;;
CM;Banque CM;;20250102;51200000;CompteLib_0020;;;25A2;20250102;EcritureLib_0382;;178,00;0,00;D;;;
CM;Banque CM;;20250102;51180000;CompteLib_0035;;;25A3;20250102;EcritureLib_0382;;0,00;48,50;C;;;
CM;Banque CM;;20250102;51200000;CompteLib_0020;;;25A3;20250102;EcritureLib_0382;;48,50;0,00;D;;;
CM;Banque CM;;20250102;62700000;CompteLib_0036;;;25A4;20250102;EcritureLib_0383;;0,27;0,00;D;;;
CM;Banque CM;;20250102;51200000;CompteLib_0020;;;25A4;20250102;EcritureLib_0383;;0,00;0,27;C;;;
CM;Banque CM;;20250102;62700000;CompteLib_0036;;;25A5;20250102;EcritureLib_0383;;1,14;0,00;D;;;
CM;Banque CM;;20250102;51200000;CompteLib_0020;;;25A5;20250102;EcritureLib_0383;;0,00;1,14;C;;;
CM;Banque CM;;20250102;51120000;CompteLib_0037;;;25A6;20250102;EcritureLib_0384;;0,00;10,38;C;;;
CM;Banque CM;;20250102;51200000;CompteLib_0020;;;25A6;20250102;EcritureLib_0384;;10,38;0,00;D;;;
CM;Banque CM;;20250102;51180000;CompteLib_0035;;;25A7;20250102;EcritureLib_0385;;0,00;10,40;C;;;
CM;Banque CM;;20250102;51200000;CompteLib_0020;;;25A7;20250102;EcritureLib_0385;;10,40;0,00;D;;;
CM;Banque CM;;20250102;51180000;CompteLib_0035;;;25A8;20250102;EcritureLib_0385;;0,00;52,00;C;;;
CM;Banque CM;;20250102;51200000;CompteLib_0020;;;25A8;20250102;EcritureLib_0385;;52,00;0,00;D;;;
CM;Banque CM;;20250102;62700000;CompteLib_0036;;;25A9;20250102;EcritureLib_0386;;0,44;0,00;D;;;
CM;Banque CM;;20250102;51200000;CompteLib_0020;;;25A9;20250102;EcritureLib_0386;;0,00;0,44;C;;;
CM;Banque CM;;20250102;62700000;CompteLib_0036;;;25A10;20250102;EcritureLib_0386;;0,07;0,00;D;;;
CM;Banque CM;;20250102;51200000;CompteLib_0020;;;25A10;20250102;EcritureLib_0386;;0,00;0,07;C;;;
CM;Banque CM;;20250102;70180100;CompteLib_0039;;;25A11;20250102;EcritureLib_0387;;0,00;14,55;C;;;
CM;Banque CM;;20250102;44571100;CompteLib_0016;;;25A11;20250102;EcritureLib_0387;;0,00;1,45;C;;;
CM;Banque CM;;20250102;51200000;CompteLib_0020;;;25A11;20250102;EcritureLib_0387;;16,00;0,00;D;;;
CM;Banque CM;;20250102;40100000;CompteLib_0011;401RESTA;RESTAURANT;25A12;20250102;EcritureLib_0388;;13,49;0,00;D;;K;20250422
CM;Banque CM;;20250102;51200000;CompteLib_0020;;;25A12;20250102;EcritureLib_0388;;0,00;13,49;C;;;
CM;Banque CM;;20250102;40100000;CompteLib_0011;FABC;ABC;25A209;20250102;EcritureLib_0389;;5,22;0,00;D;;D;20250422
CM;Banque CM;;20250102;51200000;CompteLib_0020;;;25A209;20250102;EcritureLib_0389;;0,00;5,22;C;;;
CM;Banque CM;;20250102;62700000;CompteLib_0036;;;25A14;20250102;EcritureLib_0096;;13,44;0,00;D;;;
CM;Banque CM;;20250102;51200000;CompteLib_0020;;;25A14;20250102;EcritureLib_0096;;0,00;13,44;C;;;
CM;Banque CM;;20250103;47100000;CompteLib_0044;;;25A219;20250103;EcritureLib_0100;;4,99;0,00;D;;;
CM;Banque CM;;20250103;51200000;CompteLib_0020;;;25A219;20250103;EcritureLib_0100;;0,00;4,99;C;;;
CM;Banque CM;;20250103;51120000;CompteLib_0037;;;25A20;20250103;EcritureLib_0390;;0,00;14,10;C;;;
CM;Banque CM;;20250103;51200000;CompteLib_0020;;;25A20;20250103;EcritureLib_0390;;14,10;0,00;D;;;
CM;Banque CM;;20250103;51120000;CompteLib_0037;;;25A21;20250103;EcritureLib_0391;;0,00;23,74;C;;;
CM;Banque CM;;20250103;51200000;CompteLib_0020;;;25A21;20250103;EcritureLib_0391;;23,74;0,00;D;;;
CM;Banque CM;;20250103;51180000;CompteLib_0035;;;25A22;20250103;EcritureLib_0392;;0,00;167,89;C;;;
CM;Banque CM;;20250103;51200000;CompteLib_0020;;;25A22;20250103;EcritureLib_0392;;167,89;0,00;D;;;
CM;Banque CM;;20250103;51180000;CompteLib_0035;;;25A23;20250103;EcritureLib_0392;;0,00;29,90;C;;;
CM;Banque CM;;20250103;51200000;CompteLib_0020;;;25A23;20250103;EcritureLib_0392;;29,90;0,00;D;;;
CM;Banque CM;;20250103;62700000;CompteLib_0036;;;25A24;20250103;EcritureLib_0393;;0,21;0,00;D;;;
CM;Banque CM;;20250103;51200000;CompteLib_0020;;;25A24;20250103;EcritureLib_0393;;0,00;0,21;C;;;
CM;Banque CM;;20250103;62700000;CompteLib_0036;;;25A25;20250103;EcritureLib_0393;;1,12;0,00;D;;;
CM;Banque CM;;20250103;51200000;CompteLib_0020;;;25A25;20250103;EcritureLib_0393;;0,00;1,12;C;;;
CM;Banque CM;;20250103;40100000;CompteLib_0011;FPROMOCASH;PROMOCASH;25A26;20250103;EcritureLib_0394;;113,49;0,00;D;;B;20250321
CM;Banque CM;;20250103;51200000;CompteLib_0020;;;25A26;20250103;EcritureLib_0394;;0,00;113,49;C;;;
CM;Banque CM;;20250103;40100000;CompteLib_0011;FINTERRESTO;INTER RESTO;25A27;20250103;EcritureLib_0395;;50,52;0,00;D;;G;20250323
CM;Banque CM;;20250103;51200000;CompteLib_0020;;;25A27;20250103;EcritureLib_0395;;0,00;50,52;C;;;
CM;Banque CM;;20250103;62700000;CompteLib_0036;;;25A28;20250103;EcritureLib_0396;;22,14;0,00;D;;;
CM;Banque CM;;20250103;51200000;CompteLib_0020;;;25A28;20250103;EcritureLib_0396;;0,00;22,14;C;;;
CM;Banque CM;;20250106;43100000;CompteLib_0042;;;25A37;20250106;EcritureLib_0397;;540,00;0,00;D;;;
CM;Banque CM;;20250106;51200000;CompteLib_0020;;;25A37;20250106;EcritureLib_0397;;0,00;540,00;C;;;
CM;Banque CM;;20250106;51180000;CompteLib_0035;;;25A38;20250106;EcritureLib_0398;;0,00;11,00;C;;;
CM;Banque CM;;20250106;51200000;CompteLib_0020;;;25A38;20250106;EcritureLib_0398;;11,00;0,00;D;;;
CM;Banque CM;;20250106;51180000;CompteLib_0035;;;25A39;20250106;EcritureLib_0399;;0,00;61,00;C;;;
CM;Banque CM;;20250106;51200000;CompteLib_0020;;;25A39;20250106;EcritureLib_0399;;61,00;0,00;D;;;
CM;Banque CM;;20250106;51180000;CompteLib_0035;;;25A40;20250106;EcritureLib_0399;;0,00;14,50;C;;;
CM;Banque CM;;20250106;51200000;CompteLib_0020;;;25A40;20250106;EcritureLib_0399;;14,50;0,00;D;;;
CM;Banque CM;;20250106;51180000;CompteLib_0035;;;25A41;20250106;EcritureLib_0398;;0,00;217,99;C;;;
CM;Banque CM;;20250106;51200000;CompteLib_0020;;;25A41;20250106;EcritureLib_0398;;217,99;0,00;D;;;
CM;Banque CM;;20250106;62700000;CompteLib_0036;;;25A42;20250106;EcritureLib_0400;;1,34;0,00;D;;;
CM;Banque CM;;20250106;51200000;CompteLib_0020;;;25A42;20250106;EcritureLib_0400;;0,00;1,34;C;;;
CM;Banque CM;;20250106;62700000;CompteLib_0036;;;25A43;20250106;EcritureLib_0401;;0,09;0,00;D;;;
CM;Banque CM;;20250106;51200000;CompteLib_0020;;;25A43;20250106;EcritureLib_0401;;0,00;0,09;C;;;
CM;Banque CM;;20250106;62700000;CompteLib_0036;;;25A44;20250106;EcritureLib_0400;;0,08;0,00;D;;;
CM;Banque CM;;20250106;51200000;CompteLib_0020;;;25A44;20250106;EcritureLib_0400;;0,00;0,08;C;;;
CM;Banque CM;;20250106;62700000;CompteLib_0036;;;25A45;20250106;EcritureLib_0401;;0,43;0,00;D;;;
CM;Banque CM;;20250106;51200000;CompteLib_0020;;;25A45;20250106;EcritureLib_0401;;0,00;0,43;C;;;
CM;Banque CM;;20250106;51120000;CompteLib_0037;;;25A46;20250106;EcritureLib_0402;;0,00;43,44;C;;;
CM;Banque CM;;20250106;51200000;CompteLib_0020;;;25A46;20250106;EcritureLib_0402;;43,44;0,00;D;;;
CM;Banque CM;;20250106;51120000;CompteLib_0037;;;25A47;20250106;EcritureLib_0403;;0,00;18,96;C;;;
CM;Banque CM;;20250106;51200000;CompteLib_0020;;;25A47;20250106;EcritureLib_0403;;18,96;0,00;D;;;
CM;Banque CM;;20250106;61600000;CompteLib_0038;;;25A48;20250106;EcritureLib_0103;;32,34;0,00;D;;;
CM;Banque CM;;20250106;51200000;CompteLib_0020;;;25A48;20250106;EcritureLib_0103;;0,00;32,34;C;;;
CM;Banque CM;;20250106;51180000;CompteLib_0035;;;25A49;20250106;EcritureLib_0404;;0,00;11,50;C;;;
CM;Banque CM;;20250106;51200000;CompteLib_0020;;;25A49;20250106;EcritureLib_0404;;11,50;0,00;D;;;
CM;Banque CM;;20250106;51180000;CompteLib_0035;;;25A50;20250106;EcritureLib_0404;;0,00;6,30;C;;;
CM;Banque CM;;20250106;51200000;CompteLib_0020;;;25A50;20250106;EcritureLib_0404;;6,30;0,00;D;;;
CM;Banque CM;;20250106;62700000;CompteLib_0036;;;25A51;20250106;EcritureLib_0405;;0,05;0,00;D;;;
CM;Banque CM;;20250106;51200000;CompteLib_0020;;;25A51;20250106;EcritureLib_0405;;0,00;0,05;C;;;
CM;Banque CM;;20250106;62700000;CompteLib_0036;;;25A52;20250106;EcritureLib_0405;;0,08;0,00;D;;;
CM;Banque CM;;20250106;51200000;CompteLib_0020;;;25A52;20250106;EcritureLib_0405;;0,00;0,08;C;;;
CM;Banque CM;;20250106;70180200;CompteLib_0043;;;25A53;20250106;EcritureLib_0406;;0,00;54,92;C;;;
CM;Banque CM;;20250106;44571100;CompteLib_0016;;;25A53;20250106;EcritureLib_0406;;0,00;5,49;C;;;
CM;Banque CM;;20250106;51200000;CompteLib_0020;;;25A53;20250106;EcritureLib_0406;;60,41;0,00;D;;;
CM;Banque CM;;20250106;40100000;CompteLib_0011;401RESTA;RESTAURANT;25A54;20250106;EcritureLib_0407;;4,10;0,00;D;;C;20250422
CM;Banque CM;;20250106;51200000;CompteLib_0020;;;25A54;20250106;EcritureLib_0407;;0,00;4,10;C;;;
CM;Banque CM;;20250106;40100000;CompteLib_0011;401RESTA;RESTAURANT;25A55;20250106;EcritureLib_0408;;28,00;0,00;D;;;
CM;Banque CM;;20250106;51200000;CompteLib_0020;;;25A55;20250106;EcritureLib_0408;;0,00;28,00;C;;;
CM;Banque CM;;20250106;40100000;CompteLib_0011;401CARBU;CARBURANT;25A56;20250106;EcritureLib_0409;;40,07;0,00;D;;K;20250321
CM;Banque CM;;20250106;51200000;CompteLib_0020;;;25A56;20250106;EcritureLib_0409;;0,00;40,07;C;;;
CM;Banque CM;;20250106;40100000;CompteLib_0011;FINTERRESTO;INTER RESTO;25A57;20250106;EcritureLib_0410;;131,67;0,00;D;;;
CM;Banque CM;;20250106;51200000;CompteLib_0020;;;25A57;20250106;EcritureLib_0410;;0,00;131,67;C;;;
CM;Banque CM;;20250106;40100000;CompteLib_0011;FINTERRESTO;INTER RESTO;25A58;20250106;EcritureLib_0411;;224,48;0,00;D;;AC;20251112
CM;Banque CM;;20250106;51200000;CompteLib_0020;;;25A58;20250106;EcritureLib_0411;;0,00;224,48;C;;;
CM;Banque CM;;20250106;62700000;CompteLib_0036;;;25A59;20250106;EcritureLib_0412;;0,00;22,14;C;;;
CM;Banque CM;;20250106;51200000;CompteLib_0020;;;25A59;20250106;EcritureLib_0412;;22,14;0,00;D;;;
CM;Banque CM;;20250107;40100000;CompteLib_0011;FTILLER;TILLER;25A213;20250107;EcritureLib_0290;;58,80;0,00;D;;O;20250422
CM;Banque CM;;20250107;51200000;CompteLib_0020;;;25A213;20250107;EcritureLib_0290;;0,00;58,80;C;;;
CM;Banque CM;;20250107;51180000;CompteLib_0035;;;25A62;20250107;EcritureLib_0413;;0,00;16,50;C;;;
CM;Banque CM;;20250107;51200000;CompteLib_0020;;;25A62;20250107;EcritureLib_0413;;16,50;0,00;D;;;
CM;Banque CM;;20250107;51180000;CompteLib_0035;;;25A63;20250107;EcritureLib_0413;;0,00;57,00;C;;;
CM;Banque CM;;20250107;51200000;CompteLib_0020;;;25A63;20250107;EcritureLib_0413;;57,00;0,00;D;;;
CM;Banque CM;;20250107;62700000;CompteLib_0036;;;25A64;20250107;EcritureLib_0414;;0,35;0,00;D;;;
CM;Banque CM;;20250107;51200000;CompteLib_0020;;;25A64;20250107;EcritureLib_0414;;0,00;0,35;C;;;
CM;Banque CM;;20250107;62700000;CompteLib_0036;;;25A65;20250107;EcritureLib_0414;;0,12;0,00;D;;;
CM;Banque CM;;20250107;51200000;CompteLib_0020;;;25A65;20250107;EcritureLib_0414;;0,00;0,12;C;;;
CM;Banque CM;;20250107;40100000;CompteLib_0011;FPROMOCASH;PROMOCASH;25A66;20250107;EcritureLib_0415;;103,29;0,00;D;;C;20250321
CM;Banque CM;;20250107;51200000;CompteLib_0020;;;25A66;20250107;EcritureLib_0415;;0,00;103,29;C;;;
CM;Banque CM;;20250107;40100000;CompteLib_0011;FACTION;ACTION;25A67;20250107;EcritureLib_0416;;9,95;0,00;D;;C;20250221
CM;Banque CM;;20250107;51200000;CompteLib_0020;;;25A67;20250107;EcritureLib_0416;;0,00;9,95;C;;;
CM;Banque CM;;20250107;62700000;CompteLib_0036;;;25A68;20250107;EcritureLib_0288;;10,60;0,00;D;;;
CM;Banque CM;;20250107;51200000;CompteLib_0020;;;25A68;20250107;EcritureLib_0288;;0,00;10,60;C;;;
CM;Banque CM;;20250108;51120000;CompteLib_0037;;;25A69;20250108;EcritureLib_0417;;0,00;70,16;C;;;
CM;Banque CM;;20250108;51200000;CompteLib_0020;;;25A69;20250108;EcritureLib_0417;;70,16;0,00;D;;;
CM;Banque CM;;20250108;51180000;CompteLib_0035;;;25A70;20250108;EcritureLib_0418;;0,00;7,00;C;;;
CM;Banque CM;;20250108;51200000;CompteLib_0020;;;25A70;20250108;EcritureLib_0418;;7,00;0,00;D;;;
CM;Banque CM;;20250108;51180000;CompteLib_0035;;;25A71;20250108;EcritureLib_0418;;0,00;109,90;C;;;
CM;Banque CM;;20250108;51200000;CompteLib_0020;;;25A71;20250108;EcritureLib_0418;;109,90;0,00;D;;;
CM;Banque CM;;20250108;62700000;CompteLib_0036;;;25A72;20250108;EcritureLib_0419;;0,68;0,00;D;;;
CM;Banque CM;;20250108;51200000;CompteLib_0020;;;25A72;20250108;EcritureLib_0419;;0,00;0,68;C;;;
CM;Banque CM;;20250108;62700000;CompteLib_0036;;;25A73;20250108;EcritureLib_0419;;0,06;0,00;D;;;
CM;Banque CM;;20250108;51200000;CompteLib_0020;;;25A73;20250108;EcritureLib_0419;;0,00;0,06;C;;;
CM;Banque CM;;20250108;40100000;CompteLib_0011;FTOTAL;TOTAL ENERGIES ;25A221;20250108;EcritureLib_0127;;368,12;0,00;D;;C;20250613
CM;Banque CM;;20250108;51200000;CompteLib_0020;;;25A221;20250108;EcritureLib_0127;;0,00;368,12;C;;;
CM;Banque CM;;20250108;62700000;CompteLib_0036;;;25A75;20250108;EcritureLib_0288;;10,60;0,00;D;;;
CM;Banque CM;;20250108;51200000;CompteLib_0020;;;25A75;20250108;EcritureLib_0288;;0,00;10,60;C;;;
CM;Banque CM;;20250109;51120000;CompteLib_0037;;;25A79;20250109;EcritureLib_0420;;0,00;23,80;C;;;
CM;Banque CM;;20250109;51200000;CompteLib_0020;;;25A79;20250109;EcritureLib_0420;;23,80;0,00;D;;;
CM;Banque CM;;20250109;51180000;CompteLib_0035;;;25A80;20250109;EcritureLib_0421;;0,00;148,10;C;;;
CM;Banque CM;;20250109;51200000;CompteLib_0020;;;25A80;20250109;EcritureLib_0421;;148,10;0,00;D;;;
CM;Banque CM;;20250109;62700000;CompteLib_0036;;;25A81;20250109;EcritureLib_0422;;1,00;0,00;D;;;
CM;Banque CM;;20250109;51200000;CompteLib_0020;;;25A81;20250109;EcritureLib_0422;;0,00;1,00;C;;;
CM;Banque CM;;20250109;70180100;CompteLib_0039;;;25A82;20250109;EcritureLib_0423;;0,00;19,04;C;;;
CM;Banque CM;;20250109;44571100;CompteLib_0016;;;25A82;20250109;EcritureLib_0423;;0,00;1,90;C;;;
CM;Banque CM;;20250109;51200000;CompteLib_0020;;;25A82;20250109;EcritureLib_0423;;20,94;0,00;D;;;
CM;Banque CM;;20250109;51120000;CompteLib_0037;;;25A83;20250109;EcritureLib_0424;;0,00;11,84;C;;;
CM;Banque CM;;20250109;51200000;CompteLib_0020;;;25A83;20250109;EcritureLib_0424;;11,84;0,00;D;;;
CM;Banque CM;;20250109;40100000;CompteLib_0011;FSUPER;SUPER MARKET ;25A215;20250109;EcritureLib_0425;;35,00;0,00;D;;B;20250422
CM;Banque CM;;20250109;51200000;CompteLib_0020;;;25A215;20250109;EcritureLib_0425;;0,00;35,00;C;;;
CM;Banque CM;;20250109;62700000;CompteLib_0036;;;25A85;20250109;EcritureLib_0288;;10,60;0,00;D;;;
CM;Banque CM;;20250109;51200000;CompteLib_0020;;;25A85;20250109;EcritureLib_0288;;0,00;10,60;C;;;
CM;Banque CM;;20250110;51120000;CompteLib_0037;;;25A87;20250110;EcritureLib_0426;;0,00;44,73;C;;;
CM;Banque CM;;20250110;51200000;CompteLib_0020;;;25A87;20250110;EcritureLib_0426;;44,73;0,00;D;;;
CM;Banque CM;;20250110;51180000;CompteLib_0035;;;25A88;20250110;EcritureLib_0427;;0,00;40,90;C;;;
CM;Banque CM;;20250110;51200000;CompteLib_0020;;;25A88;20250110;EcritureLib_0427;;40,90;0,00;D;;;
CM;Banque CM;;20250110;51180000;CompteLib_0035;;;25A89;20250110;EcritureLib_0427;;0,00;8,50;C;;;
CM;Banque CM;;20250110;51200000;CompteLib_0020;;;25A89;20250110;EcritureLib_0427;;8,50;0,00;D;;;
CM;Banque CM;;20250110;62700000;CompteLib_0036;;;25A90;20250110;EcritureLib_0428;;0,06;0,00;D;;;
CM;Banque CM;;20250110;51200000;CompteLib_0020;;;25A90;20250110;EcritureLib_0428;;0,00;0,06;C;;;
CM;Banque CM;;20250110;62700000;CompteLib_0036;;;25A91;20250110;EcritureLib_0428;;0,27;0,00;D;;;
CM;Banque CM;;20250110;51200000;CompteLib_0020;;;25A91;20250110;EcritureLib_0428;;0,00;0,27;C;;;
CM;Banque CM;;20250113;51180000;CompteLib_0035;;;25A93;20250113;EcritureLib_0429;;0,00;97,30;C;;;
CM;Banque CM;;20250113;51200000;CompteLib_0020;;;25A93;20250113;EcritureLib_0429;;97,30;0,00;D;;;
CM;Banque CM;;20250113;51180000;CompteLib_0035;;;25A94;20250113;EcritureLib_0430;;0,00;54,00;C;;;
CM;Banque CM;;20250113;51200000;CompteLib_0020;;;25A94;20250113;EcritureLib_0430;;54,00;0,00;D;;;
CM;Banque CM;;20250113;51180000;CompteLib_0035;;;25A95;20250113;EcritureLib_0430;;0,00;13,00;C;;;
CM;Banque CM;;20250113;51200000;CompteLib_0020;;;25A95;20250113;EcritureLib_0430;;13,00;0,00;D;;;
CM;Banque CM;;20250113;62700000;CompteLib_0036;;;25A96;20250113;EcritureLib_0431;;0,09;0,00;D;;;
CM;Banque CM;;20250113;51200000;CompteLib_0020;;;25A96;20250113;EcritureLib_0431;;0,00;0,09;C;;;
CM;Banque CM;;20250113;62700000;CompteLib_0036;;;25A97;20250113;EcritureLib_0431;;0,35;0,00;D;;;
CM;Banque CM;;20250113;51200000;CompteLib_0020;;;25A97;20250113;EcritureLib_0431;;0,00;0,35;C;;;
CM;Banque CM;;20250113;62700000;CompteLib_0036;;;25A98;20250113;EcritureLib_0432;;0,61;0,00;D;;;
CM;Banque CM;;20250113;51200000;CompteLib_0020;;;25A98;20250113;EcritureLib_0432;;0,00;0,61;C;;;
CM;Banque CM;;20250113;51180000;CompteLib_0035;;;25A99;20250113;EcritureLib_0433;;0,00;74,80;C;;;
CM;Banque CM;;20250113;51200000;CompteLib_0020;;;25A99;20250113;EcritureLib_0433;;74,80;0,00;D;;;
CM;Banque CM;;20250113;62700000;CompteLib_0036;;;25A100;20250113;EcritureLib_0434;;0,46;0,00;D;;;
CM;Banque CM;;20250113;51200000;CompteLib_0020;;;25A100;20250113;EcritureLib_0434;;0,00;0,46;C;;;
CM;Banque CM;;20250113;70180200;CompteLib_0043;;;25A101;20250113;EcritureLib_0435;;0,00;24,12;C;;;
CM;Banque CM;;20250113;44571100;CompteLib_0016;;;25A101;20250113;EcritureLib_0435;;0,00;2,41;C;;;
CM;Banque CM;;20250113;51200000;CompteLib_0020;;;25A101;20250113;EcritureLib_0435;;26,53;0,00;D;;;
CM;Banque CM;;20250113;40100000;CompteLib_0011;FACTION;ACTION;25A102;20250113;EcritureLib_0436;;5,69;0,00;D;;D;20250221
CM;Banque CM;;20250113;51200000;CompteLib_0020;;;25A102;20250113;EcritureLib_0436;;0,00;5,69;C;;;
CM;Banque CM;;20250113;40100000;CompteLib_0011;FABC;ABC;25A217;20250113;EcritureLib_0437;;8,99;0,00;D;;C;20250422
CM;Banque CM;;20250113;51200000;CompteLib_0020;;;25A217;20250113;EcritureLib_0437;;0,00;8,99;C;;;
CM;Banque CM;;20250114;62600000;CompteLib_0031;;;25A106;20250114;EcritureLib_0143;;28,32;0,00;D;;;
CM;Banque CM;;20250114;44566000;CompteLib_0015;;;25A106;20250114;EcritureLib_0143;;5,67;0,00;D;;;
CM;Banque CM;;20250114;51200000;CompteLib_0020;;;25A106;20250114;EcritureLib_0143;;0,00;33,99;C;;;
CM;Banque CM;;20250114;51180000;CompteLib_0035;;;25A107;20250114;EcritureLib_0438;;0,00;53,50;C;;;
CM;Banque CM;;20250114;51200000;CompteLib_0020;;;25A107;20250114;EcritureLib_0438;;53,50;0,00;D;;;
CM;Banque CM;;20250114;51180000;CompteLib_0035;;;25A108;20250114;EcritureLib_0438;;0,00;50,90;C;;;
CM;Banque CM;;20250114;51200000;CompteLib_0020;;;25A108;20250114;EcritureLib_0438;;50,90;0,00;D;;;
CM;Banque CM;;20250114;62700000;CompteLib_0036;;;25A109;20250114;EcritureLib_0439;;0,43;0,00;D;;;
CM;Banque CM;;20250114;51200000;CompteLib_0020;;;25A109;20250114;EcritureLib_0439;;0,00;0,43;C;;;
CM;Banque CM;;20250114;62700000;CompteLib_0036;;;25A110;20250114;EcritureLib_0439;;0,26;0,00;D;;;
CM;Banque CM;;20250114;51200000;CompteLib_0020;;;25A110;20250114;EcritureLib_0439;;0,00;0,26;C;;;
CM;Banque CM;;20250114;40100000;CompteLib_0011;FPROMOCASH;PROMOCASH;25A111;20250114;EcritureLib_0440;;84,93;0,00;D;;D;20250321
CM;Banque CM;;20250114;51200000;CompteLib_0020;;;25A111;20250114;EcritureLib_0440;;0,00;84,93;C;;;
CM;Banque CM;;20250115;51120000;CompteLib_0037;;;25A112;20250115;EcritureLib_0441;;0,00;12,27;C;;;
CM;Banque CM;;20250115;51200000;CompteLib_0020;;;25A112;20250115;EcritureLib_0441;;12,27;0,00;D;;;
CM;Banque CM;;20250115;51120000;CompteLib_0037;;;25A113;20250115;EcritureLib_0442;;0,00;23,80;C;;;
CM;Banque CM;;20250115;51200000;CompteLib_0020;;;25A113;20250115;EcritureLib_0442;;23,80;0,00;D;;;
CM;Banque CM;;20250115;51180000;CompteLib_0035;;;25A114;20250115;EcritureLib_0443;;0,00;138,90;C;;;
CM;Banque CM;;20250115;51200000;CompteLib_0020;;;25A114;20250115;EcritureLib_0443;;138,90;0,00;D;;;
CM;Banque CM;;20250115;62700000;CompteLib_0036;;;25A115;20250115;EcritureLib_0444;;0,84;0,00;D;;;
CM;Banque CM;;20250115;51200000;CompteLib_0020;;;25A115;20250115;EcritureLib_0444;;0,00;0,84;C;;;
CM;Banque CM;;20250115;40100000;CompteLib_0011;FSTC;STC;25A223;20250115;EcritureLib_0445;;0,00;1012,80;C;;;
CM;Banque CM;;20250115;51200000;CompteLib_0020;;;25A223;20250115;EcritureLib_0445;;1012,80;0,00;D;;;
CM;Banque CM;;20250116;51120000;CompteLib_0037;;;25A118;20250116;EcritureLib_0446;;0,00;32,92;C;;;
CM;Banque CM;;20250116;51200000;CompteLib_0020;;;25A118;20250116;EcritureLib_0446;;32,92;0,00;D;;;
CM;Banque CM;;20250116;40100000;CompteLib_0011;FEURO;EURO INFORMATION;25A119;20250116;EcritureLib_0447;;68,40;0,00;D;;;
CM;Banque CM;;20250116;51200000;CompteLib_0020;;;25A119;20250116;EcritureLib_0447;;0,00;68,40;C;;;
CM;Banque CM;;20250116;51120000;CompteLib_0037;;;25A120;20250116;EcritureLib_0448;;0,00;34,38;C;;;
CM;Banque CM;;20250116;51200000;CompteLib_0020;;;25A120;20250116;EcritureLib_0448;;34,38;0,00;D;;;
CM;Banque CM;;20250116;70180100;CompteLib_0039;;;25A121;20250116;EcritureLib_0449;;0,00;14,05;C;;;
CM;Banque CM;;20250116;44571100;CompteLib_0016;;;25A121;20250116;EcritureLib_0449;;0,00;1,40;C;;;
CM;Banque CM;;20250116;51200000;CompteLib_0020;;;25A121;20250116;EcritureLib_0449;;15,45;0,00;D;;;
CM;Banque CM;;20250116;51180000;CompteLib_0035;;;25A122;20250116;EcritureLib_0450;;0,00;56,50;C;;;
CM;Banque CM;;20250116;51200000;CompteLib_0020;;;25A122;20250116;EcritureLib_0450;;56,50;0,00;D;;;
CM;Banque CM;;20250116;51180000;CompteLib_0035;;;25A123;20250116;EcritureLib_0450;;0,00;68,40;C;;;
CM;Banque CM;;20250116;51200000;CompteLib_0020;;;25A123;20250116;EcritureLib_0450;;68,40;0,00;D;;;
CM;Banque CM;;20250116;62700000;CompteLib_0036;;;25A124;20250116;EcritureLib_0451;;0,47;0,00;D;;;
CM;Banque CM;;20250116;51200000;CompteLib_0020;;;25A124;20250116;EcritureLib_0451;;0,00;0,47;C;;;
CM;Banque CM;;20250116;62700000;CompteLib_0036;;;25A125;20250116;EcritureLib_0451;;0,56;0,00;D;;;
CM;Banque CM;;20250116;51200000;CompteLib_0020;;;25A125;20250116;EcritureLib_0451;;0,00;0,56;C;;;
CM;Banque CM;;20250116;40100000;CompteLib_0011;401LOYER;LOYERS ET CHARGES;25A126;20250116;EcritureLib_0452;;1140,88;0,00;D;;C;20250323
CM;Banque CM;;20250116;51200000;CompteLib_0020;;;25A126;20250116;EcritureLib_0452;;0,00;1140,88;C;;;
CM;Banque CM;;20250117;51120000;CompteLib_0037;;;25A127;20250117;EcritureLib_0453;;0,00;22,37;C;;;
CM;Banque CM;;20250117;51200000;CompteLib_0020;;;25A127;20250117;EcritureLib_0453;;22,37;0,00;D;;;
CM;Banque CM;;20250117;51120000;CompteLib_0037;;;25A128;20250117;EcritureLib_0454;;0,00;85,26;C;;;
CM;Banque CM;;20250117;51200000;CompteLib_0020;;;25A128;20250117;EcritureLib_0454;;85,26;0,00;D;;;
CM;Banque CM;;20250117;51180000;CompteLib_0035;;;25A129;20250117;EcritureLib_0455;;0,00;146,00;C;;;
CM;Banque CM;;20250117;51200000;CompteLib_0020;;;25A129;20250117;EcritureLib_0455;;146,00;0,00;D;;;
CM;Banque CM;;20250117;62700000;CompteLib_0036;;;25A130;20250117;EcritureLib_0456;;1,04;0,00;D;;;
CM;Banque CM;;20250117;51200000;CompteLib_0020;;;25A130;20250117;EcritureLib_0456;;0,00;1,04;C;;;
CM;Banque CM;;20250117;40100000;CompteLib_0011;FLIDL;LIDL;25A131;20250117;EcritureLib_0457;;8,93;0,00;D;;H;20250221
CM;Banque CM;;20250117;51200000;CompteLib_0020;;;25A131;20250117;EcritureLib_0457;;0,00;8,93;C;;;
CM;Banque CM;;20250120;51180000;CompteLib_0035;;;25A136;20250120;EcritureLib_0458;;0,00;102,39;C;;;
CM;Banque CM;;20250120;51200000;CompteLib_0020;;;25A136;20250120;EcritureLib_0458;;102,39;0,00;D;;;
CM;Banque CM;;20250120;51180000;CompteLib_0035;;;25A137;20250120;EcritureLib_0459;;0,00;52,00;C;;;
CM;Banque CM;;20250120;51200000;CompteLib_0020;;;25A137;20250120;EcritureLib_0459;;52,00;0,00;D;;;
CM;Banque CM;;20250120;51180000;CompteLib_0035;;;25A138;20250120;EcritureLib_0459;;0,00;75,80;C;;;
CM;Banque CM;;20250120;51200000;CompteLib_0020;;;25A138;20250120;EcritureLib_0459;;75,80;0,00;D;;;
CM;Banque CM;;20250120;62700000;CompteLib_0036;;;25A139;20250120;EcritureLib_0460;;0,62;0,00;D;;;
CM;Banque CM;;20250120;51200000;CompteLib_0020;;;25A139;20250120;EcritureLib_0460;;0,00;0,62;C;;;
CM;Banque CM;;20250120;62700000;CompteLib_0036;;;25A140;20250120;EcritureLib_0460;;0,26;0,00;D;;;
CM;Banque CM;;20250120;51200000;CompteLib_0020;;;25A140;20250120;EcritureLib_0460;;0,00;0,26;C;;;
CM;Banque CM;;20250120;62700000;CompteLib_0036;;;25A141;20250120;EcritureLib_0461;;0,67;0,00;D;;;
CM;Banque CM;;20250120;51200000;CompteLib_0020;;;25A141;20250120;EcritureLib_0461;;0,00;0,67;C;;;
CM;Banque CM;;20250120;51180000;CompteLib_0035;;;25A142;20250120;EcritureLib_0462;;0,00;94,30;C;;;
CM;Banque CM;;20250120;51200000;CompteLib_0020;;;25A142;20250120;EcritureLib_0462;;94,30;0,00;D;;;
CM;Banque CM;;20250120;62700000;CompteLib_0036;;;25A143;20250120;EcritureLib_0463;;0,57;0,00;D;;;
CM;Banque CM;;20250120;51200000;CompteLib_0020;;;25A143;20250120;EcritureLib_0463;;0,00;0,57;C;;;
CM;Banque CM;;20250120;70180200;CompteLib_0043;;;25A144;20250120;EcritureLib_0464;;0,00;83,58;C;;;
CM;Banque CM;;20250120;44571100;CompteLib_0016;;;25A144;20250120;EcritureLib_0464;;0,00;8,36;C;;;
CM;Banque CM;;20250120;51200000;CompteLib_0020;;;25A144;20250120;EcritureLib_0464;;91,94;0,00;D;;;
CM;Banque CM;;20250120;40100000;CompteLib_0011;FCENTRAKOR;CENTRAKOR;25A145;20250120;EcritureLib_0465;;89,97;0,00;D;;B;20250321
CM;Banque CM;;20250120;51200000;CompteLib_0020;;;25A145;20250120;EcritureLib_0465;;0,00;89,97;C;;;
CM;Banque CM;;20250120;40100000;CompteLib_0011;FLEROY;LEROY MERLIN;25A195;20250120;EcritureLib_0466;;67,88;0,00;D;;A;20250321
CM;Banque CM;;20250120;51200000;CompteLib_0020;;;25A195;20250120;EcritureLib_0466;;0,00;67,88;C;;;
CM;Banque CM;;20250120;40100000;CompteLib_0011;FINTERRESTO;INTER RESTO;25A147;20250120;EcritureLib_0467;;198,80;0,00;D;;C;20250221
CM;Banque CM;;20250120;51200000;CompteLib_0020;;;25A147;20250120;EcritureLib_0467;;0,00;198,80;C;;;
CM;Banque CM;;20250120;40100000;CompteLib_0011;FFREE;FREE;25A225;20250120;EcritureLib_0468;;2,00;0,00;D;;;
CM;Banque CM;;20250120;51200000;CompteLib_0020;;;25A225;20250120;EcritureLib_0468;;0,00;2,00;C;;;
CM;Banque CM;;20250121;51180000;CompteLib_0035;;;25A149;20250121;EcritureLib_0469;;0,00;11,50;C;;;
CM;Banque CM;;20250121;51200000;CompteLib_0020;;;25A149;20250121;EcritureLib_0469;;11,50;0,00;D;;;
CM;Banque CM;;20250121;51180000;CompteLib_0035;;;25A150;20250121;EcritureLib_0469;;0,00;104,30;C;;;
CM;Banque CM;;20250121;51200000;CompteLib_0020;;;25A150;20250121;EcritureLib_0469;;104,30;0,00;D;;;
CM;Banque CM;;20250121;62700000;CompteLib_0036;;;25A151;20250121;EcritureLib_0470;;0,08;0,00;D;;;
CM;Banque CM;;20250121;51200000;CompteLib_0020;;;25A151;20250121;EcritureLib_0470;;0,00;0,08;C;;;
CM;Banque CM;;20250121;62700000;CompteLib_0036;;;25A152;20250121;EcritureLib_0470;;0,69;0,00;D;;;
CM;Banque CM;;20250121;51200000;CompteLib_0020;;;25A152;20250121;EcritureLib_0470;;0,00;0,69;C;;;
CM;Banque CM;;20250121;40100000;CompteLib_0011;FCENTRAKOR;CENTRAKOR;25A153;20250121;EcritureLib_0471;;29,99;0,00;D;;C;20250322
CM;Banque CM;;20250121;51200000;CompteLib_0020;;;25A153;20250121;EcritureLib_0471;;0,00;29,99;C;;;
CM;Banque CM;;20250121;40100000;CompteLib_0011;FPROMOCASH;PROMOCASH;25A154;20250121;EcritureLib_0472;;48,83;0,00;D;;E;20250321
CM;Banque CM;;20250121;51200000;CompteLib_0020;;;25A154;20250121;EcritureLib_0472;;0,00;48,83;C;;;
CM;Banque CM;;20250121;40100000;CompteLib_0011;FLEROY;LEROY MERLIN;25A196;20250121;EcritureLib_0473;;0,00;29,80;C;;;
CM;Banque CM;;20250121;51200000;CompteLib_0020;;;25A196;20250121;EcritureLib_0473;;29,80;0,00;D;;;
CM;Banque CM;;20250122;51120000;CompteLib_0037;;;25A156;20250122;EcritureLib_0474;;0,00;12,55;C;;;
CM;Banque CM;;20250122;51200000;CompteLib_0020;;;25A156;20250122;EcritureLib_0474;;12,55;0,00;D;;;
CM;Banque CM;;20250122;51180000;CompteLib_0035;;;25A157;20250122;EcritureLib_0475;;0,00;76,00;C;;;
CM;Banque CM;;20250122;51200000;CompteLib_0020;;;25A157;20250122;EcritureLib_0475;;76,00;0,00;D;;;
CM;Banque CM;;20250122;51180000;CompteLib_0035;;;25A158;20250122;EcritureLib_0475;;0,00;12,80;C;;;
CM;Banque CM;;20250122;51200000;CompteLib_0020;;;25A158;20250122;EcritureLib_0475;;12,80;0,00;D;;;
CM;Banque CM;;20250122;62700000;CompteLib_0036;;;25A159;20250122;EcritureLib_0476;;0,08;0,00;D;;;
CM;Banque CM;;20250122;51200000;CompteLib_0020;;;25A159;20250122;EcritureLib_0476;;0,00;0,08;C;;;
CM;Banque CM;;20250122;62700000;CompteLib_0036;;;25A160;20250122;EcritureLib_0476;;0,59;0,00;D;;;
CM;Banque CM;;20250122;51200000;CompteLib_0020;;;25A160;20250122;EcritureLib_0476;;0,00;0,59;C;;;
CM;Banque CM;;20250123;40100000;CompteLib_0011;FSTC;STC;25A161;20250123;EcritureLib_0262;;253,20;0,00;D;;B;20250311
CM;Banque CM;;20250123;51200000;CompteLib_0020;;;25A161;20250123;EcritureLib_0262;;0,00;253,20;C;;;
CM;Banque CM;;20250123;51120000;CompteLib_0037;;;25A162;20250123;EcritureLib_0477;;0,00;33,86;C;;;
CM;Banque CM;;20250123;51200000;CompteLib_0020;;;25A162;20250123;EcritureLib_0477;;33,86;0,00;D;;;
CM;Banque CM;;20250123;70180100;CompteLib_0039;;;25A163;20250123;EcritureLib_0478;;0,00;24,24;C;;;
CM;Banque CM;;20250123;44571100;CompteLib_0016;;;25A163;20250123;EcritureLib_0478;;0,00;2,42;C;;;
CM;Banque CM;;20250123;51200000;CompteLib_0020;;;25A163;20250123;EcritureLib_0478;;26,66;0,00;D;;;
CM;Banque CM;;20250123;51180000;CompteLib_0035;;;25A164;20250123;EcritureLib_0479;;0,00;22,00;C;;;
CM;Banque CM;;20250123;51200000;CompteLib_0020;;;25A164;20250123;EcritureLib_0479;;22,00;0,00;D;;;
CM;Banque CM;;20250123;62700000;CompteLib_0036;;;25A165;20250123;EcritureLib_0480;;0,14;0,00;D;;;
CM;Banque CM;;20250123;51200000;CompteLib_0020;;;25A165;20250123;EcritureLib_0480;;0,00;0,14;C;;;
CM;Banque CM;;20250124;44551000;CompteLib_0013;;;25A168;20250124;EcritureLib_0481;;448,00;0,00;D;;K;20250921
CM;Banque CM;;20250124;51200000;CompteLib_0020;;;25A168;20250124;EcritureLib_0481;;0,00;448,00;C;;;
CM;Banque CM;;20250124;51120000;CompteLib_0037;;;25A169;20250124;EcritureLib_0482;;0,00;12,76;C;;;
CM;Banque CM;;20250124;51200000;CompteLib_0020;;;25A169;20250124;EcritureLib_0482;;12,76;0,00;D;;;
CM;Banque CM;;20250124;51180000;CompteLib_0035;;;25A170;20250124;EcritureLib_0483;;0,00;13,80;C;;;
CM;Banque CM;;20250124;51200000;CompteLib_0020;;;25A170;20250124;EcritureLib_0483;;13,80;0,00;D;;;
CM;Banque CM;;20250124;62700000;CompteLib_0036;;;25A171;20250124;EcritureLib_0484;;0,09;0,00;D;;;
CM;Banque CM;;20250124;51200000;CompteLib_0020;;;25A171;20250124;EcritureLib_0484;;0,00;0,09;C;;;
CM;Banque CM;;20250124;40100000;CompteLib_0011;FPROMOCASH;PROMOCASH;25A172;20250124;EcritureLib_0485;;40,60;0,00;D;;F;20250321
CM;Banque CM;;20250124;51200000;CompteLib_0020;;;25A172;20250124;EcritureLib_0485;;0,00;40,60;C;;;
CM;Banque CM;;20250127;51180000;CompteLib_0035;;;25A175;20250127;EcritureLib_0486;;0,00;10,00;C;;;
CM;Banque CM;;20250127;51200000;CompteLib_0020;;;25A175;20250127;EcritureLib_0486;;10,00;0,00;D;;;
CM;Banque CM;;20250127;62700000;CompteLib_0036;;;25A176;20250127;EcritureLib_0487;;0,07;0,00;D;;;
CM;Banque CM;;20250127;51200000;CompteLib_0020;;;25A176;20250127;EcritureLib_0487;;0,00;0,07;C;;;
CM;Banque CM;;20250127;70180200;CompteLib_0043;;;25A177;20250127;EcritureLib_0488;;0,00;22,05;C;;;
CM;Banque CM;;20250127;44571100;CompteLib_0016;;;25A177;20250127;EcritureLib_0488;;0,00;2,20;C;;;
CM;Banque CM;;20250127;51200000;CompteLib_0020;;;25A177;20250127;EcritureLib_0488;;24,25;0,00;D;;;
CM;Banque CM;;20250127;40100000;CompteLib_0011;401CARBU;CARBURANT;25A178;20250127;EcritureLib_0489;;40,04;0,00;D;;H;20250221
CM;Banque CM;;20250127;51200000;CompteLib_0020;;;25A178;20250127;EcritureLib_0489;;0,00;40,04;C;;;
CM;Banque CM;;20250127;40100000;CompteLib_0011;FINTERRESTO;INTER RESTO;25A179;20250127;EcritureLib_0490;;82,77;0,00;D;;H;20250323
CM;Banque CM;;20250127;51200000;CompteLib_0020;;;25A179;20250127;EcritureLib_0490;;0,00;82,77;C;;;
CM;Banque CM;;20250128;51180000;CompteLib_0035;;;25A180;20250128;EcritureLib_0491;;0,00;11,50;C;;;
CM;Banque CM;;20250128;51200000;CompteLib_0020;;;25A180;20250128;EcritureLib_0491;;11,50;0,00;D;;;
CM;Banque CM;;20250128;62700000;CompteLib_0036;;;25A181;20250128;EcritureLib_0492;;0,08;0,00;D;;;
CM;Banque CM;;20250128;51200000;CompteLib_0020;;;25A181;20250128;EcritureLib_0492;;0,00;0,08;C;;;
CM;Banque CM;;20250129;51180000;CompteLib_0035;;;25A182;20250129;EcritureLib_0493;;0,00;33,50;C;;;
CM;Banque CM;;20250129;51200000;CompteLib_0020;;;25A182;20250129;EcritureLib_0493;;33,50;0,00;D;;;
CM;Banque CM;;20250129;62700000;CompteLib_0036;;;25A183;20250129;EcritureLib_0494;;0,24;0,00;D;;;
CM;Banque CM;;20250129;51200000;CompteLib_0020;;;25A183;20250129;EcritureLib_0494;;0,00;0,24;C;;;
CM;Banque CM;;20250130;51120000;CompteLib_0037;;;25A184;20250130;EcritureLib_0495;;0,00;20,58;C;;;
CM;Banque CM;;20250130;51200000;CompteLib_0020;;;25A184;20250130;EcritureLib_0495;;20,58;0,00;D;;;
CM;Banque CM;;20250130;70180100;CompteLib_0039;;;25A185;20250130;EcritureLib_0496;;0,00;47,25;C;;;
CM;Banque CM;;20250130;44571100;CompteLib_0016;;;25A185;20250130;EcritureLib_0496;;0,00;4,72;C;;;
CM;Banque CM;;20250130;51200000;CompteLib_0020;;;25A185;20250130;EcritureLib_0496;;51,97;0,00;D;;;
CM;Banque CM;;20250130;51180000;CompteLib_0035;;;25A186;20250130;EcritureLib_0497;;0,00;28,50;C;;;
CM;Banque CM;;20250130;51200000;CompteLib_0020;;;25A186;20250130;EcritureLib_0497;;28,50;0,00;D;;;
CM;Banque CM;;20250130;51180000;CompteLib_0035;;;25A187;20250130;EcritureLib_0497;;0,00;48,00;C;;;
CM;Banque CM;;20250130;51200000;CompteLib_0020;;;25A187;20250130;EcritureLib_0497;;48,00;0,00;D;;;
CM;Banque CM;;20250130;62700000;CompteLib_0036;;;25A188;20250130;EcritureLib_0498;;0,30;0,00;D;;;
CM;Banque CM;;20250130;51200000;CompteLib_0020;;;25A188;20250130;EcritureLib_0498;;0,00;0,30;C;;;
CM;Banque CM;;20250130;62700000;CompteLib_0036;;;25A189;20250130;EcritureLib_0498;;0,19;0,00;D;;;
CM;Banque CM;;20250130;51200000;CompteLib_0020;;;25A189;20250130;EcritureLib_0498;;0,00;0,19;C;;;
CM;Banque CM;;20250131;51180000;CompteLib_0035;;;25A190;20250131;EcritureLib_0499;;0,00;54,50;C;;;
CM;Banque CM;;20250131;51200000;CompteLib_0020;;;25A190;20250131;EcritureLib_0499;;54,50;0,00;D;;;
CM;Banque CM;;20250131;62700000;CompteLib_0036;;;25A191;20250131;EcritureLib_0500;;0,38;0,00;D;;;
CM;Banque CM;;20250131;51200000;CompteLib_0020;;;25A191;20250131;EcritureLib_0500;;0,00;0,38;C;;;
CM;Banque CM;;20250203;51180000;CompteLib_0035;;;25B1;20250203;EcritureLib_0501;;0,00;86,00;C;;;
CM;Banque CM;;20250203;51200000;CompteLib_0020;;;25B1;20250203;EcritureLib_0501;;86,00;0,00;D;;;
CM;Banque CM;;20250203;51180000;CompteLib_0035;;;25B2;20250203;EcritureLib_0502;;0,00;56,50;C;;;
CM;Banque CM;;20250203;51200000;CompteLib_0020;;;25B2;20250203;EcritureLib_0502;;56,50;0,00;D;;;
CM;Banque CM;;20250203;62700000;CompteLib_0036;;;25B3;20250203;EcritureLib_0503;;0,38;0,00;D;;;
CM;Banque CM;;20250203;51200000;CompteLib_0020;;;25B3;20250203;EcritureLib_0503;;0,00;0,38;C;;;
CM;Banque CM;;20250203;62700000;CompteLib_0036;;;25B4;20250203;EcritureLib_0504;;0,67;0,00;D;;;
CM;Banque CM;;20250203;51200000;CompteLib_0020;;;25B4;20250203;EcritureLib_0504;;0,00;0,67;C;;;
CM;Banque CM;;20250203;51180000;CompteLib_0035;;;25B5;20250203;EcritureLib_0505;;0,00;36,00;C;;;
CM;Banque CM;;20250203;51200000;CompteLib_0020;;;25B5;20250203;EcritureLib_0505;;36,00;0,00;D;;;
CM;Banque CM;;20250203;62700000;CompteLib_0036;;;25B6;20250203;EcritureLib_0506;;0,23;0,00;D;;;
CM;Banque CM;;20250203;51200000;CompteLib_0020;;;25B6;20250203;EcritureLib_0506;;0,00;0,23;C;;;
CM;Banque CM;;20250203;70180200;CompteLib_0043;;;25B7;20250203;EcritureLib_0507;;0,00;66,00;C;;;
CM;Banque CM;;20250203;44571100;CompteLib_0016;;;25B7;20250203;EcritureLib_0507;;0,00;6,60;C;;;
CM;Banque CM;;20250203;51200000;CompteLib_0020;;;25B7;20250203;EcritureLib_0507;;72,60;0,00;D;;;
CM;Banque CM;;20250204;40100000;CompteLib_0011;401POSTE;LA POSTE;25B9;20250204;EcritureLib_0100;;4,99;0,00;D;;;
CM;Banque CM;;20250204;51200000;CompteLib_0020;;;25B9;20250204;EcritureLib_0100;;0,00;4,99;C;;;
CM;Banque CM;;20250204;51120000;CompteLib_0037;;;25B10;20250204;EcritureLib_0508;;0,00;30,38;C;;;
CM;Banque CM;;20250204;51200000;CompteLib_0020;;;25B10;20250204;EcritureLib_0508;;30,38;0,00;D;;;
CM;Banque CM;;20250204;51120000;CompteLib_0037;;;25B11;20250204;EcritureLib_0509;;0,00;26,14;C;;;
CM;Banque CM;;20250204;51200000;CompteLib_0020;;;25B11;20250204;EcritureLib_0509;;26,14;0,00;D;;;
CM;Banque CM;;20250204;51180000;CompteLib_0035;;;25B12;20250204;EcritureLib_0510;;0,00;60,20;C;;;
CM;Banque CM;;20250204;51200000;CompteLib_0020;;;25B12;20250204;EcritureLib_0510;;60,20;0,00;D;;;
CM;Banque CM;;20250204;62700000;CompteLib_0036;;;25B13;20250204;EcritureLib_0511;;0,38;0,00;D;;;
CM;Banque CM;;20250204;51200000;CompteLib_0020;;;25B13;20250204;EcritureLib_0511;;0,00;0,38;C;;;
CM;Banque CM;;20250204;40100000;CompteLib_0011;FINTERRESTO;INTER RESTO;25B14;20250204;EcritureLib_0512;;207,25;0,00;D;;;
CM;Banque CM;;20250204;51200000;CompteLib_0020;;;25B14;20250204;EcritureLib_0512;;0,00;207,25;C;;;
CM;Banque CM;;20250204;62700000;CompteLib_0036;;;25B15;20250204;EcritureLib_0513;;26,78;0,00;D;;;
CM;Banque CM;;20250204;51200000;CompteLib_0020;;;25B15;20250204;EcritureLib_0513;;0,00;26,78;C;;;
CM;Banque CM;;20250205;40100000;CompteLib_0011;FTILLER;TILLER;25B131;20250205;EcritureLib_0290;;58,80;0,00;D;;P;20250422
CM;Banque CM;;20250205;51200000;CompteLib_0020;;;25B131;20250205;EcritureLib_0290;;0,00;58,80;C;;;
CM;Banque CM;;20250205;61600000;CompteLib_0038;;;25B18;20250205;EcritureLib_0103;;25,90;0,00;D;;;
CM;Banque CM;;20250205;51200000;CompteLib_0020;;;25B18;20250205;EcritureLib_0103;;0,00;25,90;C;;;
CM;Banque CM;;20250205;51180000;CompteLib_0035;;;25B19;20250205;EcritureLib_0514;;0,00;62,40;C;;;
CM;Banque CM;;20250205;51200000;CompteLib_0020;;;25B19;20250205;EcritureLib_0514;;62,40;0,00;D;;;
CM;Banque CM;;20250205;62700000;CompteLib_0036;;;25B20;20250205;EcritureLib_0515;;0,42;0,00;D;;;
CM;Banque CM;;20250205;51200000;CompteLib_0020;;;25B20;20250205;EcritureLib_0515;;0,00;0,42;C;;;
CM;Banque CM;;20250205;62700000;CompteLib_0036;;;25B21;20250205;EcritureLib_0412;;0,00;21,88;C;;;
CM;Banque CM;;20250205;51200000;CompteLib_0020;;;25B21;20250205;EcritureLib_0412;;21,88;0,00;D;;;
CM;Banque CM;;20250206;51120000;CompteLib_0037;;;25B23;20250206;EcritureLib_0516;;0,00;52,03;C;;;
CM;Banque CM;;20250206;51200000;CompteLib_0020;;;25B23;20250206;EcritureLib_0516;;52,03;0,00;D;;;
CM;Banque CM;;20250206;51120000;CompteLib_0037;;;25B24;20250206;EcritureLib_0517;;0,00;15,21;C;;;
CM;Banque CM;;20250206;51200000;CompteLib_0020;;;25B24;20250206;EcritureLib_0517;;15,21;0,00;D;;;
CM;Banque CM;;20250206;47100000;CompteLib_0044;;;25B25;20250206;EcritureLib_0518;;0,00;600,00;C;;;
CM;Banque CM;;20250206;51200000;CompteLib_0020;;;25B25;20250206;EcritureLib_0518;;600,00;0,00;D;;;
CM;Banque CM;;20250206;51120000;CompteLib_0037;;;25B26;20250206;EcritureLib_0519;;0,00;31,21;C;;;
CM;Banque CM;;20250206;51200000;CompteLib_0020;;;25B26;20250206;EcritureLib_0519;;31,21;0,00;D;;;
CM;Banque CM;;20250206;70180100;CompteLib_0039;;;25B27;20250206;EcritureLib_0520;;0,00;84,95;C;;;
CM;Banque CM;;20250206;44571100;CompteLib_0016;;;25B27;20250206;EcritureLib_0520;;0,00;8,49;C;;;
CM;Banque CM;;20250206;51200000;CompteLib_0020;;;25B27;20250206;EcritureLib_0520;;93,44;0,00;D;;;
CM;Banque CM;;20250206;51180000;CompteLib_0035;;;25B28;20250206;EcritureLib_0521;;0,00;12,80;C;;;
CM;Banque CM;;20250206;51200000;CompteLib_0020;;;25B28;20250206;EcritureLib_0521;;12,80;0,00;D;;;
CM;Banque CM;;20250206;51180000;CompteLib_0035;;;25B29;20250206;EcritureLib_0521;;0,00;141,89;C;;;
CM;Banque CM;;20250206;51200000;CompteLib_0020;;;25B29;20250206;EcritureLib_0521;;141,89;0,00;D;;;
CM;Banque CM;;20250206;62700000;CompteLib_0036;;;25B30;20250206;EcritureLib_0522;;0,95;0,00;D;;;
CM;Banque CM;;20250206;51200000;CompteLib_0020;;;25B30;20250206;EcritureLib_0522;;0,00;0,95;C;;;
CM;Banque CM;;20250206;62700000;CompteLib_0036;;;25B31;20250206;EcritureLib_0522;;0,08;0,00;D;;;
CM;Banque CM;;20250206;51200000;CompteLib_0020;;;25B31;20250206;EcritureLib_0522;;0,00;0,08;C;;;
CM;Banque CM;;20250207;51180000;CompteLib_0035;;;25B32;20250207;EcritureLib_0523;;0,00;209,79;C;;;
CM;Banque CM;;20250207;51200000;CompteLib_0020;;;25B32;20250207;EcritureLib_0523;;209,79;0,00;D;;;
CM;Banque CM;;20250207;62700000;CompteLib_0036;;;25B33;20250207;EcritureLib_0524;;1,39;0,00;D;;;
CM;Banque CM;;20250207;51200000;CompteLib_0020;;;25B33;20250207;EcritureLib_0524;;0,00;1,39;C;;;
CM;Banque CM;;20250207;40100000;CompteLib_0011;FFREE;FREE;25B135;20250207;EcritureLib_0525;;87,70;0,00;D;;F;20250729
CM;Banque CM;;20250207;51200000;CompteLib_0020;;;25B135;20250207;EcritureLib_0525;;0,00;87,70;C;;;
CM;Banque CM;;20250210;51180000;CompteLib_0035;;;25B36;20250210;EcritureLib_0526;;0,00;43,00;C;;;
CM;Banque CM;;20250210;51200000;CompteLib_0020;;;25B36;20250210;EcritureLib_0526;;43,00;0,00;D;;;
CM;Banque CM;;20250210;51180000;CompteLib_0035;;;25B37;20250210;EcritureLib_0527;;0,00;29,00;C;;;
CM;Banque CM;;20250210;51200000;CompteLib_0020;;;25B37;20250210;EcritureLib_0527;;29,00;0,00;D;;;
CM;Banque CM;;20250210;62700000;CompteLib_0036;;;25B38;20250210;EcritureLib_0528;;0,20;0,00;D;;;
CM;Banque CM;;20250210;51200000;CompteLib_0020;;;25B38;20250210;EcritureLib_0528;;0,00;0,20;C;;;
CM;Banque CM;;20250210;62700000;CompteLib_0036;;;25B39;20250210;EcritureLib_0529;;0,29;0,00;D;;;
CM;Banque CM;;20250210;51200000;CompteLib_0020;;;25B39;20250210;EcritureLib_0529;;0,00;0,29;C;;;
CM;Banque CM;;20250210;40100000;CompteLib_0011;FTOTAL;TOTAL ENERGIES ;25B136;20250210;EcritureLib_0127;;417,33;0,00;D;;D;20250613
CM;Banque CM;;20250210;51200000;CompteLib_0020;;;25B136;20250210;EcritureLib_0127;;0,00;417,33;C;;;
CM;Banque CM;;20250210;51180000;CompteLib_0035;;;25B41;20250210;EcritureLib_0530;;0,00;56,00;C;;;
CM;Banque CM;;20250210;51200000;CompteLib_0020;;;25B41;20250210;EcritureLib_0530;;56,00;0,00;D;;;
CM;Banque CM;;20250210;62700000;CompteLib_0036;;;25B42;20250210;EcritureLib_0531;;0,32;0,00;D;;;
CM;Banque CM;;20250210;51200000;CompteLib_0020;;;25B42;20250210;EcritureLib_0531;;0,00;0,32;C;;;
CM;Banque CM;;20250210;70180200;CompteLib_0043;;;25B43;20250210;EcritureLib_0532;;0,00;141,17;C;;;
CM;Banque CM;;20250210;44571100;CompteLib_0016;;;25B43;20250210;EcritureLib_0532;;0,00;14,12;C;;;
CM;Banque CM;;20250210;51200000;CompteLib_0020;;;25B43;20250210;EcritureLib_0532;;155,29;0,00;D;;;
CM;Banque CM;;20250210;40100000;CompteLib_0011;401CARBU;CARBURANT;25B44;20250210;EcritureLib_0533;;60,03;0,00;D;;J;20250321
CM;Banque CM;;20250210;51200000;CompteLib_0020;;;25B44;20250210;EcritureLib_0533;;0,00;60,03;C;;;
CM;Banque CM;;20250211;51180000;CompteLib_0035;;;25B46;20250211;EcritureLib_0534;;0,00;65,00;C;;;
CM;Banque CM;;20250211;51200000;CompteLib_0020;;;25B46;20250211;EcritureLib_0534;;65,00;0,00;D;;;
CM;Banque CM;;20250211;62700000;CompteLib_0036;;;25B47;20250211;EcritureLib_0535;;0,43;0,00;D;;;
CM;Banque CM;;20250211;51200000;CompteLib_0020;;;25B47;20250211;EcritureLib_0535;;0,00;0,43;C;;;
CM;Banque CM;;20250212;51120000;CompteLib_0037;;;25B49;20250212;EcritureLib_0536;;0,00;21,80;C;;;
CM;Banque CM;;20250212;51200000;CompteLib_0020;;;25B49;20250212;EcritureLib_0536;;21,80;0,00;D;;;
CM;Banque CM;;20250212;51180000;CompteLib_0035;;;25B50;20250212;EcritureLib_0537;;0,00;49,29;C;;;
CM;Banque CM;;20250212;51200000;CompteLib_0020;;;25B50;20250212;EcritureLib_0537;;49,29;0,00;D;;;
CM;Banque CM;;20250212;62700000;CompteLib_0036;;;25B51;20250212;EcritureLib_0538;;0,33;0,00;D;;;
CM;Banque CM;;20250212;51200000;CompteLib_0020;;;25B51;20250212;EcritureLib_0538;;0,00;0,33;C;;;
CM;Banque CM;;20250212;40100000;CompteLib_0011;FINTERRESTO;INTER RESTO;25B52;20250212;EcritureLib_0539;;235,26;0,00;D;;E;20250321
CM;Banque CM;;20250212;51200000;CompteLib_0020;;;25B52;20250212;EcritureLib_0539;;0,00;235,26;C;;;
CM;Banque CM;;20250213;51120000;CompteLib_0037;;;25B54;20250213;EcritureLib_0540;;0,00;40,50;C;;;
CM;Banque CM;;20250213;51200000;CompteLib_0020;;;25B54;20250213;EcritureLib_0540;;40,50;0,00;D;;;
CM;Banque CM;;20250213;51120000;CompteLib_0037;;;25B55;20250213;EcritureLib_0541;;0,00;82,75;C;;;
CM;Banque CM;;20250213;51200000;CompteLib_0020;;;25B55;20250213;EcritureLib_0541;;82,75;0,00;D;;;
CM;Banque CM;;20250213;70180100;CompteLib_0039;;;25B56;20250213;EcritureLib_0542;;0,00;36,84;C;;;
CM;Banque CM;;20250213;44571100;CompteLib_0016;;;25B56;20250213;EcritureLib_0542;;0,00;3,68;C;;;
CM;Banque CM;;20250213;51200000;CompteLib_0020;;;25B56;20250213;EcritureLib_0542;;40,52;0,00;D;;;
CM;Banque CM;;20250213;51180000;CompteLib_0035;;;25B57;20250213;EcritureLib_0543;;0,00;72,50;C;;;
CM;Banque CM;;20250213;51200000;CompteLib_0020;;;25B57;20250213;EcritureLib_0543;;72,50;0,00;D;;;
CM;Banque CM;;20250213;62700000;CompteLib_0036;;;25B58;20250213;EcritureLib_0544;;0,60;0,00;D;;;
CM;Banque CM;;20250213;51200000;CompteLib_0020;;;25B58;20250213;EcritureLib_0544;;0,00;0,60;C;;;
CM;Banque CM;;20250213;40100000;CompteLib_0011;FMETRO;METRO;25B59;20250213;EcritureLib_0545;;37,86;0,00;D;;F;20250221
CM;Banque CM;;20250213;51200000;CompteLib_0020;;;25B59;20250213;EcritureLib_0545;;0,00;37,86;C;;;
CM;Banque CM;;20250213;40100000;CompteLib_0011;401LOYER;LOYERS ET CHARGES;25B60;20250213;EcritureLib_0546;;1092,86;0,00;D;;D;20250422
CM;Banque CM;;20250213;51200000;CompteLib_0020;;;25B60;20250213;EcritureLib_0546;;0,00;1092,86;C;;;
CM;Banque CM;;20250214;62600000;CompteLib_0031;;;25B61;20250214;EcritureLib_0547;;43,01;0,00;D;;;
CM;Banque CM;;20250214;44566000;CompteLib_0015;;;25B61;20250214;EcritureLib_0547;;8,60;0,00;D;;;
CM;Banque CM;;20250214;51200000;CompteLib_0020;;;25B61;20250214;EcritureLib_0547;;0,00;51,61;C;;;
CM;Banque CM;;20250214;51180000;CompteLib_0035;;;25B62;20250214;EcritureLib_0548;;0,00;34,50;C;;;
CM;Banque CM;;20250214;51200000;CompteLib_0020;;;25B62;20250214;EcritureLib_0548;;34,50;0,00;D;;;
CM;Banque CM;;20250214;62700000;CompteLib_0036;;;25B63;20250214;EcritureLib_0549;;0,22;0,00;D;;;
CM;Banque CM;;20250214;51200000;CompteLib_0020;;;25B63;20250214;EcritureLib_0549;;0,00;0,22;C;;;
CM;Banque CM;;20250217;51180000;CompteLib_0035;;;25B65;20250217;EcritureLib_0550;;0,00;81,40;C;;;
CM;Banque CM;;20250217;51200000;CompteLib_0020;;;25B65;20250217;EcritureLib_0550;;81,40;0,00;D;;;
CM;Banque CM;;20250217;51180000;CompteLib_0035;;;25B66;20250217;EcritureLib_0551;;0,00;12,50;C;;;
CM;Banque CM;;20250217;51200000;CompteLib_0020;;;25B66;20250217;EcritureLib_0551;;12,50;0,00;D;;;
CM;Banque CM;;20250217;51180000;CompteLib_0035;;;25B67;20250217;EcritureLib_0551;;0,00;65,40;C;;;
CM;Banque CM;;20250217;51200000;CompteLib_0020;;;25B67;20250217;EcritureLib_0551;;65,40;0,00;D;;;
CM;Banque CM;;20250217;62700000;CompteLib_0036;;;25B68;20250217;EcritureLib_0552;;0,38;0,00;D;;;
CM;Banque CM;;20250217;51200000;CompteLib_0020;;;25B68;20250217;EcritureLib_0552;;0,00;0,38;C;;;
CM;Banque CM;;20250217;62700000;CompteLib_0036;;;25B69;20250217;EcritureLib_0552;;0,08;0,00;D;;;
CM;Banque CM;;20250217;51200000;CompteLib_0020;;;25B69;20250217;EcritureLib_0552;;0,00;0,08;C;;;
CM;Banque CM;;20250217;62700000;CompteLib_0036;;;25B70;20250217;EcritureLib_0553;;0,49;0,00;D;;;
CM;Banque CM;;20250217;51200000;CompteLib_0020;;;25B70;20250217;EcritureLib_0553;;0,00;0,49;C;;;
CM;Banque CM;;20250217;40100000;CompteLib_0011;FACTION;ACTION;25B71;20250217;EcritureLib_0554;;6,65;0,00;D;;;
CM;Banque CM;;20250217;51200000;CompteLib_0020;;;25B71;20250217;EcritureLib_0554;;0,00;6,65;C;;;
CM;Banque CM;;20250218;51120000;CompteLib_0037;;;25B72;20250218;EcritureLib_0555;;0,00;37,89;C;;;
CM;Banque CM;;20250218;51200000;CompteLib_0020;;;25B72;20250218;EcritureLib_0555;;37,89;0,00;D;;;
CM;Banque CM;;20250218;51120000;CompteLib_0037;;;25B73;20250218;EcritureLib_0556;;0,00;14,18;C;;;
CM;Banque CM;;20250218;51200000;CompteLib_0020;;;25B73;20250218;EcritureLib_0556;;14,18;0,00;D;;;
CM;Banque CM;;20250218;51180000;CompteLib_0035;;;25B74;20250218;EcritureLib_0557;;0,00;48,00;C;;;
CM;Banque CM;;20250218;51200000;CompteLib_0020;;;25B74;20250218;EcritureLib_0557;;48,00;0,00;D;;;
CM;Banque CM;;20250218;62700000;CompteLib_0036;;;25B75;20250218;EcritureLib_0558;;0,44;0,00;D;;;
CM;Banque CM;;20250218;51200000;CompteLib_0020;;;25B75;20250218;EcritureLib_0558;;0,00;0,44;C;;;
CM;Banque CM;;20250219;51120000;CompteLib_0037;;;25B77;20250219;EcritureLib_0559;;0,00;110,15;C;;;
CM;Banque CM;;20250219;51200000;CompteLib_0020;;;25B77;20250219;EcritureLib_0559;;110,15;0,00;D;;;
CM;Banque CM;;20250219;51180000;CompteLib_0035;;;25B78;20250219;EcritureLib_0560;;0,00;83,60;C;;;
CM;Banque CM;;20250219;51200000;CompteLib_0020;;;25B78;20250219;EcritureLib_0560;;83,60;0,00;D;;;
CM;Banque CM;;20250219;62700000;CompteLib_0036;;;25B79;20250219;EcritureLib_0561;;0,56;0,00;D;;;
CM;Banque CM;;20250219;51200000;CompteLib_0020;;;25B79;20250219;EcritureLib_0561;;0,00;0,56;C;;;
CM;Banque CM;;20250220;47100000;CompteLib_0044;;;25B81;20250220;EcritureLib_0562;;0,00;4,00;C;;;
CM;Banque CM;;20250220;51200000;CompteLib_0020;;;25B81;20250220;EcritureLib_0562;;4,00;0,00;D;;;
CM;Banque CM;;20250220;51120000;CompteLib_0037;;;25B82;20250220;EcritureLib_0563;;0,00;44,61;C;;;
CM;Banque CM;;20250220;51200000;CompteLib_0020;;;25B82;20250220;EcritureLib_0563;;44,61;0,00;D;;;
CM;Banque CM;;20250220;51120000;CompteLib_0037;;;25B83;20250220;EcritureLib_0564;;0,00;8,24;C;;;
CM;Banque CM;;20250220;51200000;CompteLib_0020;;;25B83;20250220;EcritureLib_0564;;8,24;0,00;D;;;
CM;Banque CM;;20250220;70180100;CompteLib_0039;;;25B84;20250220;EcritureLib_0565;;0,00;16,81;C;;;
CM;Banque CM;;20250220;44571100;CompteLib_0016;;;25B84;20250220;EcritureLib_0565;;0,00;1,68;C;;;
CM;Banque CM;;20250220;51200000;CompteLib_0020;;;25B84;20250220;EcritureLib_0565;;18,49;0,00;D;;;
CM;Banque CM;;20250220;51180000;CompteLib_0035;;;25B85;20250220;EcritureLib_0566;;0,00;46,70;C;;;
CM;Banque CM;;20250220;51200000;CompteLib_0020;;;25B85;20250220;EcritureLib_0566;;46,70;0,00;D;;;
CM;Banque CM;;20250220;51180000;CompteLib_0035;;;25B86;20250220;EcritureLib_0566;;0,00;69,60;C;;;
CM;Banque CM;;20250220;51200000;CompteLib_0020;;;25B86;20250220;EcritureLib_0566;;69,60;0,00;D;;;
CM;Banque CM;;20250220;62700000;CompteLib_0036;;;25B87;20250220;EcritureLib_0567;;0,44;0,00;D;;;
CM;Banque CM;;20250220;51200000;CompteLib_0020;;;25B87;20250220;EcritureLib_0567;;0,00;0,44;C;;;
CM;Banque CM;;20250220;62700000;CompteLib_0036;;;25B88;20250220;EcritureLib_0567;;0,30;0,00;D;;;
CM;Banque CM;;20250220;51200000;CompteLib_0020;;;25B88;20250220;EcritureLib_0567;;0,00;0,30;C;;;
CM;Banque CM;;20250220;40100000;CompteLib_0011;FPROMOCASH;PROMOCASH;25B89;20250220;EcritureLib_0568;;275,37;0,00;D;;;
CM;Banque CM;;20250220;51200000;CompteLib_0020;;;25B89;20250220;EcritureLib_0568;;0,00;275,37;C;;;
CM;Banque CM;;20250220;40100000;CompteLib_0011;FDIALY;DIALY;25B90;20250220;EcritureLib_0569;;12,50;0,00;D;;A;20250321
CM;Banque CM;;20250220;51200000;CompteLib_0020;;;25B90;20250220;EcritureLib_0569;;0,00;12,50;C;;;
CM;Banque CM;;20250221;40100000;CompteLib_0011;FFREE;FREE;25B137;20250221;EcritureLib_0468;;10,28;0,00;D;;;
CM;Banque CM;;20250221;51200000;CompteLib_0020;;;25B137;20250221;EcritureLib_0468;;0,00;10,28;C;;;
CM;Banque CM;;20250221;51180000;CompteLib_0035;;;25B92;20250221;EcritureLib_0570;;0,00;76,00;C;;;
CM;Banque CM;;20250221;51200000;CompteLib_0020;;;25B92;20250221;EcritureLib_0570;;76,00;0,00;D;;;
CM;Banque CM;;20250221;62700000;CompteLib_0036;;;25B93;20250221;EcritureLib_0571;;0,54;0,00;D;;;
CM;Banque CM;;20250221;51200000;CompteLib_0020;;;25B93;20250221;EcritureLib_0571;;0,00;0,54;C;;;
CM;Banque CM;;20250224;51180000;CompteLib_0035;;;25B95;20250224;EcritureLib_0572;;0,00;120,70;C;;;
CM;Banque CM;;20250224;51200000;CompteLib_0020;;;25B95;20250224;EcritureLib_0572;;120,70;0,00;D;;;
CM;Banque CM;;20250224;51180000;CompteLib_0035;;;25B96;20250224;EcritureLib_0573;;0,00;78,38;C;;;
CM;Banque CM;;20250224;51200000;CompteLib_0020;;;25B96;20250224;EcritureLib_0573;;78,38;0,00;D;;;
CM;Banque CM;;20250224;62700000;CompteLib_0036;;;25B97;20250224;EcritureLib_0574;;0,48;0,00;D;;;
CM;Banque CM;;20250224;51200000;CompteLib_0020;;;25B97;20250224;EcritureLib_0574;;0,00;0,48;C;;;
CM;Banque CM;;20250224;62700000;CompteLib_0036;;;25B98;20250224;EcritureLib_0575;;1,61;0,00;D;;;
CM;Banque CM;;20250224;51200000;CompteLib_0020;;;25B98;20250224;EcritureLib_0575;;0,00;1,61;C;;;
CM;Banque CM;;20250224;51180000;CompteLib_0035;;;25B99;20250224;EcritureLib_0576;;0,00;15,90;C;;;
CM;Banque CM;;20250224;51200000;CompteLib_0020;;;25B99;20250224;EcritureLib_0576;;15,90;0,00;D;;;
CM;Banque CM;;20250224;62700000;CompteLib_0036;;;25B100;20250224;EcritureLib_0577;;0,11;0,00;D;;;
CM;Banque CM;;20250224;51200000;CompteLib_0020;;;25B100;20250224;EcritureLib_0577;;0,00;0,11;C;;;
CM;Banque CM;;20250224;70180200;CompteLib_0043;;;25B101;20250224;EcritureLib_0578;;0,00;79,57;C;;;
CM;Banque CM;;20250224;44571100;CompteLib_0016;;;25B101;20250224;EcritureLib_0578;;0,00;7,96;C;;;
CM;Banque CM;;20250224;51200000;CompteLib_0020;;;25B101;20250224;EcritureLib_0578;;87,53;0,00;D;;;
CM;Banque CM;;20250224;40100000;CompteLib_0011;FPIECEAU;PIECES AU TOP;25B133;20250224;EcritureLib_0579;;42,50;0,00;D;;A;20250422
CM;Banque CM;;20250224;51200000;CompteLib_0020;;;25B133;20250224;EcritureLib_0579;;0,00;42,50;C;;;
CM;Banque CM;;20250224;40100000;CompteLib_0011;FLIDL;LIDL;25B103;20250224;EcritureLib_0580;;6,53;0,00;D;;I;20250321
CM;Banque CM;;20250224;51200000;CompteLib_0020;;;25B103;20250224;EcritureLib_0580;;0,00;6,53;C;;;
CM;Banque CM;;20250225;40100000;CompteLib_0011;FSTC;STC;25B104;20250225;EcritureLib_0262;;253,20;0,00;D;;G;20250311
CM;Banque CM;;20250225;51200000;CompteLib_0020;;;25B104;20250225;EcritureLib_0262;;0,00;253,20;C;;;
CM;Banque CM;;20250225;51180000;CompteLib_0035;;;25B105;20250225;EcritureLib_0581;;0,00;90,39;C;;;
CM;Banque CM;;20250225;51200000;CompteLib_0020;;;25B105;20250225;EcritureLib_0581;;90,39;0,00;D;;;
CM;Banque CM;;20250225;62700000;CompteLib_0036;;;25B106;20250225;EcritureLib_0582;;0,57;0,00;D;;;
CM;Banque CM;;20250225;51200000;CompteLib_0020;;;25B106;20250225;EcritureLib_0582;;0,00;0,57;C;;;
CM;Banque CM;;20250225;40100000;CompteLib_0011;401RESTA;RESTAURANT;25B107;20250225;EcritureLib_0583;;68,00;0,00;D;;;
CM;Banque CM;;20250225;51200000;CompteLib_0020;;;25B107;20250225;EcritureLib_0583;;0,00;68,00;C;;;
CM;Banque CM;;20250226;51120000;CompteLib_0037;;;25B108;20250226;EcritureLib_0584;;0,00;13,22;C;;;
CM;Banque CM;;20250226;51200000;CompteLib_0020;;;25B108;20250226;EcritureLib_0584;;13,22;0,00;D;;;
CM;Banque CM;;20250226;51180000;CompteLib_0035;;;25B109;20250226;EcritureLib_0585;;0,00;91,49;C;;;
CM;Banque CM;;20250226;51200000;CompteLib_0020;;;25B109;20250226;EcritureLib_0585;;91,49;0,00;D;;;
CM;Banque CM;;20250226;62700000;CompteLib_0036;;;25B110;20250226;EcritureLib_0586;;0,70;0,00;D;;;
CM;Banque CM;;20250226;51200000;CompteLib_0020;;;25B110;20250226;EcritureLib_0586;;0,00;0,70;C;;;
CM;Banque CM;;20250226;40100000;CompteLib_0011;401RESTA;RESTAURANT;25B111;20250226;EcritureLib_0587;;78,18;0,00;D;;;
CM;Banque CM;;20250226;51200000;CompteLib_0020;;;25B111;20250226;EcritureLib_0587;;0,00;78,18;C;;;
CM;Banque CM;;20250226;40100000;CompteLib_0011;401RESTA;RESTAURANT;25B112;20250226;EcritureLib_0588;;3,90;0,00;D;;;
CM;Banque CM;;20250226;51200000;CompteLib_0020;;;25B112;20250226;EcritureLib_0588;;0,00;3,90;C;;;
CM;Banque CM;;20250226;40100000;CompteLib_0011;401RESTA;RESTAURANT;25B113;20250226;EcritureLib_0589;;4,90;0,00;D;;;
CM;Banque CM;;20250226;51200000;CompteLib_0020;;;25B113;20250226;EcritureLib_0589;;0,00;4,90;C;;;
CM;Banque CM;;20250227;40100000;CompteLib_0011;FSTC;STC;25B114;20250227;EcritureLib_0262;;204,60;0,00;D;;;
CM;Banque CM;;20250227;51200000;CompteLib_0020;;;25B114;20250227;EcritureLib_0262;;0,00;204,60;C;;;
CM;Banque CM;;20250227;51120000;CompteLib_0037;;;25B115;20250227;EcritureLib_0590;;0,00;84,35;C;;;
CM;Banque CM;;20250227;51200000;CompteLib_0020;;;25B115;20250227;EcritureLib_0590;;84,35;0,00;D;;;
CM;Banque CM;;20250227;70180100;CompteLib_0039;;;25B116;20250227;EcritureLib_0591;;0,00;85,71;C;;;
CM;Banque CM;;20250227;44571100;CompteLib_0016;;;25B116;20250227;EcritureLib_0591;;0,00;8,57;C;;;
CM;Banque CM;;20250227;51200000;CompteLib_0020;;;25B116;20250227;EcritureLib_0591;;94,28;0,00;D;;;
CM;Banque CM;;20250227;51120000;CompteLib_0037;;;25B117;20250227;EcritureLib_0592;;0,00;32,41;C;;;
CM;Banque CM;;20250227;51200000;CompteLib_0020;;;25B117;20250227;EcritureLib_0592;;32,41;0,00;D;;;
CM;Banque CM;;20250227;51180000;CompteLib_0035;;;25B118;20250227;EcritureLib_0593;;0,00;49,50;C;;;
CM;Banque CM;;20250227;51200000;CompteLib_0020;;;25B118;20250227;EcritureLib_0593;;49,50;0,00;D;;;
CM;Banque CM;;20250227;62700000;CompteLib_0036;;;25B119;20250227;EcritureLib_0594;;0,33;0,00;D;;;
CM;Banque CM;;20250227;51200000;CompteLib_0020;;;25B119;20250227;EcritureLib_0594;;0,00;0,33;C;;;
CM;Banque CM;;20250227;47100000;CompteLib_0044;;;25B120;20250227;EcritureLib_0595;;0,00;51,61;C;;;
CM;Banque CM;;20250227;51200000;CompteLib_0020;;;25B120;20250227;EcritureLib_0595;;51,61;0,00;D;;;
CM;Banque CM;;20250228;51180000;CompteLib_0035;;;25B121;20250228;EcritureLib_0596;;0,00;51,30;C;;;
CM;Banque CM;;20250228;51200000;CompteLib_0020;;;25B121;20250228;EcritureLib_0596;;51,30;0,00;D;;;
CM;Banque CM;;20250228;62700000;CompteLib_0036;;;25B122;20250228;EcritureLib_0597;;0,35;0,00;D;;;
CM;Banque CM;;20250228;51200000;CompteLib_0020;;;25B122;20250228;EcritureLib_0597;;0,00;0,35;C;;;
CM;Banque CM;;20250228;40100000;CompteLib_0011;FACTION;ACTION;25B123;20250228;EcritureLib_0598;;16,94;0,00;D;;;
CM;Banque CM;;20250228;51200000;CompteLib_0020;;;25B123;20250228;EcritureLib_0598;;0,00;16,94;C;;;
CM;Banque CM;;20250301;47100000;CompteLib_0044;;;25C1;20250301;EcritureLib_0599;;0,00;150,00;C;;;
CM;Banque CM;;20250301;51200000;CompteLib_0020;;;25C1;20250301;EcritureLib_0599;;150,00;0,00;D;;;
CM;Banque CM;;20250303;51180000;CompteLib_0035;;;25C3;20250303;EcritureLib_0600;;0,00;81,90;C;;;
CM;Banque CM;;20250303;51200000;CompteLib_0020;;;25C3;20250303;EcritureLib_0600;;81,90;0,00;D;;;
CM;Banque CM;;20250303;51180000;CompteLib_0035;;;25C4;20250303;EcritureLib_0601;;0,00;26,00;C;;;
CM;Banque CM;;20250303;51200000;CompteLib_0020;;;25C4;20250303;EcritureLib_0601;;26,00;0,00;D;;;
CM;Banque CM;;20250303;51180000;CompteLib_0035;;;25C5;20250303;EcritureLib_0601;;0,00;8,49;C;;;
CM;Banque CM;;20250303;51200000;CompteLib_0020;;;25C5;20250303;EcritureLib_0601;;8,49;0,00;D;;;
CM;Banque CM;;20250303;51180000;CompteLib_0035;;;25C6;20250303;EcritureLib_0600;;0,00;9,99;C;;;
CM;Banque CM;;20250303;51200000;CompteLib_0020;;;25C6;20250303;EcritureLib_0600;;9,99;0,00;D;;;
CM;Banque CM;;20250303;62700000;CompteLib_0036;;;25C7;20250303;EcritureLib_0602;;0,07;0,00;D;;;
CM;Banque CM;;20250303;51200000;CompteLib_0020;;;25C7;20250303;EcritureLib_0602;;0,00;0,07;C;;;
CM;Banque CM;;20250303;62700000;CompteLib_0036;;;25C8;20250303;EcritureLib_0603;;0,06;0,00;D;;;
CM;Banque CM;;20250303;51200000;CompteLib_0020;;;25C8;20250303;EcritureLib_0603;;0,00;0,06;C;;;
CM;Banque CM;;20250303;62700000;CompteLib_0036;;;25C9;20250303;EcritureLib_0603;;0,18;0,00;D;;;
CM;Banque CM;;20250303;51200000;CompteLib_0020;;;25C9;20250303;EcritureLib_0603;;0,00;0,18;C;;;
CM;Banque CM;;20250303;62700000;CompteLib_0036;;;25C10;20250303;EcritureLib_0602;;0,53;0,00;D;;;
CM;Banque CM;;20250303;51200000;CompteLib_0020;;;25C10;20250303;EcritureLib_0602;;0,00;0,53;C;;;
CM;Banque CM;;20250303;70180200;CompteLib_0043;;;25C11;20250303;EcritureLib_0604;;0,00;58,71;C;;;
CM;Banque CM;;20250303;44571100;CompteLib_0016;;;25C11;20250303;EcritureLib_0604;;0,00;5,87;C;;;
CM;Banque CM;;20250303;51200000;CompteLib_0020;;;25C11;20250303;EcritureLib_0604;;64,58;0,00;D;;;
CM;Banque CM;;20250303;40100000;CompteLib_0011;FPROMOCASH;PROMOCASH;25C12;20250303;EcritureLib_0605;;130,92;0,00;D;;;
CM;Banque CM;;20250303;51200000;CompteLib_0020;;;25C12;20250303;EcritureLib_0605;;0,00;130,92;C;;;
CM;Banque CM;;20250303;40100000;CompteLib_0011;FINTERRESTO;INTER RESTO;25C13;20250303;EcritureLib_0606;;140,45;0,00;D;;N;20251015
CM;Banque CM;;20250303;51200000;CompteLib_0020;;;25C13;20250303;EcritureLib_0606;;0,00;140,45;C;;;
CM;Banque CM;;20250303;40100000;CompteLib_0011;401CARBU;CARBURANT;25C14;20250303;EcritureLib_0607;;51,19;0,00;D;;;
CM;Banque CM;;20250303;51200000;CompteLib_0020;;;25C14;20250303;EcritureLib_0607;;0,00;51,19;C;;;
CM;Banque CM;;20250304;40100000;CompteLib_0011;401POSTE;LA POSTE;25C15;20250304;EcritureLib_0100;;4,99;0,00;D;;;
CM;Banque CM;;20250304;51200000;CompteLib_0020;;;25C15;20250304;EcritureLib_0100;;0,00;4,99;C;;;
CM;Banque CM;;20250304;51180000;CompteLib_0035;;;25C16;20250304;EcritureLib_0608;;0,00;75,89;C;;;
CM;Banque CM;;20250304;51200000;CompteLib_0020;;;25C16;20250304;EcritureLib_0608;;75,89;0,00;D;;;
CM;Banque CM;;20250304;62700000;CompteLib_0036;;;25C17;20250304;EcritureLib_0609;;0,52;0,00;D;;;
CM;Banque CM;;20250304;51200000;CompteLib_0020;;;25C17;20250304;EcritureLib_0609;;0,00;0,52;C;;;
CM;Banque CM;;20250304;62700000;CompteLib_0036;;;25C18;20250304;EcritureLib_0610;;28,38;0,00;D;;;
CM;Banque CM;;20250304;51200000;CompteLib_0020;;;25C18;20250304;EcritureLib_0610;;0,00;28,38;C;;;
CM;Banque CM;;20250305;40100000;CompteLib_0011;FTILLER;TILLER;25C93;20250305;EcritureLib_0290;;58,80;0,00;D;;Q;20250422
CM;Banque CM;;20250305;51200000;CompteLib_0020;;;25C93;20250305;EcritureLib_0290;;0,00;58,80;C;;;
CM;Banque CM;;20250305;61600000;CompteLib_0038;;;25C20;20250305;EcritureLib_0103;;25,90;0,00;D;;;
CM;Banque CM;;20250305;51200000;CompteLib_0020;;;25C20;20250305;EcritureLib_0103;;0,00;25,90;C;;;
CM;Banque CM;;20250305;51180000;CompteLib_0035;;;25C21;20250305;EcritureLib_0611;;0,00;67,00;C;;;
CM;Banque CM;;20250305;51200000;CompteLib_0020;;;25C21;20250305;EcritureLib_0611;;67,00;0,00;D;;;
CM;Banque CM;;20250305;51180000;CompteLib_0035;;;25C22;20250305;EcritureLib_0611;;0,00;26,00;C;;;
CM;Banque CM;;20250305;51200000;CompteLib_0020;;;25C22;20250305;EcritureLib_0611;;26,00;0,00;D;;;
CM;Banque CM;;20250305;62700000;CompteLib_0036;;;25C23;20250305;EcritureLib_0612;;0,15;0,00;D;;;
CM;Banque CM;;20250305;51200000;CompteLib_0020;;;25C23;20250305;EcritureLib_0612;;0,00;0,15;C;;;
CM;Banque CM;;20250305;62700000;CompteLib_0036;;;25C24;20250305;EcritureLib_0612;;0,57;0,00;D;;;
CM;Banque CM;;20250305;51200000;CompteLib_0020;;;25C24;20250305;EcritureLib_0612;;0,00;0,57;C;;;
CM;Banque CM;;20250305;62700000;CompteLib_0036;;;25C25;20250305;EcritureLib_0412;;0,00;28,38;C;;;
CM;Banque CM;;20250305;51200000;CompteLib_0020;;;25C25;20250305;EcritureLib_0412;;28,38;0,00;D;;;
CM;Banque CM;;20250306;40100000;CompteLib_0011;FFREE;FREE;25C131;20250306;EcritureLib_0613;;29,99;0,00;D;;B;20250729
CM;Banque CM;;20250306;51200000;CompteLib_0020;;;25C131;20250306;EcritureLib_0613;;0,00;29,99;C;;;
CM;Banque CM;;20250306;51120000;CompteLib_0037;;;25C27;20250306;EcritureLib_0614;;0,00;34,81;C;;;
CM;Banque CM;;20250306;51200000;CompteLib_0020;;;25C27;20250306;EcritureLib_0614;;34,81;0,00;D;;;
CM;Banque CM;;20250306;51180000;CompteLib_0035;;;25C28;20250306;EcritureLib_0615;;0,00;91,00;C;;;
CM;Banque CM;;20250306;51200000;CompteLib_0020;;;25C28;20250306;EcritureLib_0615;;91,00;0,00;D;;;
CM;Banque CM;;20250306;62700000;CompteLib_0036;;;25C29;20250306;EcritureLib_0616;;0,61;0,00;D;;;
CM;Banque CM;;20250306;51200000;CompteLib_0020;;;25C29;20250306;EcritureLib_0616;;0,00;0,61;C;;;
CM;Banque CM;;20250306;70180100;CompteLib_0039;;;25C30;20250306;EcritureLib_0617;;0,00;139,25;C;;;
CM;Banque CM;;20250306;44571100;CompteLib_0016;;;25C30;20250306;EcritureLib_0617;;0,00;13,93;C;;;
CM;Banque CM;;20250306;51200000;CompteLib_0020;;;25C30;20250306;EcritureLib_0617;;153,18;0,00;D;;;
CM;Banque CM;;20250306;51120000;CompteLib_0037;;;25C31;20250306;EcritureLib_0618;;0,00;36,94;C;;;
CM;Banque CM;;20250306;51200000;CompteLib_0020;;;25C31;20250306;EcritureLib_0618;;36,94;0,00;D;;;
CM;Banque CM;;20250306;40100000;CompteLib_0011;401RESTA;RESTAURANT;25C32;20250306;EcritureLib_0619;;3,39;0,00;D;;;
CM;Banque CM;;20250306;51200000;CompteLib_0020;;;25C32;20250306;EcritureLib_0619;;0,00;3,39;C;;;
CM;Banque CM;;20250307;40100000;CompteLib_0011;401LOYER;LOYERS ET CHARGES;25C33;20250307;EcritureLib_0620;;1092,00;0,00;D;;;
CM;Banque CM;;20250307;51200000;CompteLib_0020;;;25C33;20250307;EcritureLib_0620;;0,00;1092,00;C;;;
CM;Banque CM;;20250307;51180000;CompteLib_0035;;;25C34;20250307;EcritureLib_0621;;0,00;95,00;C;;;
CM;Banque CM;;20250307;51200000;CompteLib_0020;;;25C34;20250307;EcritureLib_0621;;95,00;0,00;D;;;
CM;Banque CM;;20250307;62700000;CompteLib_0036;;;25C35;20250307;EcritureLib_0622;;0,65;0,00;D;;;
CM;Banque CM;;20250307;51200000;CompteLib_0020;;;25C35;20250307;EcritureLib_0622;;0,00;0,65;C;;;
CM;Banque CM;;20250307;40100000;CompteLib_0011;FPROMOCASH;PROMOCASH;25C36;20250307;EcritureLib_0623;;197,77;0,00;D;;;
CM;Banque CM;;20250307;51200000;CompteLib_0020;;;25C36;20250307;EcritureLib_0623;;0,00;197,77;C;;;
CM;Banque CM;;20250310;51180000;CompteLib_0035;;;25C37;20250310;EcritureLib_0624;;0,00;36,00;C;;;
CM;Banque CM;;20250310;51200000;CompteLib_0020;;;25C37;20250310;EcritureLib_0624;;36,00;0,00;D;;;
CM;Banque CM;;20250310;51180000;CompteLib_0035;;;25C38;20250310;EcritureLib_0625;;0,00;97,09;C;;;
CM;Banque CM;;20250310;51200000;CompteLib_0020;;;25C38;20250310;EcritureLib_0625;;97,09;0,00;D;;;
CM;Banque CM;;20250310;51180000;CompteLib_0035;;;25C39;20250310;EcritureLib_0624;;0,00;134,50;C;;;
CM;Banque CM;;20250310;51200000;CompteLib_0020;;;25C39;20250310;EcritureLib_0624;;134,50;0,00;D;;;
CM;Banque CM;;20250310;62700000;CompteLib_0036;;;25C40;20250310;EcritureLib_0626;;0,91;0,00;D;;;
CM;Banque CM;;20250310;51200000;CompteLib_0020;;;25C40;20250310;EcritureLib_0626;;0,00;0,91;C;;;
CM;Banque CM;;20250310;62700000;CompteLib_0036;;;25C41;20250310;EcritureLib_0627;;0,62;0,00;D;;;
CM;Banque CM;;20250310;51200000;CompteLib_0020;;;25C41;20250310;EcritureLib_0627;;0,00;0,62;C;;;
CM;Banque CM;;20250310;62700000;CompteLib_0036;;;25C42;20250310;EcritureLib_0626;;0,22;0,00;D;;;
CM;Banque CM;;20250310;51200000;CompteLib_0020;;;25C42;20250310;EcritureLib_0626;;0,00;0,22;C;;;
CM;Banque CM;;20250310;70180200;CompteLib_0043;;;25C43;20250310;EcritureLib_0628;;0,00;75,75;C;;;
CM;Banque CM;;20250310;44571100;CompteLib_0016;;;25C43;20250310;EcritureLib_0628;;0,00;7,58;C;;;
CM;Banque CM;;20250310;51200000;CompteLib_0020;;;25C43;20250310;EcritureLib_0628;;83,33;0,00;D;;;
CM;Banque CM;;20250310;40100000;CompteLib_0011;401RESTA;RESTAURANT;25C44;20250310;EcritureLib_0629;;14,40;0,00;D;;;
CM;Banque CM;;20250310;51200000;CompteLib_0020;;;25C44;20250310;EcritureLib_0629;;0,00;14,40;C;;;
CM;Banque CM;;20250311;51180000;CompteLib_0035;;;25C45;20250311;EcritureLib_0630;;0,00;251,40;C;;;
CM;Banque CM;;20250311;51200000;CompteLib_0020;;;25C45;20250311;EcritureLib_0630;;251,40;0,00;D;;;
CM;Banque CM;;20250311;51180000;CompteLib_0035;;;25C46;20250311;EcritureLib_0630;;0,00;11,00;C;;;
CM;Banque CM;;20250311;51200000;CompteLib_0020;;;25C46;20250311;EcritureLib_0630;;11,00;0,00;D;;;
CM;Banque CM;;20250311;62700000;CompteLib_0036;;;25C47;20250311;EcritureLib_0631;;0,08;0,00;D;;;
CM;Banque CM;;20250311;51200000;CompteLib_0020;;;25C47;20250311;EcritureLib_0631;;0,00;0,08;C;;;
CM;Banque CM;;20250311;62700000;CompteLib_0036;;;25C48;20250311;EcritureLib_0631;;1,66;0,00;D;;;
CM;Banque CM;;20250311;51200000;CompteLib_0020;;;25C48;20250311;EcritureLib_0631;;0,00;1,66;C;;;
CM;Banque CM;;20250311;40100000;CompteLib_0011;FTOTAL;TOTAL ENERGIES ;25C132;20250311;EcritureLib_0127;;429,65;0,00;D;;B;20250613
CM;Banque CM;;20250311;51200000;CompteLib_0020;;;25C132;20250311;EcritureLib_0127;;0,00;429,65;C;;;
CM;Banque CM;;20250312;51120000;CompteLib_0037;;;25C51;20250312;EcritureLib_0632;;0,00;40,90;C;;;
CM;Banque CM;;20250312;51200000;CompteLib_0020;;;25C51;20250312;EcritureLib_0632;;40,90;0,00;D;;;
CM;Banque CM;;20250312;40100000;CompteLib_0011;FBIZIM;BIZIM;25C52;20250312;EcritureLib_0633;;22,99;0,00;D;;A;20250321
CM;Banque CM;;20250312;51200000;CompteLib_0020;;;25C52;20250312;EcritureLib_0633;;0,00;22,99;C;;;
CM;Banque CM;;20250312;40100000;CompteLib_0011;401RESTA;RESTAURANT;25C53;20250312;EcritureLib_0634;;6,95;0,00;D;;;
CM;Banque CM;;20250312;51200000;CompteLib_0020;;;25C53;20250312;EcritureLib_0634;;0,00;6,95;C;;;
CM;Banque CM;;20250313;51120000;CompteLib_0037;;;25C54;20250313;EcritureLib_0635;;0,00;21,18;C;;;
CM;Banque CM;;20250313;51200000;CompteLib_0020;;;25C54;20250313;EcritureLib_0635;;21,18;0,00;D;;;
CM;Banque CM;;20250313;51120000;CompteLib_0037;;;25C55;20250313;EcritureLib_0636;;0,00;20,17;C;;;
CM;Banque CM;;20250313;51200000;CompteLib_0020;;;25C55;20250313;EcritureLib_0636;;20,17;0,00;D;;;
CM;Banque CM;;20250313;51120000;CompteLib_0037;;;25C56;20250313;EcritureLib_0637;;0,00;13,22;C;;;
CM;Banque CM;;20250313;51200000;CompteLib_0020;;;25C56;20250313;EcritureLib_0637;;13,22;0,00;D;;;
CM;Banque CM;;20250313;70180100;CompteLib_0039;;;25C57;20250313;EcritureLib_0638;;0,00;46,52;C;;;
CM;Banque CM;;20250313;44571100;CompteLib_0016;;;25C57;20250313;EcritureLib_0638;;0,00;4,65;C;;;
CM;Banque CM;;20250313;51200000;CompteLib_0020;;;25C57;20250313;EcritureLib_0638;;51,17;0,00;D;;;
CM;Banque CM;;20250313;51180000;CompteLib_0035;;;25C58;20250313;EcritureLib_0639;;0,00;26,80;C;;;
CM;Banque CM;;20250313;51200000;CompteLib_0020;;;25C58;20250313;EcritureLib_0639;;26,80;0,00;D;;;
CM;Banque CM;;20250313;51180000;CompteLib_0035;;;25C59;20250313;EcritureLib_0639;;0,00;34,80;C;;;
CM;Banque CM;;20250313;51200000;CompteLib_0020;;;25C59;20250313;EcritureLib_0639;;34,80;0,00;D;;;
CM;Banque CM;;20250313;62700000;CompteLib_0036;;;25C60;20250313;EcritureLib_0640;;0,23;0,00;D;;;
CM;Banque CM;;20250313;51200000;CompteLib_0020;;;25C60;20250313;EcritureLib_0640;;0,00;0,23;C;;;
CM;Banque CM;;20250313;62700000;CompteLib_0036;;;25C61;20250313;EcritureLib_0640;;0,29;0,00;D;;;
CM;Banque CM;;20250313;51200000;CompteLib_0020;;;25C61;20250313;EcritureLib_0640;;0,00;0,29;C;;;
CM;Banque CM;;20250313;40100000;CompteLib_0011;FLIDL;LIDL;25C62;20250313;EcritureLib_0641;;6,59;0,00;D;;;
CM;Banque CM;;20250313;51200000;CompteLib_0020;;;25C62;20250313;EcritureLib_0641;;0,00;6,59;C;;;
CM;Banque CM;;20250314;51180000;CompteLib_0035;;;25C63;20250314;EcritureLib_0642;;0,00;41,00;C;;;
CM;Banque CM;;20250314;51200000;CompteLib_0020;;;25C63;20250314;EcritureLib_0642;;41,00;0,00;D;;;
CM;Banque CM;;20250314;51180000;CompteLib_0035;;;25C64;20250314;EcritureLib_0642;;0,00;40,40;C;;;
CM;Banque CM;;20250314;51200000;CompteLib_0020;;;25C64;20250314;EcritureLib_0642;;40,40;0,00;D;;;
CM;Banque CM;;20250314;62700000;CompteLib_0036;;;25C65;20250314;EcritureLib_0643;;0,29;0,00;D;;;
CM;Banque CM;;20250314;51200000;CompteLib_0020;;;25C65;20250314;EcritureLib_0643;;0,00;0,29;C;;;
CM;Banque CM;;20250314;62700000;CompteLib_0036;;;25C66;20250314;EcritureLib_0643;;0,26;0,00;D;;;
CM;Banque CM;;20250314;51200000;CompteLib_0020;;;25C66;20250314;EcritureLib_0643;;0,00;0,26;C;;;
CM;Banque CM;;20250317;51180000;CompteLib_0035;;;25C69;20250317;EcritureLib_0644;;0,00;45,50;C;;;
CM;Banque CM;;20250317;51200000;CompteLib_0020;;;25C69;20250317;EcritureLib_0644;;45,50;0,00;D;;;
CM;Banque CM;;20250317;51180000;CompteLib_0035;;;25C70;20250317;EcritureLib_0645;;0,00;27,30;C;;;
CM;Banque CM;;20250317;51200000;CompteLib_0020;;;25C70;20250317;EcritureLib_0645;;27,30;0,00;D;;;
CM;Banque CM;;20250317;51180000;CompteLib_0035;;;25C71;20250317;EcritureLib_0645;;0,00;105,80;C;;;
CM;Banque CM;;20250317;51200000;CompteLib_0020;;;25C71;20250317;EcritureLib_0645;;105,80;0,00;D;;;
CM;Banque CM;;20250317;51180000;CompteLib_0035;;;25C72;20250317;EcritureLib_0644;;0,00;15,00;C;;;
CM;Banque CM;;20250317;51200000;CompteLib_0020;;;25C72;20250317;EcritureLib_0644;;15,00;0,00;D;;;
CM;Banque CM;;20250317;62700000;CompteLib_0036;;;25C73;20250317;EcritureLib_0646;;0,10;0,00;D;;;
CM;Banque CM;;20250317;51200000;CompteLib_0020;;;25C73;20250317;EcritureLib_0646;;0,00;0,10;C;;;
CM;Banque CM;;20250317;62700000;CompteLib_0036;;;25C74;20250317;EcritureLib_0647;;0,70;0,00;D;;;
CM;Banque CM;;20250317;51200000;CompteLib_0020;;;25C74;20250317;EcritureLib_0647;;0,00;0,70;C;;;
CM;Banque CM;;20250317;62700000;CompteLib_0036;;;25C75;20250317;EcritureLib_0647;;0,30;0,00;D;;;
CM;Banque CM;;20250317;51200000;CompteLib_0020;;;25C75;20250317;EcritureLib_0647;;0,00;0,30;C;;;
CM;Banque CM;;20250317;62700000;CompteLib_0036;;;25C76;20250317;EcritureLib_0646;;0,30;0,00;D;;;
CM;Banque CM;;20250317;51200000;CompteLib_0020;;;25C76;20250317;EcritureLib_0646;;0,00;0,30;C;;;
CM;Banque CM;;20250317;70180200;CompteLib_0043;;;25C77;20250317;EcritureLib_0648;;0,00;86,47;C;;;
CM;Banque CM;;20250317;44571100;CompteLib_0016;;;25C77;20250317;EcritureLib_0648;;0,00;8,65;C;;;
CM;Banque CM;;20250317;51200000;CompteLib_0020;;;25C77;20250317;EcritureLib_0648;;95,12;0,00;D;;;
CM;Banque CM;;20250318;51120000;CompteLib_0037;;;25C78;20250318;EcritureLib_0649;;0,00;37,81;C;;;
CM;Banque CM;;20250318;51200000;CompteLib_0020;;;25C78;20250318;EcritureLib_0649;;37,81;0,00;D;;;
CM;Banque CM;;20250318;51180000;CompteLib_0035;;;25C79;20250318;EcritureLib_0650;;0,00;131,70;C;;;
CM;Banque CM;;20250318;51200000;CompteLib_0020;;;25C79;20250318;EcritureLib_0650;;131,70;0,00;D;;;
CM;Banque CM;;20250318;62700000;CompteLib_0036;;;25C80;20250318;EcritureLib_0651;;0,98;0,00;D;;;
CM;Banque CM;;20250318;51200000;CompteLib_0020;;;25C80;20250318;EcritureLib_0651;;0,00;0,98;C;;;
CM;Banque CM;;20250318;40100000;CompteLib_0011;FMETRO;METRO;25C81;20250318;EcritureLib_0652;;91,03;0,00;D;;S;20250320
CM;Banque CM;;20250318;51200000;CompteLib_0020;;;25C81;20250318;EcritureLib_0652;;0,00;91,03;C;;;
CM;Banque CM;;20250318;40100000;CompteLib_0011;FDIALY;DIALY;25C82;20250318;EcritureLib_0653;;93,89;0,00;D;;B;20250321
CM;Banque CM;;20250318;51200000;CompteLib_0020;;;25C82;20250318;EcritureLib_0653;;0,00;93,89;C;;;
CM;Banque CM;;20250319;40100000;CompteLib_0011;FFREE;FREE;25C135;20250319;EcritureLib_0468;;10,73;0,00;D;;;
CM;Banque CM;;20250319;51200000;CompteLib_0020;;;25C135;20250319;EcritureLib_0468;;0,00;10,73;C;;;
CM;Banque CM;;20250319;51180000;CompteLib_0035;;;25C86;20250319;EcritureLib_0654;;0,00;51,30;C;;;
CM;Banque CM;;20250319;51200000;CompteLib_0020;;;25C86;20250319;EcritureLib_0654;;51,30;0,00;D;;;
CM;Banque CM;;20250319;62700000;CompteLib_0036;;;25C85;20250319;EcritureLib_0655;;0,36;0,00;D;;;
CM;Banque CM;;20250319;51200000;CompteLib_0020;;;25C85;20250319;EcritureLib_0655;;0,00;0,36;C;;;
CM;Banque CM;;20250320;51120000;CompteLib_0037;;;25C87;20250320;EcritureLib_0656;;0,00;21,55;C;;;
CM;Banque CM;;20250320;51200000;CompteLib_0020;;;25C87;20250320;EcritureLib_0656;;21,55;0,00;D;;;
CM;Banque CM;;20250320;51120000;CompteLib_0037;;;25C88;20250320;EcritureLib_0657;;0,00;32,36;C;;;
CM;Banque CM;;20250320;51200000;CompteLib_0020;;;25C88;20250320;EcritureLib_0657;;32,36;0,00;D;;;
CM;Banque CM;;20250320;70180100;CompteLib_0039;;;25C89;20250320;EcritureLib_0658;;0,00;82,50;C;;;
CM;Banque CM;;20250320;44571100;CompteLib_0016;;;25C89;20250320;EcritureLib_0658;;0,00;8,25;C;;;
CM;Banque CM;;20250320;51200000;CompteLib_0020;;;25C89;20250320;EcritureLib_0658;;90,75;0,00;D;;;
CM;Banque CM;;20250320;51180000;CompteLib_0035;;;25C90;20250320;EcritureLib_0659;;0,00;130,40;C;;;
CM;Banque CM;;20250320;51200000;CompteLib_0020;;;25C90;20250320;EcritureLib_0659;;130,40;0,00;D;;;
CM;Banque CM;;20250320;62700000;CompteLib_0036;;;25C91;20250320;EcritureLib_0660;;0,97;0,00;D;;;
CM;Banque CM;;20250320;51200000;CompteLib_0020;;;25C91;20250320;EcritureLib_0660;;0,00;0,97;C;;;
CM;Banque CM;;20250321;51180000;CompteLib_0035;;;25C94;20250321;EcritureLib_0661;;0,00;52,30;C;;;
CM;Banque CM;;20250321;51200000;CompteLib_0020;;;25C94;20250321;EcritureLib_0661;;52,30;0,00;D;;;
CM;Banque CM;;20250321;62700000;CompteLib_0036;;;25C95;20250321;EcritureLib_0662;;0,45;0,00;D;;;
CM;Banque CM;;20250321;51200000;CompteLib_0020;;;25C95;20250321;EcritureLib_0662;;0,00;0,45;C;;;
CM;Banque CM;;20250321;40100000;CompteLib_0011;401RESTA;RESTAURANT;25C96;20250321;EcritureLib_0663;;1,39;0,00;D;;;
CM;Banque CM;;20250321;51200000;CompteLib_0020;;;25C96;20250321;EcritureLib_0663;;0,00;1,39;C;;;
CM;Banque CM;;20250321;40100000;CompteLib_0011;401CARBU;CARBURANT;25C97;20250321;EcritureLib_0664;;31,98;0,00;D;;;
CM;Banque CM;;20250321;51200000;CompteLib_0020;;;25C97;20250321;EcritureLib_0664;;0,00;31,98;C;;;
CM;Banque CM;;20250324;51180000;CompteLib_0035;;;25C98;20250324;EcritureLib_0665;;0,00;25,90;C;;;
CM;Banque CM;;20250324;51200000;CompteLib_0020;;;25C98;20250324;EcritureLib_0665;;25,90;0,00;D;;;
CM;Banque CM;;20250324;62700000;CompteLib_0036;;;25C99;20250324;EcritureLib_0666;;0,18;0,00;D;;;
CM;Banque CM;;20250324;51200000;CompteLib_0020;;;25C99;20250324;EcritureLib_0666;;0,00;0,18;C;;;
CM;Banque CM;;20250324;70180200;CompteLib_0043;;;25C100;20250324;EcritureLib_0667;;0,00;14,41;C;;;
CM;Banque CM;;20250324;44571100;CompteLib_0016;;;25C100;20250324;EcritureLib_0667;;0,00;1,44;C;;;
CM;Banque CM;;20250324;51200000;CompteLib_0020;;;25C100;20250324;EcritureLib_0667;;15,85;0,00;D;;;
CM;Banque CM;;20250324;40100000;CompteLib_0011;401RESTA;RESTAURANT;25C101;20250324;EcritureLib_0668;;2,48;0,00;D;;;
CM;Banque CM;;20250324;51200000;CompteLib_0020;;;25C101;20250324;EcritureLib_0668;;0,00;2,48;C;;;
CM;Banque CM;;20250324;40100000;CompteLib_0011;FMETRO;METRO;25C102;20250324;EcritureLib_0669;;46,59;0,00;D;;;
CM;Banque CM;;20250324;51200000;CompteLib_0020;;;25C102;20250324;EcritureLib_0669;;0,00;46,59;C;;;
CM;Banque CM;;20250325;40100000;CompteLib_0011;FSTC;STC;25C103;20250325;EcritureLib_0262;;204,60;0,00;D;;;
CM;Banque CM;;20250325;51200000;CompteLib_0020;;;25C103;20250325;EcritureLib_0262;;0,00;204,60;C;;;
CM;Banque CM;;20250325;40100000;CompteLib_0011;FSTC;STC;25C104;20250325;EcritureLib_0262;;253,20;0,00;D;;K;20250328
CM;Banque CM;;20250325;51200000;CompteLib_0020;;;25C104;20250325;EcritureLib_0262;;0,00;253,20;C;;;
CM;Banque CM;;20250325;51180000;CompteLib_0035;;;25C105;20250325;EcritureLib_0670;;0,00;66,50;C;;;
CM;Banque CM;;20250325;51200000;CompteLib_0020;;;25C105;20250325;EcritureLib_0670;;66,50;0,00;D;;;
CM;Banque CM;;20250325;62700000;CompteLib_0036;;;25C106;20250325;EcritureLib_0671;;0,43;0,00;D;;;
CM;Banque CM;;20250325;51200000;CompteLib_0020;;;25C106;20250325;EcritureLib_0671;;0,00;0,43;C;;;
CM;Banque CM;;20250325;40100000;CompteLib_0011;401RESTA;RESTAURANT;25C107;20250325;EcritureLib_0672;;1,49;0,00;D;;;
CM;Banque CM;;20250325;51200000;CompteLib_0020;;;25C107;20250325;EcritureLib_0672;;0,00;1,49;C;;;
CM;Banque CM;;20250326;51180000;CompteLib_0035;;;25C108;20250326;EcritureLib_0673;;0,00;58,70;C;;;
CM;Banque CM;;20250326;51200000;CompteLib_0020;;;25C108;20250326;EcritureLib_0673;;58,70;0,00;D;;;
CM;Banque CM;;20250326;62700000;CompteLib_0036;;;25C109;20250326;EcritureLib_0674;;0,40;0,00;D;;;
CM;Banque CM;;20250326;51200000;CompteLib_0020;;;25C109;20250326;EcritureLib_0674;;0,00;0,40;C;;;
CM;Banque CM;;20250326;40100000;CompteLib_0011;401RESTA;RESTAURANT;25C110;20250326;EcritureLib_0675;;10,00;0,00;D;;;
CM;Banque CM;;20250326;51200000;CompteLib_0020;;;25C110;20250326;EcritureLib_0675;;0,00;10,00;C;;;
CM;Banque CM;;20250327;51120000;CompteLib_0037;;;25C111;20250327;EcritureLib_0676;;0,00;22,02;C;;;
CM;Banque CM;;20250327;51200000;CompteLib_0020;;;25C111;20250327;EcritureLib_0676;;22,02;0,00;D;;;
CM;Banque CM;;20250327;51120000;CompteLib_0037;;;25C112;20250327;EcritureLib_0677;;0,00;17,97;C;;;
CM;Banque CM;;20250327;51200000;CompteLib_0020;;;25C112;20250327;EcritureLib_0677;;17,97;0,00;D;;;
CM;Banque CM;;20250327;51120000;CompteLib_0037;;;25C113;20250327;EcritureLib_0678;;0,00;16,68;C;;;
CM;Banque CM;;20250327;51200000;CompteLib_0020;;;25C113;20250327;EcritureLib_0678;;16,68;0,00;D;;;
CM;Banque CM;;20250327;70180100;CompteLib_0039;;;25C114;20250327;EcritureLib_0679;;0,00;51,80;C;;;
CM;Banque CM;;20250327;44571100;CompteLib_0016;;;25C114;20250327;EcritureLib_0679;;0,00;5,18;C;;;
CM;Banque CM;;20250327;51200000;CompteLib_0020;;;25C114;20250327;EcritureLib_0679;;56,98;0,00;D;;;
CM;Banque CM;;20250327;51180000;CompteLib_0035;;;25C115;20250327;EcritureLib_0680;;0,00;123,50;C;;;
CM;Banque CM;;20250327;51200000;CompteLib_0020;;;25C115;20250327;EcritureLib_0680;;123,50;0,00;D;;;
CM;Banque CM;;20250327;62700000;CompteLib_0036;;;25C116;20250327;EcritureLib_0681;;1,02;0,00;D;;;
CM;Banque CM;;20250327;51200000;CompteLib_0020;;;25C116;20250327;EcritureLib_0681;;0,00;1,02;C;;;
CM;Banque CM;;20250327;47100000;CompteLib_0044;;;25C117;20250327;EcritureLib_0682;;5,00;0,00;D;;;
CM;Banque CM;;20250327;51200000;CompteLib_0020;;;25C117;20250327;EcritureLib_0682;;0,00;5,00;C;;;
CM;Banque CM;;20250327;40100000;CompteLib_0011;FACTION;ACTION;25C118;20250327;EcritureLib_0683;;6,78;0,00;D;;;
CM;Banque CM;;20250327;51200000;CompteLib_0020;;;25C118;20250327;EcritureLib_0683;;0,00;6,78;C;;;
CM;Banque CM;;20250328;51180000;CompteLib_0035;;;25C119;20250328;EcritureLib_0684;;0,00;108,55;C;;;
CM;Banque CM;;20250328;51200000;CompteLib_0020;;;25C119;20250328;EcritureLib_0684;;108,55;0,00;D;;;
CM;Banque CM;;20250328;62700000;CompteLib_0036;;;25C120;20250328;EcritureLib_0685;;0,85;0,00;D;;;
CM;Banque CM;;20250328;51200000;CompteLib_0020;;;25C120;20250328;EcritureLib_0685;;0,00;0,85;C;;;
CM;Banque CM;;20250328;40100000;CompteLib_0011;401RESTA;RESTAURANT;25C121;20250328;EcritureLib_0686;;4,02;0,00;D;;;
CM;Banque CM;;20250328;51200000;CompteLib_0020;;;25C121;20250328;EcritureLib_0686;;0,00;4,02;C;;;
CM;Banque CM;;20250328;40100000;CompteLib_0011;FPROMOCASH;PROMOCASH;25C122;20250328;EcritureLib_0687;;202,41;0,00;D;;;
CM;Banque CM;;20250328;51200000;CompteLib_0020;;;25C122;20250328;EcritureLib_0687;;0,00;202,41;C;;;
CM;Banque CM;;20250331;62600000;CompteLib_0031;;;25C123;20250331;EcritureLib_0547;;58,33;0,00;D;;;
CM;Banque CM;;20250331;44566000;CompteLib_0015;;;25C123;20250331;EcritureLib_0547;;11,67;0,00;D;;;
CM;Banque CM;;20250331;51200000;CompteLib_0020;;;25C123;20250331;EcritureLib_0547;;0,00;70,00;C;;;
CM;Banque CM;;20250331;51180000;CompteLib_0035;;;25C124;20250331;EcritureLib_0688;;0,00;25,00;C;;;
CM;Banque CM;;20250331;51200000;CompteLib_0020;;;25C124;20250331;EcritureLib_0688;;25,00;0,00;D;;;
CM;Banque CM;;20250331;62700000;CompteLib_0036;;;25C125;20250331;EcritureLib_0689;;0,15;0,00;D;;;
CM;Banque CM;;20250331;51200000;CompteLib_0020;;;25C125;20250331;EcritureLib_0689;;0,00;0,15;C;;;
CM;Banque CM;;20250331;70180200;CompteLib_0043;;;25C126;20250331;EcritureLib_0690;;0,00;86,05;C;;;
CM;Banque CM;;20250331;44571100;CompteLib_0016;;;25C126;20250331;EcritureLib_0690;;0,00;8,61;C;;;
CM;Banque CM;;20250331;51200000;CompteLib_0020;;;25C126;20250331;EcritureLib_0690;;94,66;0,00;D;;;
CM;Banque CM;;20250401;51180000;CompteLib_0035;;;25D1;20250401;EcritureLib_0691;;0,00;54,50;C;;;
CM;Banque CM;;20250401;51200000;CompteLib_0020;;;25D1;20250401;EcritureLib_0691;;54,50;0,00;D;;;
CM;Banque CM;;20250401;51180000;CompteLib_0035;;;25D2;20250401;EcritureLib_0691;;0,00;26,50;C;;;
CM;Banque CM;;20250401;51200000;CompteLib_0020;;;25D2;20250401;EcritureLib_0691;;26,50;0,00;D;;;
CM;Banque CM;;20250401;62700000;CompteLib_0036;;;25D3;20250401;EcritureLib_0692;;0,16;0,00;D;;;
CM;Banque CM;;20250401;51200000;CompteLib_0020;;;25D3;20250401;EcritureLib_0692;;0,00;0,16;C;;;
CM;Banque CM;;20250401;62700000;CompteLib_0036;;;25D4;20250401;EcritureLib_0692;;0,37;0,00;D;;;
CM;Banque CM;;20250401;51200000;CompteLib_0020;;;25D4;20250401;EcritureLib_0692;;0,00;0,37;C;;;
CM;Banque CM;;20250402;40100000;CompteLib_0011;401POSTE;LA POSTE;25D5;20250402;EcritureLib_0100;;4,99;0,00;D;;;
CM;Banque CM;;20250402;51200000;CompteLib_0020;;;25D5;20250402;EcritureLib_0100;;0,00;4,99;C;;;
CM;Banque CM;;20250402;51120000;CompteLib_0037;;;25D6;20250402;EcritureLib_0693;;0,00;11,63;C;;;
CM;Banque CM;;20250402;51200000;CompteLib_0020;;;25D6;20250402;EcritureLib_0693;;11,63;0,00;D;;;
CM;Banque CM;;20250402;51120000;CompteLib_0037;;;25D7;20250402;EcritureLib_0694;;0,00;13,21;C;;;
CM;Banque CM;;20250402;51200000;CompteLib_0020;;;25D7;20250402;EcritureLib_0694;;13,21;0,00;D;;;
CM;Banque CM;;20250402;51180000;CompteLib_0035;;;25D8;20250402;EcritureLib_0695;;0,00;12,50;C;;;
CM;Banque CM;;20250402;51200000;CompteLib_0020;;;25D8;20250402;EcritureLib_0695;;12,50;0,00;D;;;
CM;Banque CM;;20250402;51180000;CompteLib_0035;;;25D9;20250402;EcritureLib_0695;;0,00;116,19;C;;;
CM;Banque CM;;20250402;51200000;CompteLib_0020;;;25D9;20250402;EcritureLib_0695;;116,19;0,00;D;;;
CM;Banque CM;;20250402;62700000;CompteLib_0036;;;25D10;20250402;EcritureLib_0696;;0,87;0,00;D;;;
CM;Banque CM;;20250402;51200000;CompteLib_0020;;;25D10;20250402;EcritureLib_0696;;0,00;0,87;C;;;
CM;Banque CM;;20250402;62700000;CompteLib_0036;;;25D11;20250402;EcritureLib_0696;;0,08;0,00;D;;;
CM;Banque CM;;20250402;51200000;CompteLib_0020;;;25D11;20250402;EcritureLib_0696;;0,00;0,08;C;;;
CM;Banque CM;;20250402;40100000;CompteLib_0011;401RESTA;RESTAURANT;25D12;20250402;EcritureLib_0697;;10,28;0,00;D;;;
CM;Banque CM;;20250402;51200000;CompteLib_0020;;;25D12;20250402;EcritureLib_0697;;0,00;10,28;C;;;
CM;Banque CM;;20250402;62700000;CompteLib_0036;;;25D13;20250402;EcritureLib_0698;;28,38;0,00;D;;;
CM;Banque CM;;20250402;51200000;CompteLib_0020;;;25D13;20250402;EcritureLib_0698;;0,00;28,38;C;;;
CM;Banque CM;;20250403;61600000;CompteLib_0038;;;25D14;20250403;EcritureLib_0103;;25,90;0,00;D;;;
CM;Banque CM;;20250403;51200000;CompteLib_0020;;;25D14;20250403;EcritureLib_0103;;0,00;25,90;C;;;
CM;Banque CM;;20250403;51120000;CompteLib_0037;;;25D15;20250403;EcritureLib_0699;;0,00;11,03;C;;;
CM;Banque CM;;20250403;51200000;CompteLib_0020;;;25D15;20250403;EcritureLib_0699;;11,03;0,00;D;;;
CM;Banque CM;;20250403;70180100;CompteLib_0039;;;25D16;20250403;EcritureLib_0700;;0,00;15,82;C;;;
CM;Banque CM;;20250403;44571100;CompteLib_0016;;;25D16;20250403;EcritureLib_0700;;0,00;1,58;C;;;
CM;Banque CM;;20250403;51200000;CompteLib_0020;;;25D16;20250403;EcritureLib_0700;;17,40;0,00;D;;;
CM;Banque CM;;20250403;51180000;CompteLib_0035;;;25D17;20250403;EcritureLib_0701;;0,00;158,29;C;;;
CM;Banque CM;;20250403;51200000;CompteLib_0020;;;25D17;20250403;EcritureLib_0701;;158,29;0,00;D;;;
CM;Banque CM;;20250403;62700000;CompteLib_0036;;;25D18;20250403;EcritureLib_0702;;1,19;0,00;D;;;
CM;Banque CM;;20250403;51200000;CompteLib_0020;;;25D18;20250403;EcritureLib_0702;;0,00;1,19;C;;;
CM;Banque CM;;20250403;51120000;CompteLib_0037;;;25D19;20250403;EcritureLib_0703;;0,00;44,63;C;;;
CM;Banque CM;;20250403;51200000;CompteLib_0020;;;25D19;20250403;EcritureLib_0703;;44,63;0,00;D;;;
CM;Banque CM;;20250403;40100000;CompteLib_0011;FPROMOCASH;PROMOCASH;25D20;20250403;EcritureLib_0704;;146,17;0,00;D;;J;20250505
CM;Banque CM;;20250403;51200000;CompteLib_0020;;;25D20;20250403;EcritureLib_0704;;0,00;146,17;C;;;
CM;Banque CM;;20250403;62700000;CompteLib_0036;;;25D21;20250403;EcritureLib_0412;;0,00;28,38;C;;;
CM;Banque CM;;20250403;51200000;CompteLib_0020;;;25D21;20250403;EcritureLib_0412;;28,38;0,00;D;;;
CM;Banque CM;;20250404;40100000;CompteLib_0011;FFREE;FREE;25D107;20250404;EcritureLib_0705;;29,99;0,00;D;;C;20250729
CM;Banque CM;;20250404;51200000;CompteLib_0020;;;25D107;20250404;EcritureLib_0705;;0,00;29,99;C;;;
CM;Banque CM;;20250404;51180000;CompteLib_0035;;;25D23;20250404;EcritureLib_0706;;0,00;112,38;C;;;
CM;Banque CM;;20250404;51200000;CompteLib_0020;;;25D23;20250404;EcritureLib_0706;;112,38;0,00;D;;;
CM;Banque CM;;20250404;62700000;CompteLib_0036;;;25D24;20250404;EcritureLib_0707;;0,75;0,00;D;;;
CM;Banque CM;;20250404;51200000;CompteLib_0020;;;25D24;20250404;EcritureLib_0707;;0,00;0,75;C;;;
CM;Banque CM;;20250404;40100000;CompteLib_0011;401RESTA;RESTAURANT;25D25;20250404;EcritureLib_0708;;50,30;0,00;D;;;
CM;Banque CM;;20250404;51200000;CompteLib_0020;;;25D25;20250404;EcritureLib_0708;;0,00;50,30;C;;;
CM;Banque CM;;20250404;40100000;CompteLib_0011;401LOYER;LOYERS ET CHARGES;25D26;20250404;EcritureLib_0709;;1092,00;0,00;D;;;
CM;Banque CM;;20250404;51200000;CompteLib_0020;;;25D26;20250404;EcritureLib_0709;;0,00;1092,00;C;;;
CM;Banque CM;;20250407;40100000;CompteLib_0011;FTILLER;TILLER;25D27;20250407;EcritureLib_0290;;58,80;0,00;D;;;
CM;Banque CM;;20250407;51200000;CompteLib_0020;;;25D27;20250407;EcritureLib_0290;;0,00;58,80;C;;;
CM;Banque CM;;20250407;51180000;CompteLib_0035;;;25D28;20250407;EcritureLib_0710;;0,00;80,80;C;;;
CM;Banque CM;;20250407;51200000;CompteLib_0020;;;25D28;20250407;EcritureLib_0710;;80,80;0,00;D;;;
CM;Banque CM;;20250407;51180000;CompteLib_0035;;;25D29;20250407;EcritureLib_0711;;0,00;33,00;C;;;
CM;Banque CM;;20250407;51200000;CompteLib_0020;;;25D29;20250407;EcritureLib_0711;;33,00;0,00;D;;;
CM;Banque CM;;20250407;51180000;CompteLib_0035;;;25D30;20250407;EcritureLib_0711;;0,00;41,50;C;;;
CM;Banque CM;;20250407;51200000;CompteLib_0020;;;25D30;20250407;EcritureLib_0711;;41,50;0,00;D;;;
CM;Banque CM;;20250407;62700000;CompteLib_0036;;;25D31;20250407;EcritureLib_0712;;0,25;0,00;D;;;
CM;Banque CM;;20250407;51200000;CompteLib_0020;;;25D31;20250407;EcritureLib_0712;;0,00;0,25;C;;;
CM;Banque CM;;20250407;62700000;CompteLib_0036;;;25D32;20250407;EcritureLib_0712;;0,18;0,00;D;;;
CM;Banque CM;;20250407;51200000;CompteLib_0020;;;25D32;20250407;EcritureLib_0712;;0,00;0,18;C;;;
CM;Banque CM;;20250407;62700000;CompteLib_0036;;;25D33;20250407;EcritureLib_0713;;0,52;0,00;D;;;
CM;Banque CM;;20250407;51200000;CompteLib_0020;;;25D33;20250407;EcritureLib_0713;;0,00;0,52;C;;;
CM;Banque CM;;20250407;70180200;CompteLib_0043;;;25D34;20250407;EcritureLib_0714;;0,00;14,70;C;;;
CM;Banque CM;;20250407;44571100;CompteLib_0016;;;25D34;20250407;EcritureLib_0714;;0,00;1,47;C;;;
CM;Banque CM;;20250407;51200000;CompteLib_0020;;;25D34;20250407;EcritureLib_0714;;16,17;0,00;D;;;
CM;Banque CM;;20250407;40100000;CompteLib_0011;FMETRO;METRO;25D35;20250407;EcritureLib_0715;;23,80;0,00;D;;;
CM;Banque CM;;20250407;51200000;CompteLib_0020;;;25D35;20250407;EcritureLib_0715;;0,00;23,80;C;;;
CM;Banque CM;;20250407;40100000;CompteLib_0011;401RESTA;RESTAURANT;25D36;20250407;EcritureLib_0716;;4,20;0,00;D;;;
CM;Banque CM;;20250407;51200000;CompteLib_0020;;;25D36;20250407;EcritureLib_0716;;0,00;4,20;C;;;
CM;Banque CM;;20250407;40100000;CompteLib_0011;401RESTA;RESTAURANT;25D37;20250407;EcritureLib_0717;;2,99;0,00;D;;;
CM;Banque CM;;20250407;51200000;CompteLib_0020;;;25D37;20250407;EcritureLib_0717;;0,00;2,99;C;;;
CM;Banque CM;;20250408;51180000;CompteLib_0035;;;25D38;20250408;EcritureLib_0718;;0,00;106,90;C;;;
CM;Banque CM;;20250408;51200000;CompteLib_0020;;;25D38;20250408;EcritureLib_0718;;106,90;0,00;D;;;
CM;Banque CM;;20250408;62700000;CompteLib_0036;;;25D39;20250408;EcritureLib_0719;;0,65;0,00;D;;;
CM;Banque CM;;20250408;51200000;CompteLib_0020;;;25D39;20250408;EcritureLib_0719;;0,00;0,65;C;;;
CM;Banque CM;;20250408;40100000;CompteLib_0011;FTOTAL;TOTAL ENERGIES ;25D108;20250408;EcritureLib_0127;;362,78;0,00;D;;A;20250613
CM;Banque CM;;20250408;51200000;CompteLib_0020;;;25D108;20250408;EcritureLib_0127;;0,00;362,78;C;;;
CM;Banque CM;;20250409;51120000;CompteLib_0037;;;25D41;20250409;EcritureLib_0720;;0,00;19,87;C;;;
CM;Banque CM;;20250409;51200000;CompteLib_0020;;;25D41;20250409;EcritureLib_0720;;19,87;0,00;D;;;
CM;Banque CM;;20250409;51120000;CompteLib_0037;;;25D42;20250409;EcritureLib_0721;;0,00;129,57;C;;;
CM;Banque CM;;20250409;51200000;CompteLib_0020;;;25D42;20250409;EcritureLib_0721;;129,57;0,00;D;;;
CM;Banque CM;;20250409;51180000;CompteLib_0035;;;25D43;20250409;EcritureLib_0722;;0,00;41,60;C;;;
CM;Banque CM;;20250409;51200000;CompteLib_0020;;;25D43;20250409;EcritureLib_0722;;41,60;0,00;D;;;
CM;Banque CM;;20250409;51180000;CompteLib_0035;;;25D44;20250409;EcritureLib_0722;;0,00;12,80;C;;;
CM;Banque CM;;20250409;51200000;CompteLib_0020;;;25D44;20250409;EcritureLib_0722;;12,80;0,00;D;;;
CM;Banque CM;;20250409;62700000;CompteLib_0036;;;25D45;20250409;EcritureLib_0723;;0,08;0,00;D;;;
CM;Banque CM;;20250409;51200000;CompteLib_0020;;;25D45;20250409;EcritureLib_0723;;0,00;0,08;C;;;
CM;Banque CM;;20250409;62700000;CompteLib_0036;;;25D46;20250409;EcritureLib_0723;;0,28;0,00;D;;;
CM;Banque CM;;20250409;51200000;CompteLib_0020;;;25D46;20250409;EcritureLib_0723;;0,00;0,28;C;;;
CM;Banque CM;;20250409;40100000;CompteLib_0011;FLIDL;LIDL;25D47;20250409;EcritureLib_0724;;45,79;0,00;D;;;
CM;Banque CM;;20250409;51200000;CompteLib_0020;;;25D47;20250409;EcritureLib_0724;;0,00;45,79;C;;;
CM;Banque CM;;20250409;40100000;CompteLib_0011;FPROMOCASH;PROMOCASH;25D48;20250409;EcritureLib_0725;;168,28;0,00;D;;H;20250505
CM;Banque CM;;20250409;51200000;CompteLib_0020;;;25D48;20250409;EcritureLib_0725;;0,00;168,28;C;;;
CM;Banque CM;;20250410;40100000;CompteLib_0011;FSTC;STC;25D49;20250410;EcritureLib_0262;;253,20;0,00;D;;;
CM;Banque CM;;20250410;51200000;CompteLib_0020;;;25D49;20250410;EcritureLib_0262;;0,00;253,20;C;;;
CM;Banque CM;;20250410;51120000;CompteLib_0037;;;25D50;20250410;EcritureLib_0726;;0,00;81,15;C;;;
CM;Banque CM;;20250410;51200000;CompteLib_0020;;;25D50;20250410;EcritureLib_0726;;81,15;0,00;D;;;
CM;Banque CM;;20250410;70180100;CompteLib_0039;;;25D51;20250410;EcritureLib_0727;;0,00;7,42;C;;;
CM;Banque CM;;20250410;44571100;CompteLib_0016;;;25D51;20250410;EcritureLib_0727;;0,00;0,74;C;;;
CM;Banque CM;;20250410;51200000;CompteLib_0020;;;25D51;20250410;EcritureLib_0727;;8,16;0,00;D;;;
CM;Banque CM;;20250410;51180000;CompteLib_0035;;;25D52;20250410;EcritureLib_0728;;0,00;137,10;C;;;
CM;Banque CM;;20250410;51200000;CompteLib_0020;;;25D52;20250410;EcritureLib_0728;;137,10;0,00;D;;;
CM;Banque CM;;20250410;62700000;CompteLib_0036;;;25D53;20250410;EcritureLib_0729;;0,88;0,00;D;;;
CM;Banque CM;;20250410;51200000;CompteLib_0020;;;25D53;20250410;EcritureLib_0729;;0,00;0,88;C;;;
CM;Banque CM;;20250410;40100000;CompteLib_0011;401CARBU;CARBURANT;25D54;20250410;EcritureLib_0730;;35,00;0,00;D;;;
CM;Banque CM;;20250410;51200000;CompteLib_0020;;;25D54;20250410;EcritureLib_0730;;0,00;35,00;C;;;
CM;Banque CM;;20250410;40100000;CompteLib_0011;FINTERRESTO;INTER RESTO;25D55;20250410;EcritureLib_0731;;120,61;0,00;D;;W;20251015
CM;Banque CM;;20250410;51200000;CompteLib_0020;;;25D55;20250410;EcritureLib_0731;;0,00;120,61;C;;;
CM;Banque CM;;20250410;40100000;CompteLib_0011;FDIALY;DIALY;25D56;20250410;EcritureLib_0732;;12,50;0,00;D;;;
CM;Banque CM;;20250410;51200000;CompteLib_0020;;;25D56;20250410;EcritureLib_0732;;0,00;12,50;C;;;
CM;Banque CM;;20250410;62700000;CompteLib_0036;;;25D57;20250410;EcritureLib_0288;;10,60;0,00;D;;;
CM;Banque CM;;20250410;51200000;CompteLib_0020;;;25D57;20250410;EcritureLib_0288;;0,00;10,60;C;;;
CM;Banque CM;;20250411;51180000;CompteLib_0035;;;25D58;20250411;EcritureLib_0733;;0,00;156,90;C;;;
CM;Banque CM;;20250411;51200000;CompteLib_0020;;;25D58;20250411;EcritureLib_0733;;156,90;0,00;D;;;
CM;Banque CM;;20250411;62700000;CompteLib_0036;;;25D59;20250411;EcritureLib_0734;;0,99;0,00;D;;;
CM;Banque CM;;20250411;51200000;CompteLib_0020;;;25D59;20250411;EcritureLib_0734;;0,00;0,99;C;;;
CM;Banque CM;;20250411;47100000;CompteLib_0044;;;25D60;20250411;EcritureLib_0595;;0,00;70,00;C;;;
CM;Banque CM;;20250411;51200000;CompteLib_0020;;;25D60;20250411;EcritureLib_0595;;70,00;0,00;D;;;
CM;Banque CM;;20250414;51180000;CompteLib_0035;;;25D61;20250414;EcritureLib_0735;;0,00;169,80;C;;;
CM;Banque CM;;20250414;51200000;CompteLib_0020;;;25D61;20250414;EcritureLib_0735;;169,80;0,00;D;;;
CM;Banque CM;;20250414;51180000;CompteLib_0035;;;25D62;20250414;EcritureLib_0736;;0,00;210,48;C;;;
CM;Banque CM;;20250414;51200000;CompteLib_0020;;;25D62;20250414;EcritureLib_0736;;210,48;0,00;D;;;
CM;Banque CM;;20250414;62700000;CompteLib_0036;;;25D63;20250414;EcritureLib_0737;;1,33;0,00;D;;;
CM;Banque CM;;20250414;51200000;CompteLib_0020;;;25D63;20250414;EcritureLib_0737;;0,00;1,33;C;;;
CM;Banque CM;;20250414;62700000;CompteLib_0036;;;25D64;20250414;EcritureLib_0738;;1,14;0,00;D;;;
CM;Banque CM;;20250414;51200000;CompteLib_0020;;;25D64;20250414;EcritureLib_0738;;0,00;1,14;C;;;
CM;Banque CM;;20250414;47100000;CompteLib_0044;;;25D65;20250414;EcritureLib_0739;;0,00;18,39;C;;;
CM;Banque CM;;20250414;51200000;CompteLib_0020;;;25D65;20250414;EcritureLib_0739;;18,39;0,00;D;;;
CM;Banque CM;;20250414;51120000;CompteLib_0037;;;25D66;20250414;EcritureLib_0740;;0,00;5,98;C;;;
CM;Banque CM;;20250414;51200000;CompteLib_0020;;;25D66;20250414;EcritureLib_0740;;5,98;0,00;D;;;
CM;Banque CM;;20250414;51180000;CompteLib_0035;;;25D67;20250414;EcritureLib_0741;;0,00;22,50;C;;;
CM;Banque CM;;20250414;51200000;CompteLib_0020;;;25D67;20250414;EcritureLib_0741;;22,50;0,00;D;;;
CM;Banque CM;;20250414;62700000;CompteLib_0036;;;25D68;20250414;EcritureLib_0742;;0,63;0,00;D;;;
CM;Banque CM;;20250414;51200000;CompteLib_0020;;;25D68;20250414;EcritureLib_0742;;0,00;0,63;C;;;
CM;Banque CM;;20250414;70180200;CompteLib_0043;;;25D69;20250414;EcritureLib_0743;;0,00;30,88;C;;;
CM;Banque CM;;20250414;44571100;CompteLib_0016;;;25D69;20250414;EcritureLib_0743;;0,00;3,09;C;;;
CM;Banque CM;;20250414;51200000;CompteLib_0020;;;25D69;20250414;EcritureLib_0743;;33,97;0,00;D;;;
CM;Banque CM;;20250414;40100000;CompteLib_0011;FINTERRESTO;INTER RESTO;25D70;20250414;EcritureLib_0744;;196,25;0,00;D;;V;20251015
CM;Banque CM;;20250414;51200000;CompteLib_0020;;;25D70;20250414;EcritureLib_0744;;0,00;196,25;C;;;
CM;Banque CM;;20250415;51120000;CompteLib_0037;;;25D71;20250415;EcritureLib_0745;;0,00;15,21;C;;;
CM;Banque CM;;20250415;51200000;CompteLib_0020;;;25D71;20250415;EcritureLib_0745;;15,21;0,00;D;;;
CM;Banque CM;;20250415;51180000;CompteLib_0035;;;25D72;20250415;EcritureLib_0746;;0,00;44,00;C;;;
CM;Banque CM;;20250415;51200000;CompteLib_0020;;;25D72;20250415;EcritureLib_0746;;44,00;0,00;D;;;
CM;Banque CM;;20250415;51180000;CompteLib_0035;;;25D73;20250415;EcritureLib_0746;;0,00;32,40;C;;;
CM;Banque CM;;20250415;51200000;CompteLib_0020;;;25D73;20250415;EcritureLib_0746;;32,40;0,00;D;;;
CM;Banque CM;;20250415;62700000;CompteLib_0036;;;25D74;20250415;EcritureLib_0747;;0,18;0,00;D;;;
CM;Banque CM;;20250415;51200000;CompteLib_0020;;;25D74;20250415;EcritureLib_0747;;0,00;0,18;C;;;
CM;Banque CM;;20250415;62700000;CompteLib_0036;;;25D75;20250415;EcritureLib_0747;;0,28;0,00;D;;;
CM;Banque CM;;20250415;51200000;CompteLib_0020;;;25D75;20250415;EcritureLib_0747;;0,00;0,28;C;;;
CM;Banque CM;;20250415;40100000;CompteLib_0011;FEURO;EURO INFORMATION;25D76;20250415;EcritureLib_0748;;68,40;0,00;D;;;
CM;Banque CM;;20250415;51200000;CompteLib_0020;;;25D76;20250415;EcritureLib_0748;;0,00;68,40;C;;;
CM;Banque CM;;20250415;40100000;CompteLib_0011;FPROMOCASH;PROMOCASH;25D77;20250415;EcritureLib_0749;;238,86;0,00;D;;K;20250505
CM;Banque CM;;20250415;51200000;CompteLib_0020;;;25D77;20250415;EcritureLib_0749;;0,00;238,86;C;;;
CM;Banque CM;;20250416;51120000;CompteLib_0037;;;25D78;20250416;EcritureLib_0750;;0,00;23,66;C;;;
CM;Banque CM;;20250416;51200000;CompteLib_0020;;;25D78;20250416;EcritureLib_0750;;23,66;0,00;D;;;
CM;Banque CM;;20250416;51180000;CompteLib_0035;;;25D79;20250416;EcritureLib_0751;;0,00;90,86;C;;;
CM;Banque CM;;20250416;51200000;CompteLib_0020;;;25D79;20250416;EcritureLib_0751;;90,86;0,00;D;;;
CM;Banque CM;;20250416;62700000;CompteLib_0036;;;25D80;20250416;EcritureLib_0752;;0,57;0,00;D;;;
CM;Banque CM;;20250416;51200000;CompteLib_0020;;;25D80;20250416;EcritureLib_0752;;0,00;0,57;C;;;
CM;Banque CM;;20250417;40100000;CompteLib_0011;FFREE;FREE;25D113;20250417;EcritureLib_0468;;9,99;0,00;D;;;
CM;Banque CM;;20250417;51200000;CompteLib_0020;;;25D113;20250417;EcritureLib_0468;;0,00;9,99;C;;;
CM;Banque CM;;20250417;51120000;CompteLib_0037;;;25D82;20250417;EcritureLib_0753;;0,00;88,85;C;;;
CM;Banque CM;;20250417;51200000;CompteLib_0020;;;25D82;20250417;EcritureLib_0753;;88,85;0,00;D;;;
CM;Banque CM;;20250417;51120000;CompteLib_0037;;;25D83;20250417;EcritureLib_0754;;0,00;27,10;C;;;
CM;Banque CM;;20250417;51200000;CompteLib_0020;;;25D83;20250417;EcritureLib_0754;;27,10;0,00;D;;;
CM;Banque CM;;20250417;70180100;CompteLib_0039;;;25D84;20250417;EcritureLib_0755;;0,00;52,77;C;;;
CM;Banque CM;;20250417;44571100;CompteLib_0016;;;25D84;20250417;EcritureLib_0755;;0,00;5,28;C;;;
CM;Banque CM;;20250417;51200000;CompteLib_0020;;;25D84;20250417;EcritureLib_0755;;58,05;0,00;D;;;
CM;Banque CM;;20250417;51180000;CompteLib_0035;;;25D85;20250417;EcritureLib_0756;;0,00;85,90;C;;;
CM;Banque CM;;20250417;51200000;CompteLib_0020;;;25D85;20250417;EcritureLib_0756;;85,90;0,00;D;;;
CM;Banque CM;;20250417;62700000;CompteLib_0036;;;25D86;20250417;EcritureLib_0757;;0,56;0,00;D;;;
CM;Banque CM;;20250417;51200000;CompteLib_0020;;;25D86;20250417;EcritureLib_0757;;0,00;0,56;C;;;
CM;Banque CM;;20250418;51180000;CompteLib_0035;;;25D87;20250418;EcritureLib_0758;;0,00;134,90;C;;;
CM;Banque CM;;20250418;51200000;CompteLib_0020;;;25D87;20250418;EcritureLib_0758;;134,90;0,00;D;;;
CM;Banque CM;;20250418;62700000;CompteLib_0036;;;25D88;20250418;EcritureLib_0759;;0,88;0,00;D;;;
CM;Banque CM;;20250418;51200000;CompteLib_0020;;;25D88;20250418;EcritureLib_0759;;0,00;0,88;C;;;
CM;Banque CM;;20250418;40100000;CompteLib_0011;401CARBU;CARBURANT;25D89;20250418;EcritureLib_0760;;50,57;0,00;D;;;
CM;Banque CM;;20250418;51200000;CompteLib_0020;;;25D89;20250418;EcritureLib_0760;;0,00;50,57;C;;;
CM;Banque CM;;20250421;51180000;CompteLib_0035;;;25D90;20250421;EcritureLib_0761;;0,00;129,80;C;;;
CM;Banque CM;;20250421;51200000;CompteLib_0020;;;25D90;20250421;EcritureLib_0761;;129,80;0,00;D;;;
CM;Banque CM;;20250421;51180000;CompteLib_0035;;;25D91;20250421;EcritureLib_0762;;0,00;29,90;C;;;
CM;Banque CM;;20250421;51200000;CompteLib_0020;;;25D91;20250421;EcritureLib_0762;;29,90;0,00;D;;;
CM;Banque CM;;20250421;51180000;CompteLib_0035;;;25D92;20250421;EcritureLib_0762;;0,00;113,00;C;;;
CM;Banque CM;;20250421;51200000;CompteLib_0020;;;25D92;20250421;EcritureLib_0762;;113,00;0,00;D;;;
CM;Banque CM;;20250421;62700000;CompteLib_0036;;;25D93;20250421;EcritureLib_0763;;0,60;0,00;D;;;
CM;Banque CM;;20250421;51200000;CompteLib_0020;;;25D93;20250421;EcritureLib_0763;;0,00;0,60;C;;;
CM;Banque CM;;20250421;62700000;CompteLib_0036;;;25D94;20250421;EcritureLib_0763;;0,21;0,00;D;;;
CM;Banque CM;;20250421;51200000;CompteLib_0020;;;25D94;20250421;EcritureLib_0763;;0,00;0,21;C;;;
CM;Banque CM;;20250421;62700000;CompteLib_0036;;;25D95;20250421;EcritureLib_0764;;0,76;0,00;D;;;
CM;Banque CM;;20250421;51200000;CompteLib_0020;;;25D95;20250421;EcritureLib_0764;;0,00;0,76;C;;;
CM;Banque CM;;20250421;47100000;CompteLib_0044;;;25D96;20250421;EcritureLib_0765;;58,53;0,00;D;;;
CM;Banque CM;;20250421;51200000;CompteLib_0020;;;25D96;20250421;EcritureLib_0765;;0,00;58,53;C;;;
CM;Banque CM;;20250421;47100000;CompteLib_0044;;;25D97;20250421;EcritureLib_0765;;0,00;50,81;C;;;
CM;Banque CM;;20250421;51200000;CompteLib_0020;;;25D97;20250421;EcritureLib_0765;;50,81;0,00;D;;;
CM;Banque CM;;20250421;40100000;CompteLib_0011;FPROMOCASH;PROMOCASH;25D98;20250421;EcritureLib_0766;;253,22;0,00;D;;I;20250505
CM;Banque CM;;20250421;51200000;CompteLib_0020;;;25D98;20250421;EcritureLib_0766;;0,00;253,22;C;;;
CM;Banque CM;;20250421;40100000;CompteLib_0011;401RESTA;RESTAURANT;25D99;20250421;EcritureLib_0767;;3,91;0,00;D;;;
CM;Banque CM;;20250421;51200000;CompteLib_0020;;;25D99;20250421;EcritureLib_0767;;0,00;3,91;C;;;
CM;Banque CM;;20250422;51120000;CompteLib_0037;;;25D100;20250422;EcritureLib_0768;;0,00;87,80;C;;;
CM;Banque CM;;20250422;51200000;CompteLib_0020;;;25D100;20250422;EcritureLib_0768;;87,80;0,00;D;;;
CM;Banque CM;;20250422;40100000;CompteLib_0011;401RESTA;RESTAURANT;25D101;20250422;EcritureLib_0769;;115,00;0,00;D;;;
CM;Banque CM;;20250422;51200000;CompteLib_0020;;;25D101;20250422;EcritureLib_0769;;0,00;115,00;C;;;
CM;Banque CM;;20250423;51180000;CompteLib_0035;;;25D102;20250423;EcritureLib_0770;;0,00;153,50;C;;;
CM;Banque CM;;20250423;51200000;CompteLib_0020;;;25D102;20250423;EcritureLib_0770;;153,50;0,00;D;;;
CM;Banque CM;;20250423;62700000;CompteLib_0036;;;25D103;20250423;EcritureLib_0771;;1,06;0,00;D;;;
CM;Banque CM;;20250423;51200000;CompteLib_0020;;;25D103;20250423;EcritureLib_0771;;0,00;1,06;C;;;
CM;Banque CM;;20250424;51120000;CompteLib_0037;;;25D115;20250424;EcritureLib_0772;;0,00;17,11;C;;;
CM;Banque CM;;20250424;51200000;CompteLib_0020;;;25D115;20250424;EcritureLib_0772;;17,11;0,00;D;;;
CM;Banque CM;;20250424;51120000;CompteLib_0037;;;25D116;20250424;EcritureLib_0773;;0,00;17,21;C;;;
CM;Banque CM;;20250424;51200000;CompteLib_0020;;;25D116;20250424;EcritureLib_0773;;17,21;0,00;D;;;
CM;Banque CM;;20250424;51120000;CompteLib_0037;;;25D117;20250424;EcritureLib_0774;;0,00;29,25;C;;;
CM;Banque CM;;20250424;51200000;CompteLib_0020;;;25D117;20250424;EcritureLib_0774;;29,25;0,00;D;;;
CM;Banque CM;;20250424;51120000;CompteLib_0037;;;25D118;20250424;EcritureLib_0775;;0,00;20,64;C;;;
CM;Banque CM;;20250424;51200000;CompteLib_0020;;;25D118;20250424;EcritureLib_0775;;20,64;0,00;D;;;
CM;Banque CM;;20250424;70180100;CompteLib_0039;;;25D119;20250424;EcritureLib_0776;;0,00;2,07;C;;;
CM;Banque CM;;20250424;44571100;CompteLib_0016;;;25D119;20250424;EcritureLib_0776;;0,00;0,21;C;;;
CM;Banque CM;;20250424;51200000;CompteLib_0020;;;25D119;20250424;EcritureLib_0776;;2,28;0,00;D;;;
CM;Banque CM;;20250424;51180000;CompteLib_0035;;;25D120;20250424;EcritureLib_0777;;0,00;203,50;C;;;
CM;Banque CM;;20250424;51200000;CompteLib_0020;;;25D120;20250424;EcritureLib_0777;;203,50;0,00;D;;;
CM;Banque CM;;20250424;51180000;CompteLib_0035;;;25D121;20250424;EcritureLib_0777;;0,00;121,99;C;;;
CM;Banque CM;;20250424;51200000;CompteLib_0020;;;25D121;20250424;EcritureLib_0777;;121,99;0,00;D;;;
CM;Banque CM;;20250424;62700000;CompteLib_0036;;;25D122;20250424;EcritureLib_0778;;2,24;0,00;D;;;
CM;Banque CM;;20250424;51200000;CompteLib_0020;;;25D122;20250424;EcritureLib_0778;;0,00;2,24;C;;;
CM;Banque CM;;20250424;62700000;CompteLib_0036;;;25D123;20250424;EcritureLib_0778;;0,91;0,00;D;;;
CM;Banque CM;;20250424;51200000;CompteLib_0020;;;25D123;20250424;EcritureLib_0778;;0,00;0,91;C;;;
CM;Banque CM;;20250424;40100000;CompteLib_0011;FMETRO;METRO;25D124;20250424;EcritureLib_0779;;250,14;0,00;D;;;
CM;Banque CM;;20250424;51200000;CompteLib_0020;;;25D124;20250424;EcritureLib_0779;;0,00;250,14;C;;;
CM;Banque CM;;20250425;40100000;CompteLib_0011;FSTC;STC;25D128;20250425;EcritureLib_0262;;204,60;0,00;D;;;
CM;Banque CM;;20250425;51200000;CompteLib_0020;;;25D128;20250425;EcritureLib_0262;;0,00;204,60;C;;;
CM;Banque CM;;20250425;51180000;CompteLib_0035;;;25D129;20250425;EcritureLib_0780;;0,00;104,40;C;;;
CM;Banque CM;;20250425;51200000;CompteLib_0020;;;25D129;20250425;EcritureLib_0780;;104,40;0,00;D;;;
CM;Banque CM;;20250425;51180000;CompteLib_0035;;;25D130;20250425;EcritureLib_0780;;0,00;69,20;C;;;
CM;Banque CM;;20250425;51200000;CompteLib_0020;;;25D130;20250425;EcritureLib_0780;;69,20;0,00;D;;;
CM;Banque CM;;20250425;62700000;CompteLib_0036;;;25D131;20250425;EcritureLib_0781;;0,36;0,00;D;;;
CM;Banque CM;;20250425;51200000;CompteLib_0020;;;25D131;20250425;EcritureLib_0781;;0,00;0,36;C;;;
CM;Banque CM;;20250425;62700000;CompteLib_0036;;;25D132;20250425;EcritureLib_0781;;1,20;0,00;D;;;
CM;Banque CM;;20250425;51200000;CompteLib_0020;;;25D132;20250425;EcritureLib_0781;;0,00;1,20;C;;;
CM;Banque CM;;20250425;40100000;CompteLib_0011;FPROMOCASH;PROMOCASH;25D133;20250425;EcritureLib_0782;;94,48;0,00;D;;L;20250505
CM;Banque CM;;20250425;51200000;CompteLib_0020;;;25D133;20250425;EcritureLib_0782;;0,00;94,48;C;;;
CM;Banque CM;;20250428;51180000;CompteLib_0035;;;25D134;20250428;EcritureLib_0783;;0,00;85,40;C;;;
CM;Banque CM;;20250428;51200000;CompteLib_0020;;;25D134;20250428;EcritureLib_0783;;85,40;0,00;D;;;
CM;Banque CM;;20250428;51180000;CompteLib_0035;;;25D135;20250428;EcritureLib_0783;;0,00;23,00;C;;;
CM;Banque CM;;20250428;51200000;CompteLib_0020;;;25D135;20250428;EcritureLib_0783;;23,00;0,00;D;;;
CM;Banque CM;;20250428;51180000;CompteLib_0035;;;25D136;20250428;EcritureLib_0784;;0,00;77,29;C;;;
CM;Banque CM;;20250428;51200000;CompteLib_0020;;;25D136;20250428;EcritureLib_0784;;77,29;0,00;D;;;
CM;Banque CM;;20250428;62700000;CompteLib_0036;;;25D137;20250428;EcritureLib_0785;;0,47;0,00;D;;;
CM;Banque CM;;20250428;51200000;CompteLib_0020;;;25D137;20250428;EcritureLib_0785;;0,00;0,47;C;;;
CM;Banque CM;;20250428;62700000;CompteLib_0036;;;25D138;20250428;EcritureLib_0786;;0,14;0,00;D;;;
CM;Banque CM;;20250428;51200000;CompteLib_0020;;;25D138;20250428;EcritureLib_0786;;0,00;0,14;C;;;
CM;Banque CM;;20250428;62700000;CompteLib_0036;;;25D139;20250428;EcritureLib_0786;;0,58;0,00;D;;;
CM;Banque CM;;20250428;51200000;CompteLib_0020;;;25D139;20250428;EcritureLib_0786;;0,00;0,58;C;;;
CM;Banque CM;;20250428;51180000;CompteLib_0035;;;25D140;20250428;EcritureLib_0787;;0,00;57,00;C;;;
CM;Banque CM;;20250428;51200000;CompteLib_0020;;;25D140;20250428;EcritureLib_0787;;57,00;0,00;D;;;
CM;Banque CM;;20250428;62700000;CompteLib_0036;;;25D141;20250428;EcritureLib_0788;;0,31;0,00;D;;;
CM;Banque CM;;20250428;51200000;CompteLib_0020;;;25D141;20250428;EcritureLib_0788;;0,00;0,31;C;;;
CM;Banque CM;;20250428;40100000;CompteLib_0011;FABC;ABC;25D142;20250428;EcritureLib_0789;;5,44;0,00;D;;;
CM;Banque CM;;20250428;51200000;CompteLib_0020;;;25D142;20250428;EcritureLib_0789;;0,00;5,44;C;;;
CM;Banque CM;;20250428;40100000;CompteLib_0011;FINTERRESTO;INTER RESTO;25D143;20250428;EcritureLib_0790;;157,67;0,00;D;;M;20251015
CM;Banque CM;;20250428;51200000;CompteLib_0020;;;25D143;20250428;EcritureLib_0790;;0,00;157,67;C;;;
CM;Banque CM;;20250428;40100000;CompteLib_0011;FLEROY;LEROY MERLIN;25D144;20250428;EcritureLib_0791;;16,00;0,00;D;;;
CM;Banque CM;;20250428;51200000;CompteLib_0020;;;25D144;20250428;EcritureLib_0791;;0,00;16,00;C;;;
CM;Banque CM;;20250429;51180000;CompteLib_0035;;;25D145;20250429;EcritureLib_0792;;0,00;195,29;C;;;
CM;Banque CM;;20250429;51200000;CompteLib_0020;;;25D145;20250429;EcritureLib_0792;;195,29;0,00;D;;;
CM;Banque CM;;20250429;51180000;CompteLib_0035;;;25D146;20250429;EcritureLib_0792;;0,00;18,50;C;;;
CM;Banque CM;;20250429;51200000;CompteLib_0020;;;25D146;20250429;EcritureLib_0792;;18,50;0,00;D;;;
CM;Banque CM;;20250429;62700000;CompteLib_0036;;;25D147;20250429;EcritureLib_0793;;0,13;0,00;D;;;
CM;Banque CM;;20250429;51200000;CompteLib_0020;;;25D147;20250429;EcritureLib_0793;;0,00;0,13;C;;;
CM;Banque CM;;20250429;62700000;CompteLib_0036;;;25D148;20250429;EcritureLib_0793;;1,65;0,00;D;;;
CM;Banque CM;;20250429;51200000;CompteLib_0020;;;25D148;20250429;EcritureLib_0793;;0,00;1,65;C;;;
CM;Banque CM;;20250430;51120000;CompteLib_0037;;;25D150;20250430;EcritureLib_0794;;0,00;18,92;C;;;
CM;Banque CM;;20250430;51200000;CompteLib_0020;;;25D150;20250430;EcritureLib_0794;;18,92;0,00;D;;;
CM;Banque CM;;20250430;51180000;CompteLib_0035;;;25D151;20250430;EcritureLib_0795;;0,00;65,00;C;;;
CM;Banque CM;;20250430;51200000;CompteLib_0020;;;25D151;20250430;EcritureLib_0795;;65,00;0,00;D;;;
CM;Banque CM;;20250430;62700000;CompteLib_0036;;;25D152;20250430;EcritureLib_0796;;0,39;0,00;D;;;
CM;Banque CM;;20250430;51200000;CompteLib_0020;;;25D152;20250430;EcritureLib_0796;;0,00;0,39;C;;;
CM;Banque CM;;20250430;43100000;CompteLib_0042;;;25D153;20250430;EcritureLib_0797;;0,00;2863,00;C;;;
CM;Banque CM;;20250430;51200000;CompteLib_0020;;;25D153;20250430;EcritureLib_0797;;2863,00;0,00;D;;;
CM;Banque CM;;20250502;51180000;CompteLib_0035;;;25E3;20250502;EcritureLib_0798;;0,00;108,80;C;;;
CM;Banque CM;;20250502;51200000;CompteLib_0020;;;25E3;20250502;EcritureLib_0798;;108,80;0,00;D;;;
CM;Banque CM;;20250502;51180000;CompteLib_0035;;;25E4;20250502;EcritureLib_0798;;0,00;34,80;C;;;
CM;Banque CM;;20250502;51200000;CompteLib_0020;;;25E4;20250502;EcritureLib_0798;;34,80;0,00;D;;;
CM;Banque CM;;20250502;62700000;CompteLib_0036;;;25E5;20250502;EcritureLib_0799;;0,71;0,00;D;;;
CM;Banque CM;;20250502;51200000;CompteLib_0020;;;25E5;20250502;EcritureLib_0799;;0,00;0,71;C;;;
CM;Banque CM;;20250502;62700000;CompteLib_0036;;;25E6;20250502;EcritureLib_0799;;0,68;0,00;D;;;
CM;Banque CM;;20250502;51200000;CompteLib_0020;;;25E6;20250502;EcritureLib_0799;;0,00;0,68;C;;;
CM;Banque CM;;20250502;51120000;CompteLib_0037;;;25E7;20250502;EcritureLib_0800;;0,00;27,03;C;;;
CM;Banque CM;;20250502;51200000;CompteLib_0020;;;25E7;20250502;EcritureLib_0800;;27,03;0,00;D;;;
CM;Banque CM;;20250502;51180000;CompteLib_0035;;;25E8;20250502;EcritureLib_0801;;0,00;148,70;C;;;
CM;Banque CM;;20250502;51200000;CompteLib_0020;;;25E8;20250502;EcritureLib_0801;;148,70;0,00;D;;;
CM;Banque CM;;20250502;51180000;CompteLib_0035;;;25E9;20250502;EcritureLib_0801;;0,00;14,30;C;;;
CM;Banque CM;;20250502;51200000;CompteLib_0020;;;25E9;20250502;EcritureLib_0801;;14,30;0,00;D;;;
CM;Banque CM;;20250502;62700000;CompteLib_0036;;;25E10;20250502;EcritureLib_0802;;0,60;0,00;D;;;
CM;Banque CM;;20250502;51200000;CompteLib_0020;;;25E10;20250502;EcritureLib_0802;;0,00;0,60;C;;;
CM;Banque CM;;20250502;62700000;CompteLib_0036;;;25E11;20250502;EcritureLib_0802;;0,89;0,00;D;;;
CM;Banque CM;;20250502;51200000;CompteLib_0020;;;25E11;20250502;EcritureLib_0802;;0,00;0,89;C;;;
CM;Banque CM;;20250502;70180100;CompteLib_0039;;;25E12;20250502;EcritureLib_0803;;0,00;69,04;C;;;
CM;Banque CM;;20250502;44571100;CompteLib_0016;;;25E12;20250502;EcritureLib_0803;;0,00;6,90;C;;;
CM;Banque CM;;20250502;51200000;CompteLib_0020;;;25E12;20250502;EcritureLib_0803;;75,94;0,00;D;;;
CM;Banque CM;;20250505;40100000;CompteLib_0011;401POSTE;LA POSTE;25E15;20250505;EcritureLib_0100;;4,99;0,00;D;;;
CM;Banque CM;;20250505;51200000;CompteLib_0020;;;25E15;20250505;EcritureLib_0100;;0,00;4,99;C;;;
CM;Banque CM;;20250505;43100000;CompteLib_0042;;;25E16;20250505;EcritureLib_0804;;36,00;0,00;D;;;
CM;Banque CM;;20250505;51200000;CompteLib_0020;;;25E16;20250505;EcritureLib_0804;;0,00;36,00;C;;;
CM;Banque CM;;20250505;51180000;CompteLib_0035;;;25E17;20250505;EcritureLib_0805;;0,00;35,80;C;;;
CM;Banque CM;;20250505;51200000;CompteLib_0020;;;25E17;20250505;EcritureLib_0805;;35,80;0,00;D;;;
CM;Banque CM;;20250505;51180000;CompteLib_0035;;;25E18;20250505;EcritureLib_0806;;0,00;10,90;C;;;
CM;Banque CM;;20250505;51200000;CompteLib_0020;;;25E18;20250505;EcritureLib_0806;;10,90;0,00;D;;;
CM;Banque CM;;20250505;51180000;CompteLib_0035;;;25E19;20250505;EcritureLib_0806;;0,00;179,30;C;;;
CM;Banque CM;;20250505;51200000;CompteLib_0020;;;25E19;20250505;EcritureLib_0806;;179,30;0,00;D;;;
CM;Banque CM;;20250505;62700000;CompteLib_0036;;;25E20;20250505;EcritureLib_0807;;1,06;0,00;D;;;
CM;Banque CM;;20250505;51200000;CompteLib_0020;;;25E20;20250505;EcritureLib_0807;;0,00;1,06;C;;;
CM;Banque CM;;20250505;62700000;CompteLib_0036;;;25E21;20250505;EcritureLib_0807;;0,07;0,00;D;;;
CM;Banque CM;;20250505;51200000;CompteLib_0020;;;25E21;20250505;EcritureLib_0807;;0,00;0,07;C;;;
CM;Banque CM;;20250505;62700000;CompteLib_0036;;;25E22;20250505;EcritureLib_0808;;0,23;0,00;D;;;
CM;Banque CM;;20250505;51200000;CompteLib_0020;;;25E22;20250505;EcritureLib_0808;;0,00;0,23;C;;;
CM;Banque CM;;20250505;51120000;CompteLib_0037;;;25E23;20250505;EcritureLib_0809;;0,00;34,36;C;;;
CM;Banque CM;;20250505;51200000;CompteLib_0020;;;25E23;20250505;EcritureLib_0809;;34,36;0,00;D;;;
CM;Banque CM;;20250505;40100000;CompteLib_0011;401LOYER;LOYERS ET CHARGES;25E24;20250505;EcritureLib_0810;;1090,00;0,00;D;;;
CM;Banque CM;;20250505;51200000;CompteLib_0020;;;25E24;20250505;EcritureLib_0810;;0,00;1090,00;C;;;
CM;Banque CM;;20250505;62700000;CompteLib_0036;;;25E25;20250505;EcritureLib_0811;;48,38;0,00;D;;;
CM;Banque CM;;20250505;51200000;CompteLib_0020;;;25E25;20250505;EcritureLib_0811;;0,00;48,38;C;;;
CM;Banque CM;;20250505;40100000;CompteLib_0011;FINTERRESTO;INTER RESTO;25E26;20250505;EcritureLib_0812;;52,90;0,00;D;;Y;20251112
CM;Banque CM;;20250505;51200000;CompteLib_0020;;;25E26;20250505;EcritureLib_0812;;0,00;52,90;C;;;
CM;Banque CM;;20250505;40100000;CompteLib_0011;FPROMOCASH;PROMOCASH;25E27;20250505;EcritureLib_0813;;184,24;0,00;D;;M;20250508
CM;Banque CM;;20250505;51200000;CompteLib_0020;;;25E27;20250505;EcritureLib_0813;;0,00;184,24;C;;;
CM;Banque CM;;20250505;40100000;CompteLib_0011;FSUPER;SUPER MARKET ;25E28;20250505;EcritureLib_0814;;30,00;0,00;D;;;
CM;Banque CM;;20250505;51200000;CompteLib_0020;;;25E28;20250505;EcritureLib_0814;;0,00;30,00;C;;;
CM;Banque CM;;20250506;40100000;CompteLib_0011;FTILLER;TILLER;25E29;20250506;EcritureLib_0290;;58,80;0,00;D;;;
CM;Banque CM;;20250506;51200000;CompteLib_0020;;;25E29;20250506;EcritureLib_0290;;0,00;58,80;C;;;
CM;Banque CM;;20250506;61600000;CompteLib_0038;;;25E30;20250506;EcritureLib_0103;;25,90;0,00;D;;;
CM;Banque CM;;20250506;51200000;CompteLib_0020;;;25E30;20250506;EcritureLib_0103;;0,00;25,90;C;;;
CM;Banque CM;;20250506;51180000;CompteLib_0035;;;25E31;20250506;EcritureLib_0815;;0,00;23,40;C;;;
CM;Banque CM;;20250506;51200000;CompteLib_0020;;;25E31;20250506;EcritureLib_0815;;23,40;0,00;D;;;
CM;Banque CM;;20250506;51180000;CompteLib_0035;;;25E32;20250506;EcritureLib_0815;;0,00;73,29;C;;;
CM;Banque CM;;20250506;51200000;CompteLib_0020;;;25E32;20250506;EcritureLib_0815;;73,29;0,00;D;;;
CM;Banque CM;;20250506;62700000;CompteLib_0036;;;25E33;20250506;EcritureLib_0816;;0,52;0,00;D;;;
CM;Banque CM;;20250506;51200000;CompteLib_0020;;;25E33;20250506;EcritureLib_0816;;0,00;0,52;C;;;
CM;Banque CM;;20250506;62700000;CompteLib_0036;;;25E34;20250506;EcritureLib_0816;;0,15;0,00;D;;;
CM;Banque CM;;20250506;51200000;CompteLib_0020;;;25E34;20250506;EcritureLib_0816;;0,00;0,15;C;;;
CM;Banque CM;;20250506;62700000;CompteLib_0036;;;25E35;20250506;EcritureLib_0412;;0,00;28,38;C;;;
CM;Banque CM;;20250506;51200000;CompteLib_0020;;;25E35;20250506;EcritureLib_0412;;28,38;0,00;D;;;
CM;Banque CM;;20250507;40100000;CompteLib_0011;FFREE;FREE;25E36;20250507;EcritureLib_0817;;29,99;0,00;D;;D;20250729
CM;Banque CM;;20250507;51200000;CompteLib_0020;;;25E36;20250507;EcritureLib_0817;;0,00;29,99;C;;;
CM;Banque CM;;20250507;51180000;CompteLib_0035;;;25E37;20250507;EcritureLib_0818;;0,00;191,10;C;;;
CM;Banque CM;;20250507;51200000;CompteLib_0020;;;25E37;20250507;EcritureLib_0818;;191,10;0,00;D;;;
CM;Banque CM;;20250507;62700000;CompteLib_0036;;;25E38;20250507;EcritureLib_0819;;1,25;0,00;D;;;
CM;Banque CM;;20250507;51200000;CompteLib_0020;;;25E38;20250507;EcritureLib_0819;;0,00;1,25;C;;;
CM;Banque CM;;20250508;51120000;CompteLib_0037;;;25E40;20250508;EcritureLib_0820;;0,00;11,21;C;;;
CM;Banque CM;;20250508;51200000;CompteLib_0020;;;25E40;20250508;EcritureLib_0820;;11,21;0,00;D;;;
CM;Banque CM;;20250508;51120000;CompteLib_0037;;;25E41;20250508;EcritureLib_0821;;0,00;15,21;C;;;
CM;Banque CM;;20250508;51200000;CompteLib_0020;;;25E41;20250508;EcritureLib_0821;;15,21;0,00;D;;;
CM;Banque CM;;20250508;70180100;CompteLib_0039;;;25E42;20250508;EcritureLib_0822;;0,00;87,97;C;;;
CM;Banque CM;;20250508;44571100;CompteLib_0016;;;25E42;20250508;EcritureLib_0822;;0,00;8,80;C;;;
CM;Banque CM;;20250508;51200000;CompteLib_0020;;;25E42;20250508;EcritureLib_0822;;96,77;0,00;D;;;
CM;Banque CM;;20250508;51180000;CompteLib_0035;;;25E43;20250508;EcritureLib_0823;;0,00;80,90;C;;;
CM;Banque CM;;20250508;51200000;CompteLib_0020;;;25E43;20250508;EcritureLib_0823;;80,90;0,00;D;;;
CM;Banque CM;;20250508;51180000;CompteLib_0035;;;25E44;20250508;EcritureLib_0823;;0,00;87,40;C;;;
CM;Banque CM;;20250508;51200000;CompteLib_0020;;;25E44;20250508;EcritureLib_0823;;87,40;0,00;D;;;
CM;Banque CM;;20250508;62700000;CompteLib_0036;;;25E45;20250508;EcritureLib_0824;;0,45;0,00;D;;;
CM;Banque CM;;20250508;51200000;CompteLib_0020;;;25E45;20250508;EcritureLib_0824;;0,00;0,45;C;;;
CM;Banque CM;;20250508;62700000;CompteLib_0036;;;25E46;20250508;EcritureLib_0824;;0,56;0,00;D;;;
CM;Banque CM;;20250508;51200000;CompteLib_0020;;;25E46;20250508;EcritureLib_0824;;0,00;0,56;C;;;
CM;Banque CM;;20250508;47100000;CompteLib_0044;;;25E47;20250508;EcritureLib_0825;;7,00;0,00;D;;;
CM;Banque CM;;20250508;51200000;CompteLib_0020;;;25E47;20250508;EcritureLib_0825;;0,00;7,00;C;;;
CM;Banque CM;;20250508;40100000;CompteLib_0011;FINTERRESTO;INTER RESTO;25E48;20250508;EcritureLib_0826;;149,09;0,00;D;;AA;20251112
CM;Banque CM;;20250508;51200000;CompteLib_0020;;;25E48;20250508;EcritureLib_0826;;0,00;149,09;C;;;
CM;Banque CM;;20250509;51180000;CompteLib_0035;;;25E49;20250509;EcritureLib_0827;;0,00;136,40;C;;;
CM;Banque CM;;20250509;51200000;CompteLib_0020;;;25E49;20250509;EcritureLib_0827;;136,40;0,00;D;;;
CM;Banque CM;;20250509;51180000;CompteLib_0035;;;25E50;20250509;EcritureLib_0827;;0,00;110,50;C;;;
CM;Banque CM;;20250509;51200000;CompteLib_0020;;;25E50;20250509;EcritureLib_0827;;110,50;0,00;D;;;
CM;Banque CM;;20250509;62700000;CompteLib_0036;;;25E51;20250509;EcritureLib_0828;;0,54;0,00;D;;;
CM;Banque CM;;20250509;51200000;CompteLib_0020;;;25E51;20250509;EcritureLib_0828;;0,00;0,54;C;;;
CM;Banque CM;;20250509;62700000;CompteLib_0036;;;25E52;20250509;EcritureLib_0828;;0,84;0,00;D;;;
CM;Banque CM;;20250509;51200000;CompteLib_0020;;;25E52;20250509;EcritureLib_0828;;0,00;0,84;C;;;
CM;Banque CM;;20250509;40100000;CompteLib_0011;FTOTAL;TOTAL ENERGIES ;25E53;20250509;EcritureLib_0127;;352,63;0,00;D;;E;20250613
CM;Banque CM;;20250509;51200000;CompteLib_0020;;;25E53;20250509;EcritureLib_0127;;0,00;352,63;C;;;
CM;Banque CM;;20250509;40100000;CompteLib_0011;FPROMOCASH;PROMOCASH;25E54;20250509;EcritureLib_0829;;232,18;0,00;D;;;
CM;Banque CM;;20250509;51200000;CompteLib_0020;;;25E54;20250509;EcritureLib_0829;;0,00;232,18;C;;;
CM;Banque CM;;20250512;51180000;CompteLib_0035;;;25E56;20250512;EcritureLib_0830;;0,00;50,00;C;;;
CM;Banque CM;;20250512;51200000;CompteLib_0020;;;25E56;20250512;EcritureLib_0830;;50,00;0,00;D;;;
CM;Banque CM;;20250512;51180000;CompteLib_0035;;;25E57;20250512;EcritureLib_0831;;0,00;86,20;C;;;
CM;Banque CM;;20250512;51200000;CompteLib_0020;;;25E57;20250512;EcritureLib_0831;;86,20;0,00;D;;;
CM;Banque CM;;20250512;51180000;CompteLib_0035;;;25E58;20250512;EcritureLib_0830;;0,00;205,97;C;;;
CM;Banque CM;;20250512;51200000;CompteLib_0020;;;25E58;20250512;EcritureLib_0830;;205,97;0,00;D;;;
CM;Banque CM;;20250512;62700000;CompteLib_0036;;;25E59;20250512;EcritureLib_0832;;1,86;0,00;D;;;
CM;Banque CM;;20250512;51200000;CompteLib_0020;;;25E59;20250512;EcritureLib_0832;;0,00;1,86;C;;;
CM;Banque CM;;20250512;62700000;CompteLib_0036;;;25E60;20250512;EcritureLib_0832;;0,25;0,00;D;;;
CM;Banque CM;;20250512;51200000;CompteLib_0020;;;25E60;20250512;EcritureLib_0832;;0,00;0,25;C;;;
CM;Banque CM;;20250512;62700000;CompteLib_0036;;;25E61;20250512;EcritureLib_0833;;0,54;0,00;D;;;
CM;Banque CM;;20250512;51200000;CompteLib_0020;;;25E61;20250512;EcritureLib_0833;;0,00;0,54;C;;;
CM;Banque CM;;20250512;51180000;CompteLib_0035;;;25E62;20250512;EcritureLib_0834;;0,00;120,39;C;;;
CM;Banque CM;;20250512;51200000;CompteLib_0020;;;25E62;20250512;EcritureLib_0834;;120,39;0,00;D;;;
CM;Banque CM;;20250512;62700000;CompteLib_0036;;;25E63;20250512;EcritureLib_0835;;0,75;0,00;D;;;
CM;Banque CM;;20250512;51200000;CompteLib_0020;;;25E63;20250512;EcritureLib_0835;;0,00;0,75;C;;;
CM;Banque CM;;20250512;70180200;CompteLib_0043;;;25E64;20250512;EcritureLib_0836;;0,00;11,70;C;;;
CM;Banque CM;;20250512;44571100;CompteLib_0016;;;25E64;20250512;EcritureLib_0836;;0,00;1,17;C;;;
CM;Banque CM;;20250512;51200000;CompteLib_0020;;;25E64;20250512;EcritureLib_0836;;12,87;0,00;D;;;
CM;Banque CM;;20250512;40100000;CompteLib_0011;FINTERRESTO;INTER RESTO;25E65;20250512;EcritureLib_0837;;47,44;0,00;D;;AB;20251112
CM;Banque CM;;20250512;51200000;CompteLib_0020;;;25E65;20250512;EcritureLib_0837;;0,00;47,44;C;;;
CM;Banque CM;;20250512;47100000;CompteLib_0044;;;25E66;20250512;EcritureLib_0838;;18,05;0,00;D;;;
CM;Banque CM;;20250512;51200000;CompteLib_0020;;;25E66;20250512;EcritureLib_0838;;0,00;18,05;C;;;
CM;Banque CM;;20250512;40100000;CompteLib_0011;401RESTA;RESTAURANT;25E67;20250512;EcritureLib_0839;;6,90;0,00;D;;;
CM;Banque CM;;20250512;51200000;CompteLib_0020;;;25E67;20250512;EcritureLib_0839;;0,00;6,90;C;;;
CM;Banque CM;;20250512;40100000;CompteLib_0011;FPROMOCASH;PROMOCASH;25E68;20250512;EcritureLib_0840;;71,59;0,00;D;;;
CM;Banque CM;;20250512;51200000;CompteLib_0020;;;25E68;20250512;EcritureLib_0840;;0,00;71,59;C;;;
CM;Banque CM;;20250512;40100000;CompteLib_0011;401RESTA;RESTAURANT;25E69;20250512;EcritureLib_0841;;4,18;0,00;D;;;
CM;Banque CM;;20250512;51200000;CompteLib_0020;;;25E69;20250512;EcritureLib_0841;;0,00;4,18;C;;;
CM;Banque CM;;20250512;40100000;CompteLib_0011;FSUPER;SUPER MARKET ;25E70;20250512;EcritureLib_0842;;32,50;0,00;D;;;
CM;Banque CM;;20250512;51200000;CompteLib_0020;;;25E70;20250512;EcritureLib_0842;;0,00;32,50;C;;;
CM;Banque CM;;20250513;51180000;CompteLib_0035;;;25E71;20250513;EcritureLib_0843;;0,00;37,00;C;;;
CM;Banque CM;;20250513;51200000;CompteLib_0020;;;25E71;20250513;EcritureLib_0843;;37,00;0,00;D;;;
CM;Banque CM;;20250513;51180000;CompteLib_0035;;;25E72;20250513;EcritureLib_0843;;0,00;203,19;C;;;
CM;Banque CM;;20250513;51200000;CompteLib_0020;;;25E72;20250513;EcritureLib_0843;;203,19;0,00;D;;;
CM;Banque CM;;20250513;62700000;CompteLib_0036;;;25E73;20250513;EcritureLib_0844;;1,27;0,00;D;;;
CM;Banque CM;;20250513;51200000;CompteLib_0020;;;25E73;20250513;EcritureLib_0844;;0,00;1,27;C;;;
CM;Banque CM;;20250513;62700000;CompteLib_0036;;;25E74;20250513;EcritureLib_0844;;0,23;0,00;D;;;
CM;Banque CM;;20250513;51200000;CompteLib_0020;;;25E74;20250513;EcritureLib_0844;;0,00;0,23;C;;;
CM;Banque CM;;20250513;40100000;CompteLib_0011;FABC;ABC;25E75;20250513;EcritureLib_0845;;4,50;0,00;D;;;
CM;Banque CM;;20250513;51200000;CompteLib_0020;;;25E75;20250513;EcritureLib_0845;;0,00;4,50;C;;;
CM;Banque CM;;20250513;40100000;CompteLib_0011;FACTION;ACTION;25E76;20250513;EcritureLib_0846;;53,98;0,00;D;;;
CM;Banque CM;;20250513;51200000;CompteLib_0020;;;25E76;20250513;EcritureLib_0846;;0,00;53,98;C;;;
CM;Banque CM;;20250513;40100000;CompteLib_0011;FACTION;ACTION;25E77;20250513;EcritureLib_0847;;18,97;0,00;D;;;
CM;Banque CM;;20250513;51200000;CompteLib_0020;;;25E77;20250513;EcritureLib_0847;;0,00;18,97;C;;;
CM;Banque CM;;20250513;40100000;CompteLib_0011;401RESTA;RESTAURANT;25E78;20250513;EcritureLib_0848;;19,00;0,00;D;;;
CM;Banque CM;;20250513;51200000;CompteLib_0020;;;25E78;20250513;EcritureLib_0848;;0,00;19,00;C;;;
CM;Banque CM;;20250513;40100000;CompteLib_0011;401RESTA;RESTAURANT;25E79;20250513;EcritureLib_0849;;57,00;0,00;D;;;
CM;Banque CM;;20250513;51200000;CompteLib_0020;;;25E79;20250513;EcritureLib_0849;;0,00;57,00;C;;;
CM;Banque CM;;20250513;40100000;CompteLib_0011;401RESTA;RESTAURANT;25E80;20250513;EcritureLib_0850;;14,90;0,00;D;;;
CM;Banque CM;;20250513;51200000;CompteLib_0020;;;25E80;20250513;EcritureLib_0850;;0,00;14,90;C;;;
CM;Banque CM;;20250514;51180000;CompteLib_0035;;;25E81;20250514;EcritureLib_0851;;0,00;193,89;C;;;
CM;Banque CM;;20250514;51200000;CompteLib_0020;;;25E81;20250514;EcritureLib_0851;;193,89;0,00;D;;;
CM;Banque CM;;20250514;51180000;CompteLib_0035;;;25E82;20250514;EcritureLib_0851;;0,00;11,00;C;;;
CM;Banque CM;;20250514;51200000;CompteLib_0020;;;25E82;20250514;EcritureLib_0851;;11,00;0,00;D;;;
CM;Banque CM;;20250514;62700000;CompteLib_0036;;;25E83;20250514;EcritureLib_0852;;0,08;0,00;D;;;
CM;Banque CM;;20250514;51200000;CompteLib_0020;;;25E83;20250514;EcritureLib_0852;;0,00;0,08;C;;;
CM;Banque CM;;20250514;62700000;CompteLib_0036;;;25E84;20250514;EcritureLib_0852;;1,33;0,00;D;;;
CM;Banque CM;;20250514;51200000;CompteLib_0020;;;25E84;20250514;EcritureLib_0852;;0,00;1,33;C;;;
CM;Banque CM;;20250514;40100000;CompteLib_0011;401CARBU;CARBURANT;25E85;20250514;EcritureLib_0853;;30,01;0,00;D;;;
CM;Banque CM;;20250514;51200000;CompteLib_0020;;;25E85;20250514;EcritureLib_0853;;0,00;30,01;C;;;
CM;Banque CM;;20250514;47100000;CompteLib_0044;;;25E86;20250514;EcritureLib_0854;;33,00;0,00;D;;;
CM;Banque CM;;20250514;51200000;CompteLib_0020;;;25E86;20250514;EcritureLib_0854;;0,00;33,00;C;;;
CM;Banque CM;;20250515;51120000;CompteLib_0037;;;25E88;20250515;EcritureLib_0855;;0,00;57,41;C;;;
CM;Banque CM;;20250515;51200000;CompteLib_0020;;;25E88;20250515;EcritureLib_0855;;57,41;0,00;D;;;
CM;Banque CM;;20250515;51120000;CompteLib_0037;;;25E89;20250515;EcritureLib_0856;;0,00;72,17;C;;;
CM;Banque CM;;20250515;51200000;CompteLib_0020;;;25E89;20250515;EcritureLib_0856;;72,17;0,00;D;;;
CM;Banque CM;;20250515;51120000;CompteLib_0037;;;25E90;20250515;EcritureLib_0857;;0,00;27,76;C;;;
CM;Banque CM;;20250515;51200000;CompteLib_0020;;;25E90;20250515;EcritureLib_0857;;27,76;0,00;D;;;
CM;Banque CM;;20250515;70180100;CompteLib_0039;;;25E91;20250515;EcritureLib_0858;;0,00;2,20;C;;;
CM;Banque CM;;20250515;44571100;CompteLib_0016;;;25E91;20250515;EcritureLib_0858;;0,00;0,22;C;;;
CM;Banque CM;;20250515;51200000;CompteLib_0020;;;25E91;20250515;EcritureLib_0858;;2,42;0,00;D;;;
CM;Banque CM;;20250515;51180000;CompteLib_0035;;;25E92;20250515;EcritureLib_0859;;0,00;24,50;C;;;
CM;Banque CM;;20250515;51200000;CompteLib_0020;;;25E92;20250515;EcritureLib_0859;;24,50;0,00;D;;;
CM;Banque CM;;20250515;62700000;CompteLib_0036;;;25E93;20250515;EcritureLib_0860;;0,19;0,00;D;;;
CM;Banque CM;;20250515;51200000;CompteLib_0020;;;25E93;20250515;EcritureLib_0860;;0,00;0,19;C;;;
CM;Banque CM;;20250515;40100000;CompteLib_0011;FABC;ABC;25E94;20250515;EcritureLib_0861;;8,93;0,00;D;;;
CM;Banque CM;;20250515;51200000;CompteLib_0020;;;25E94;20250515;EcritureLib_0861;;0,00;8,93;C;;;
CM;Banque CM;;20250515;40100000;CompteLib_0011;FPROMOCASH;PROMOCASH;25E95;20250515;EcritureLib_0862;;288,04;0,00;D;;;
CM;Banque CM;;20250515;51200000;CompteLib_0020;;;25E95;20250515;EcritureLib_0862;;0,00;288,04;C;;;
CM;Banque CM;;20250515;40100000;CompteLib_0011;FINTERRESTO;INTER RESTO;25E96;20250515;EcritureLib_0863;;108,62;0,00;D;;U;20251015
CM;Banque CM;;20250515;51200000;CompteLib_0020;;;25E96;20250515;EcritureLib_0863;;0,00;108,62;C;;;
CM;Banque CM;;20250515;47100000;CompteLib_0044;;;25E97;20250515;EcritureLib_0864;;6,83;0,00;D;;;
CM;Banque CM;;20250515;51200000;CompteLib_0020;;;25E97;20250515;EcritureLib_0864;;0,00;6,83;C;;;
CM;Banque CM;;20250515;40100000;CompteLib_0011;FSUPER;SUPER MARKET ;25E98;20250515;EcritureLib_0865;;30,00;0,00;D;;;
CM;Banque CM;;20250515;51200000;CompteLib_0020;;;25E98;20250515;EcritureLib_0865;;0,00;30,00;C;;;
CM;Banque CM;;20250516;51180000;CompteLib_0035;;;25E99;20250516;EcritureLib_0866;;0,00;77,20;C;;;
CM;Banque CM;;20250516;51200000;CompteLib_0020;;;25E99;20250516;EcritureLib_0866;;77,20;0,00;D;;;
CM;Banque CM;;20250516;51180000;CompteLib_0035;;;25E100;20250516;EcritureLib_0866;;0,00;12,00;C;;;
CM;Banque CM;;20250516;51200000;CompteLib_0020;;;25E100;20250516;EcritureLib_0866;;12,00;0,00;D;;;
CM;Banque CM;;20250516;62700000;CompteLib_0036;;;25E101;20250516;EcritureLib_0867;;0,08;0,00;D;;;
CM;Banque CM;;20250516;51200000;CompteLib_0020;;;25E101;20250516;EcritureLib_0867;;0,00;0,08;C;;;
CM;Banque CM;;20250516;62700000;CompteLib_0036;;;25E102;20250516;EcritureLib_0867;;0,59;0,00;D;;;
CM;Banque CM;;20250516;51200000;CompteLib_0020;;;25E102;20250516;EcritureLib_0867;;0,00;0,59;C;;;
CM;Banque CM;;20250516;40100000;CompteLib_0011;FLIDL;LIDL;25E103;20250516;EcritureLib_0868;;16,79;0,00;D;;;
CM;Banque CM;;20250516;51200000;CompteLib_0020;;;25E103;20250516;EcritureLib_0868;;0,00;16,79;C;;;
CM;Banque CM;;20250516;40100000;CompteLib_0011;FLIDL;LIDL;25E104;20250516;EcritureLib_0868;;18,95;0,00;D;;;
CM;Banque CM;;20250516;51200000;CompteLib_0020;;;25E104;20250516;EcritureLib_0868;;0,00;18,95;C;;;
CM;Banque CM;;20250519;40100000;CompteLib_0011;FFREE;FREE;25E105;20250519;EcritureLib_0468;;9,99;0,00;D;;;
CM;Banque CM;;20250519;51200000;CompteLib_0020;;;25E105;20250519;EcritureLib_0468;;0,00;9,99;C;;;
CM;Banque CM;;20250519;51180000;CompteLib_0035;;;25E106;20250519;EcritureLib_0869;;0,00;11,50;C;;;
CM;Banque CM;;20250519;51200000;CompteLib_0020;;;25E106;20250519;EcritureLib_0869;;11,50;0,00;D;;;
CM;Banque CM;;20250519;51180000;CompteLib_0035;;;25E107;20250519;EcritureLib_0869;;0,00;13,50;C;;;
CM;Banque CM;;20250519;51200000;CompteLib_0020;;;25E107;20250519;EcritureLib_0869;;13,50;0,00;D;;;
CM;Banque CM;;20250519;51180000;CompteLib_0035;;;25E108;20250519;EcritureLib_0870;;0,00;37,50;C;;;
CM;Banque CM;;20250519;51200000;CompteLib_0020;;;25E108;20250519;EcritureLib_0870;;37,50;0,00;D;;;
CM;Banque CM;;20250519;51180000;CompteLib_0035;;;25E109;20250519;EcritureLib_0870;;0,00;124,40;C;;;
CM;Banque CM;;20250519;51200000;CompteLib_0020;;;25E109;20250519;EcritureLib_0870;;124,40;0,00;D;;;
CM;Banque CM;;20250519;62700000;CompteLib_0036;;;25E110;20250519;EcritureLib_0871;;0,78;0,00;D;;;
CM;Banque CM;;20250519;51200000;CompteLib_0020;;;25E110;20250519;EcritureLib_0871;;0,00;0,78;C;;;
CM;Banque CM;;20250519;62700000;CompteLib_0036;;;25E111;20250519;EcritureLib_0871;;0,20;0,00;D;;;
CM;Banque CM;;20250519;51200000;CompteLib_0020;;;25E111;20250519;EcritureLib_0871;;0,00;0,20;C;;;
CM;Banque CM;;20250519;62700000;CompteLib_0036;;;25E112;20250519;EcritureLib_0872;;0,09;0,00;D;;;
CM;Banque CM;;20250519;51200000;CompteLib_0020;;;25E112;20250519;EcritureLib_0872;;0,00;0,09;C;;;
CM;Banque CM;;20250519;62700000;CompteLib_0036;;;25E113;20250519;EcritureLib_0872;;0,08;0,00;D;;;
CM;Banque CM;;20250519;51200000;CompteLib_0020;;;25E113;20250519;EcritureLib_0872;;0,00;0,08;C;;;
CM;Banque CM;;20250519;70180200;CompteLib_0043;;;25E114;20250519;EcritureLib_0873;;0,00;46,36;C;;;
CM;Banque CM;;20250519;44571100;CompteLib_0016;;;25E114;20250519;EcritureLib_0873;;0,00;4,64;C;;;
CM;Banque CM;;20250519;51200000;CompteLib_0020;;;25E114;20250519;EcritureLib_0873;;51,00;0,00;D;;;
CM;Banque CM;;20250519;40100000;CompteLib_0011;FINTERRESTO;INTER RESTO;25E115;20250519;EcritureLib_0874;;39,19;0,00;D;;;
CM;Banque CM;;20250519;51200000;CompteLib_0020;;;25E115;20250519;EcritureLib_0874;;0,00;39,19;C;;;
CM;Banque CM;;20250519;40100000;CompteLib_0011;FINTERRESTO;INTER RESTO;25E116;20250519;EcritureLib_0874;;7,31;0,00;D;;;
CM;Banque CM;;20250519;51200000;CompteLib_0020;;;25E116;20250519;EcritureLib_0874;;0,00;7,31;C;;;
CM;Banque CM;;20250520;51120000;CompteLib_0037;;;25E117;20250520;EcritureLib_0875;;0,00;66,28;C;;;
CM;Banque CM;;20250520;51200000;CompteLib_0020;;;25E117;20250520;EcritureLib_0875;;66,28;0,00;D;;;
CM;Banque CM;;20250520;51180000;CompteLib_0035;;;25E118;20250520;EcritureLib_0876;;0,00;101,70;C;;;
CM;Banque CM;;20250520;51200000;CompteLib_0020;;;25E118;20250520;EcritureLib_0876;;101,70;0,00;D;;;
CM;Banque CM;;20250520;51180000;CompteLib_0035;;;25E119;20250520;EcritureLib_0876;;0,00;8,50;C;;;
CM;Banque CM;;20250520;51200000;CompteLib_0020;;;25E119;20250520;EcritureLib_0876;;8,50;0,00;D;;;
CM;Banque CM;;20250520;62700000;CompteLib_0036;;;25E120;20250520;EcritureLib_0877;;0,06;0,00;D;;;
CM;Banque CM;;20250520;51200000;CompteLib_0020;;;25E120;20250520;EcritureLib_0877;;0,00;0,06;C;;;
CM;Banque CM;;20250520;62700000;CompteLib_0036;;;25E121;20250520;EcritureLib_0877;;0,68;0,00;D;;;
CM;Banque CM;;20250520;51200000;CompteLib_0020;;;25E121;20250520;EcritureLib_0877;;0,00;0,68;C;;;
CM;Banque CM;;20250521;40100000;CompteLib_0011;FSTC;STC;25E122;20250521;EcritureLib_0262;;253,20;0,00;D;;;
CM;Banque CM;;20250521;51200000;CompteLib_0020;;;25E122;20250521;EcritureLib_0262;;0,00;253,20;C;;;
CM;Banque CM;;20250521;51120000;CompteLib_0037;;;25E123;20250521;EcritureLib_0878;;0,00;24,33;C;;;
CM;Banque CM;;20250521;51200000;CompteLib_0020;;;25E123;20250521;EcritureLib_0878;;24,33;0,00;D;;;
CM;Banque CM;;20250521;51120000;CompteLib_0037;;;25E124;20250521;EcritureLib_0879;;0,00;13,30;C;;;
CM;Banque CM;;20250521;51200000;CompteLib_0020;;;25E124;20250521;EcritureLib_0879;;13,30;0,00;D;;;
CM;Banque CM;;20250521;51180000;CompteLib_0035;;;25E125;20250521;EcritureLib_0880;;0,00;68,29;C;;;
CM;Banque CM;;20250521;51200000;CompteLib_0020;;;25E125;20250521;EcritureLib_0880;;68,29;0,00;D;;;
CM;Banque CM;;20250521;51180000;CompteLib_0035;;;25E126;20250521;EcritureLib_0880;;0,00;82,70;C;;;
CM;Banque CM;;20250521;51200000;CompteLib_0020;;;25E126;20250521;EcritureLib_0880;;82,70;0,00;D;;;
CM;Banque CM;;20250521;62700000;CompteLib_0036;;;25E127;20250521;EcritureLib_0881;;0,43;0,00;D;;;
CM;Banque CM;;20250521;51200000;CompteLib_0020;;;25E127;20250521;EcritureLib_0881;;0,00;0,43;C;;;
CM;Banque CM;;20250521;62700000;CompteLib_0036;;;25E128;20250521;EcritureLib_0881;;0,47;0,00;D;;;
CM;Banque CM;;20250521;51200000;CompteLib_0020;;;25E128;20250521;EcritureLib_0881;;0,00;0,47;C;;;
CM;Banque CM;;20250522;51120000;CompteLib_0037;;;25E129;20250522;EcritureLib_0882;;0,00;8,70;C;;;
CM;Banque CM;;20250522;51200000;CompteLib_0020;;;25E129;20250522;EcritureLib_0882;;8,70;0,00;D;;;
CM;Banque CM;;20250522;70180100;CompteLib_0039;;;25E130;20250522;EcritureLib_0883;;0,00;45,58;C;;;
CM;Banque CM;;20250522;44571100;CompteLib_0016;;;25E130;20250522;EcritureLib_0883;;0,00;4,56;C;;;
CM;Banque CM;;20250522;51200000;CompteLib_0020;;;25E130;20250522;EcritureLib_0883;;50,14;0,00;D;;;
CM;Banque CM;;20250522;51180000;CompteLib_0035;;;25E131;20250522;EcritureLib_0884;;0,00;42,40;C;;;
CM;Banque CM;;20250522;51200000;CompteLib_0020;;;25E131;20250522;EcritureLib_0884;;42,40;0,00;D;;;
CM;Banque CM;;20250522;62700000;CompteLib_0036;;;25E132;20250522;EcritureLib_0885;;0,74;0,00;D;;;
CM;Banque CM;;20250522;51200000;CompteLib_0020;;;25E132;20250522;EcritureLib_0885;;0,00;0,74;C;;;
CM;Banque CM;;20250522;40100000;CompteLib_0011;FLIDL;LIDL;25E133;20250522;EcritureLib_0886;;9,19;0,00;D;;;
CM;Banque CM;;20250522;51200000;CompteLib_0020;;;25E133;20250522;EcritureLib_0886;;0,00;9,19;C;;;
CM;Banque CM;;20250523;51120000;CompteLib_0037;;;25E134;20250523;EcritureLib_0887;;0,00;67,97;C;;;
CM;Banque CM;;20250523;51200000;CompteLib_0020;;;25E134;20250523;EcritureLib_0887;;67,97;0,00;D;;;
CM;Banque CM;;20250523;47100000;CompteLib_0044;;;25E135;20250523;EcritureLib_0888;;396,00;0,00;D;;;
CM;Banque CM;;20250523;51200000;CompteLib_0020;;;25E135;20250523;EcritureLib_0888;;0,00;396,00;C;;;
CM;Banque CM;;20250523;47100000;CompteLib_0044;;;25E136;20250523;EcritureLib_0889;;2863,00;0,00;D;;;
CM;Banque CM;;20250523;51200000;CompteLib_0020;;;25E136;20250523;EcritureLib_0889;;0,00;2863,00;C;;;
CM;Banque CM;;20250523;51180000;CompteLib_0035;;;25E137;20250523;EcritureLib_0890;;0,00;23,50;C;;;
CM;Banque CM;;20250523;51200000;CompteLib_0020;;;25E137;20250523;EcritureLib_0890;;23,50;0,00;D;;;
CM;Banque CM;;20250523;51180000;CompteLib_0035;;;25E138;20250523;EcritureLib_0890;;0,00;60,90;C;;;
CM;Banque CM;;20250523;51200000;CompteLib_0020;;;25E138;20250523;EcritureLib_0890;;60,90;0,00;D;;;
CM;Banque CM;;20250523;62700000;CompteLib_0036;;;25E139;20250523;EcritureLib_0891;;0,54;0,00;D;;;
CM;Banque CM;;20250523;51200000;CompteLib_0020;;;25E139;20250523;EcritureLib_0891;;0,00;0,54;C;;;
CM;Banque CM;;20250523;62700000;CompteLib_0036;;;25E140;20250523;EcritureLib_0891;;0,14;0,00;D;;;
CM;Banque CM;;20250523;51200000;CompteLib_0020;;;25E140;20250523;EcritureLib_0891;;0,00;0,14;C;;;
CM;Banque CM;;20250523;40100000;CompteLib_0011;FSUPER;SUPER MARKET ;25E141;20250523;EcritureLib_0892;;30,00;0,00;D;;;
CM;Banque CM;;20250523;51200000;CompteLib_0020;;;25E141;20250523;EcritureLib_0892;;0,00;30,00;C;;;
CM;Banque CM;;20250523;40100000;CompteLib_0011;FPROMOCASH;PROMOCASH;25E142;20250523;EcritureLib_0893;;198,32;0,00;D;;;
CM;Banque CM;;20250523;51200000;CompteLib_0020;;;25E142;20250523;EcritureLib_0893;;0,00;198,32;C;;;
CM;Banque CM;;20250526;40100000;CompteLib_0011;FSTC;STC;25E145;20250526;EcritureLib_0262;;204,60;0,00;D;;;
CM;Banque CM;;20250526;51200000;CompteLib_0020;;;25E145;20250526;EcritureLib_0262;;0,00;204,60;C;;;
CM;Banque CM;;20250526;51180000;CompteLib_0035;;;25E146;20250526;EcritureLib_0894;;0,00;13,00;C;;;
CM;Banque CM;;20250526;51200000;CompteLib_0020;;;25E146;20250526;EcritureLib_0894;;13,00;0,00;D;;;
CM;Banque CM;;20250526;51180000;CompteLib_0035;;;25E147;20250526;EcritureLib_0895;;0,00;105,50;C;;;
CM;Banque CM;;20250526;51200000;CompteLib_0020;;;25E147;20250526;EcritureLib_0895;;105,50;0,00;D;;;
CM;Banque CM;;20250526;51180000;CompteLib_0035;;;25E148;20250526;EcritureLib_0894;;0,00;59,80;C;;;
CM;Banque CM;;20250526;51200000;CompteLib_0020;;;25E148;20250526;EcritureLib_0894;;59,80;0,00;D;;;
CM;Banque CM;;20250526;62700000;CompteLib_0036;;;25E149;20250526;EcritureLib_0896;;0,39;0,00;D;;;
CM;Banque CM;;20250526;51200000;CompteLib_0020;;;25E149;20250526;EcritureLib_0896;;0,00;0,39;C;;;
CM;Banque CM;;20250526;62700000;CompteLib_0036;;;25E150;20250526;EcritureLib_0897;;0,66;0,00;D;;;
CM;Banque CM;;20250526;51200000;CompteLib_0020;;;25E150;20250526;EcritureLib_0897;;0,00;0,66;C;;;
CM;Banque CM;;20250526;62700000;CompteLib_0036;;;25E151;20250526;EcritureLib_0896;;0,09;0,00;D;;;
CM;Banque CM;;20250526;51200000;CompteLib_0020;;;25E151;20250526;EcritureLib_0896;;0,00;0,09;C;;;
CM;Banque CM;;20250526;70180200;CompteLib_0043;;;25E152;20250526;EcritureLib_0898;;0,00;46,56;C;;;
CM;Banque CM;;20250526;44571100;CompteLib_0016;;;25E152;20250526;EcritureLib_0898;;0,00;4,66;C;;;
CM;Banque CM;;20250526;51200000;CompteLib_0020;;;25E152;20250526;EcritureLib_0898;;51,22;0,00;D;;;
CM;Banque CM;;20250526;40100000;CompteLib_0011;FSUPER;SUPER MARKET ;25E153;20250526;EcritureLib_0899;;30,00;0,00;D;;;
CM;Banque CM;;20250526;51200000;CompteLib_0020;;;25E153;20250526;EcritureLib_0899;;0,00;30,00;C;;;
CM;Banque CM;;20250526;40100000;CompteLib_0011;401RESTA;RESTAURANT;25E154;20250526;EcritureLib_0900;;10,28;0,00;D;;;
CM;Banque CM;;20250526;51200000;CompteLib_0020;;;25E154;20250526;EcritureLib_0900;;0,00;10,28;C;;;
CM;Banque CM;;20250526;40100000;CompteLib_0011;FLIDL;LIDL;25E155;20250526;EcritureLib_0901;;9,08;0,00;D;;;
CM;Banque CM;;20250526;51200000;CompteLib_0020;;;25E155;20250526;EcritureLib_0901;;0,00;9,08;C;;;
CM;Banque CM;;20250527;51180000;CompteLib_0035;;;25E156;20250527;EcritureLib_0902;;0,00;157,20;C;;;
CM;Banque CM;;20250527;51200000;CompteLib_0020;;;25E156;20250527;EcritureLib_0902;;157,20;0,00;D;;;
CM;Banque CM;;20250527;51180000;CompteLib_0035;;;25E157;20250527;EcritureLib_0902;;0,00;35,50;C;;;
CM;Banque CM;;20250527;51200000;CompteLib_0020;;;25E157;20250527;EcritureLib_0902;;35,50;0,00;D;;;
CM;Banque CM;;20250527;62700000;CompteLib_0036;;;25E158;20250527;EcritureLib_0903;;0,22;0,00;D;;;
CM;Banque CM;;20250527;51200000;CompteLib_0020;;;25E158;20250527;EcritureLib_0903;;0,00;0,22;C;;;
CM;Banque CM;;20250527;62700000;CompteLib_0036;;;25E159;20250527;EcritureLib_0903;;1,05;0,00;D;;;
CM;Banque CM;;20250527;51200000;CompteLib_0020;;;25E159;20250527;EcritureLib_0903;;0,00;1,05;C;;;
CM;Banque CM;;20250528;51180000;CompteLib_0035;;;25E160;20250528;EcritureLib_0904;;0,00;88,30;C;;;
CM;Banque CM;;20250528;51200000;CompteLib_0020;;;25E160;20250528;EcritureLib_0904;;88,30;0,00;D;;;
CM;Banque CM;;20250528;51180000;CompteLib_0035;;;25E161;20250528;EcritureLib_0904;;0,00;105,10;C;;;
CM;Banque CM;;20250528;51200000;CompteLib_0020;;;25E161;20250528;EcritureLib_0904;;105,10;0,00;D;;;
CM;Banque CM;;20250528;62700000;CompteLib_0036;;;25E162;20250528;EcritureLib_0905;;0,72;0,00;D;;;
CM;Banque CM;;20250528;51200000;CompteLib_0020;;;25E162;20250528;EcritureLib_0905;;0,00;0,72;C;;;
CM;Banque CM;;20250528;62700000;CompteLib_0036;;;25E163;20250528;EcritureLib_0905;;0,63;0,00;D;;;
CM;Banque CM;;20250528;51200000;CompteLib_0020;;;25E163;20250528;EcritureLib_0905;;0,00;0,63;C;;;
CM;Banque CM;;20250528;47100000;CompteLib_0044;;;25E164;20250528;EcritureLib_0906;;96,50;0,00;D;;;
CM;Banque CM;;20250528;51200000;CompteLib_0020;;;25E164;20250528;EcritureLib_0906;;0,00;96,50;C;;;
CM;Banque CM;;20250529;51120000;CompteLib_0037;;;25E165;20250529;EcritureLib_0907;;0,00;52,62;C;;;
CM;Banque CM;;20250529;51200000;CompteLib_0020;;;25E165;20250529;EcritureLib_0907;;52,62;0,00;D;;;
CM;Banque CM;;20250529;51120000;CompteLib_0037;;;25E166;20250529;EcritureLib_0908;;0,00;10,36;C;;;
CM;Banque CM;;20250529;51200000;CompteLib_0020;;;25E166;20250529;EcritureLib_0908;;10,36;0,00;D;;;
CM;Banque CM;;20250529;70180100;CompteLib_0039;;;25E167;20250529;EcritureLib_0909;;0,00;36,95;C;;;
CM;Banque CM;;20250529;44571100;CompteLib_0016;;;25E167;20250529;EcritureLib_0909;;0,00;3,69;C;;;
CM;Banque CM;;20250529;51200000;CompteLib_0020;;;25E167;20250529;EcritureLib_0909;;40,64;0,00;D;;;
CM;Banque CM;;20250529;51180000;CompteLib_0035;;;25E168;20250529;EcritureLib_0910;;0,00;276,67;C;;;
CM;Banque CM;;20250529;51200000;CompteLib_0020;;;25E168;20250529;EcritureLib_0910;;276,67;0,00;D;;;
CM;Banque CM;;20250529;51180000;CompteLib_0035;;;25E169;20250529;EcritureLib_0910;;0,00;51,00;C;;;
CM;Banque CM;;20250529;51200000;CompteLib_0020;;;25E169;20250529;EcritureLib_0910;;51,00;0,00;D;;;
CM;Banque CM;;20250529;62700000;CompteLib_0036;;;25E170;20250529;EcritureLib_0911;;0,45;0,00;D;;;
CM;Banque CM;;20250529;51200000;CompteLib_0020;;;25E170;20250529;EcritureLib_0911;;0,00;0,45;C;;;
CM;Banque CM;;20250529;62700000;CompteLib_0036;;;25E171;20250529;EcritureLib_0911;;1,89;0,00;D;;;
CM;Banque CM;;20250529;51200000;CompteLib_0020;;;25E171;20250529;EcritureLib_0911;;0,00;1,89;C;;;
CM;Banque CM;;20250529;401TAXI;CompteLib_0047;;;25E172;20250529;EcritureLib_0912;;570,66;0,00;D;;;
CM;Banque CM;;20250529;51200000;CompteLib_0020;;;25E172;20250529;EcritureLib_0912;;0,00;570,66;C;;;
CM;Banque CM;;20250530;51180000;CompteLib_0035;;;25E173;20250530;EcritureLib_0913;;0,00;143,40;C;;;
CM;Banque CM;;20250530;51200000;CompteLib_0020;;;25E173;20250530;EcritureLib_0913;;143,40;0,00;D;;;
CM;Banque CM;;20250530;51180000;CompteLib_0035;;;25E174;20250530;EcritureLib_0913;;0,00;153,20;C;;;
CM;Banque CM;;20250530;51200000;CompteLib_0020;;;25E174;20250530;EcritureLib_0913;;153,20;0,00;D;;;
CM;Banque CM;;20250530;62700000;CompteLib_0036;;;25E175;20250530;EcritureLib_0914;;0,89;0,00;D;;;
CM;Banque CM;;20250530;51200000;CompteLib_0020;;;25E175;20250530;EcritureLib_0914;;0,00;0,89;C;;;
CM;Banque CM;;20250530;62700000;CompteLib_0036;;;25E176;20250530;EcritureLib_0914;;1,34;0,00;D;;;
CM;Banque CM;;20250530;51200000;CompteLib_0020;;;25E176;20250530;EcritureLib_0914;;0,00;1,34;C;;;
CM;Banque CM;;20250530;47100000;CompteLib_0044;;;25E177;20250530;EcritureLib_0915;;19,99;0,00;D;;;
CM;Banque CM;;20250530;51200000;CompteLib_0020;;;25E177;20250530;EcritureLib_0915;;0,00;19,99;C;;;
CM;Banque CM;;20250602;51180000;CompteLib_0035;;;25F1;20250602;EcritureLib_0916;;0,00;46,50;C;;;
CM;Banque CM;;20250602;51200000;CompteLib_0020;;;25F1;20250602;EcritureLib_0916;;46,50;0,00;D;;;
CM;Banque CM;;20250602;51180000;CompteLib_0035;;;25F2;20250602;EcritureLib_0916;;0,00;470,66;C;;;
CM;Banque CM;;20250602;51200000;CompteLib_0020;;;25F2;20250602;EcritureLib_0916;;470,66;0,00;D;;;
CM;Banque CM;;20250602;51180000;CompteLib_0035;;;25F3;20250602;EcritureLib_0917;;0,00;47,89;C;;;
CM;Banque CM;;20250602;51200000;CompteLib_0020;;;25F3;20250602;EcritureLib_0917;;47,89;0,00;D;;;
CM;Banque CM;;20250602;51180000;CompteLib_0035;;;25F4;20250602;EcritureLib_0917;;0,00;25,50;C;;;
CM;Banque CM;;20250602;51200000;CompteLib_0020;;;25F4;20250602;EcritureLib_0917;;25,50;0,00;D;;;
CM;Banque CM;;20250602;62700000;CompteLib_0036;;;25F5;20250602;EcritureLib_0918;;0,17;0,00;D;;;
CM;Banque CM;;20250602;51200000;CompteLib_0020;;;25F5;20250602;EcritureLib_0918;;0,00;0,17;C;;;
CM;Banque CM;;20250602;62700000;CompteLib_0036;;;25F6;20250602;EcritureLib_0919;;2,69;0,00;D;;;
CM;Banque CM;;20250602;51200000;CompteLib_0020;;;25F6;20250602;EcritureLib_0919;;0,00;2,69;C;;;
CM;Banque CM;;20250602;62700000;CompteLib_0036;;;25F7;20250602;EcritureLib_0919;;0,27;0,00;D;;;
CM;Banque CM;;20250602;51200000;CompteLib_0020;;;25F7;20250602;EcritureLib_0919;;0,00;0,27;C;;;
CM;Banque CM;;20250602;62700000;CompteLib_0036;;;25F8;20250602;EcritureLib_0918;;0,33;0,00;D;;;
CM;Banque CM;;20250602;51200000;CompteLib_0020;;;25F8;20250602;EcritureLib_0918;;0,00;0,33;C;;;
CM;Banque CM;;20250602;51180000;CompteLib_0035;;;25F9;20250602;EcritureLib_0920;;0,00;9,30;C;;;
CM;Banque CM;;20250602;51200000;CompteLib_0020;;;25F9;20250602;EcritureLib_0920;;9,30;0,00;D;;;
CM;Banque CM;;20250602;62700000;CompteLib_0036;;;25F10;20250602;EcritureLib_0921;;0,09;0,00;D;;;
CM;Banque CM;;20250602;51200000;CompteLib_0020;;;25F10;20250602;EcritureLib_0921;;0,00;0,09;C;;;
CM;Banque CM;;20250602;70180200;CompteLib_0043;;;25F11;20250602;EcritureLib_0922;;0,00;55,19;C;;;
CM;Banque CM;;20250602;44571100;CompteLib_0016;;;25F11;20250602;EcritureLib_0922;;0,00;5,52;C;;;
CM;Banque CM;;20250602;51200000;CompteLib_0020;;;25F11;20250602;EcritureLib_0922;;60,71;0,00;D;;;
CM;Banque CM;;20250602;40100000;CompteLib_0011;401RESTA;RESTAURANT;25F12;20250602;EcritureLib_0923;;15,39;0,00;D;;;
CM;Banque CM;;20250602;51200000;CompteLib_0020;;;25F12;20250602;EcritureLib_0923;;0,00;15,39;C;;;
CM;Banque CM;;20250602;40100000;CompteLib_0011;FLIDL;LIDL;25F13;20250602;EcritureLib_0924;;17,42;0,00;D;;;
CM;Banque CM;;20250602;51200000;CompteLib_0020;;;25F13;20250602;EcritureLib_0924;;0,00;17,42;C;;;
CM;Banque CM;;20250603;51120000;CompteLib_0037;;;25F17;20250603;EcritureLib_0925;;0,00;36,71;C;;;
CM;Banque CM;;20250603;51200000;CompteLib_0020;;;25F17;20250603;EcritureLib_0925;;36,71;0,00;D;;;
CM;Banque CM;;20250603;51180000;CompteLib_0035;;;25F18;20250603;EcritureLib_0926;;0,00;170,89;C;;;
CM;Banque CM;;20250603;51200000;CompteLib_0020;;;25F18;20250603;EcritureLib_0926;;170,89;0,00;D;;;
CM;Banque CM;;20250603;51180000;CompteLib_0035;;;25F19;20250603;EcritureLib_0926;;0,00;76,90;C;;;
CM;Banque CM;;20250603;51200000;CompteLib_0020;;;25F19;20250603;EcritureLib_0926;;76,90;0,00;D;;;
CM;Banque CM;;20250603;62700000;CompteLib_0036;;;25F20;20250603;EcritureLib_0927;;0,47;0,00;D;;;
CM;Banque CM;;20250603;51200000;CompteLib_0020;;;25F20;20250603;EcritureLib_0927;;0,00;0,47;C;;;
CM;Banque CM;;20250603;62700000;CompteLib_0036;;;25F21;20250603;EcritureLib_0927;;1,00;0,00;D;;;
CM;Banque CM;;20250603;51200000;CompteLib_0020;;;25F21;20250603;EcritureLib_0927;;0,00;1,00;C;;;
CM;Banque CM;;20250603;40100000;CompteLib_0011;FINTERRESTO;INTER RESTO;25F22;20250603;EcritureLib_0928;;59,06;0,00;D;;;
CM;Banque CM;;20250603;51200000;CompteLib_0020;;;25F22;20250603;EcritureLib_0928;;0,00;59,06;C;;;
CM;Banque CM;;20250603;40100000;CompteLib_0011;FPROMOCASH;PROMOCASH;25F23;20250603;EcritureLib_0929;;143,15;0,00;D;;;
CM;Banque CM;;20250603;51200000;CompteLib_0020;;;25F23;20250603;EcritureLib_0929;;0,00;143,15;C;;;
CM;Banque CM;;20250603;40100000;CompteLib_0011;FINTERRESTO;INTER RESTO;25F24;20250603;EcritureLib_0930;;43,04;0,00;D;;;
CM;Banque CM;;20250603;51200000;CompteLib_0020;;;25F24;20250603;EcritureLib_0930;;0,00;43,04;C;;;
CM;Banque CM;;20250603;40100000;CompteLib_0011;401POSTE;LA POSTE;25F25;20250603;EcritureLib_0100;;4,99;0,00;D;;;
CM;Banque CM;;20250603;51200000;CompteLib_0020;;;25F25;20250603;EcritureLib_0100;;0,00;4,99;C;;;
CM;Banque CM;;20250603;62700000;CompteLib_0036;;;25F26;20250603;EcritureLib_0931;;108,38;0,00;D;;;
CM;Banque CM;;20250603;51200000;CompteLib_0020;;;25F26;20250603;EcritureLib_0931;;0,00;108,38;C;;;
CM;Banque CM;;20250604;61600000;CompteLib_0038;;;25F27;20250604;EcritureLib_0103;;25,90;0,00;D;;;
CM;Banque CM;;20250604;51200000;CompteLib_0020;;;25F27;20250604;EcritureLib_0103;;0,00;25,90;C;;;
CM;Banque CM;;20250604;40100000;CompteLib_0011;401LOYER;LOYERS ET CHARGES;25F28;20250604;EcritureLib_0932;;1090,00;0,00;D;;;
CM;Banque CM;;20250604;51200000;CompteLib_0020;;;25F28;20250604;EcritureLib_0932;;0,00;1090,00;C;;;
CM;Banque CM;;20250604;40100000;CompteLib_0011;FPROMOCASH;PROMOCASH;25F29;20250604;EcritureLib_0933;;158,80;0,00;D;;;
CM;Banque CM;;20250604;51200000;CompteLib_0020;;;25F29;20250604;EcritureLib_0933;;0,00;158,80;C;;;
CM;Banque CM;;20250604;62700000;CompteLib_0036;;;25F30;20250604;EcritureLib_0412;;0,00;28,38;C;;;
CM;Banque CM;;20250604;51200000;CompteLib_0020;;;25F30;20250604;EcritureLib_0412;;28,38;0,00;D;;;
CM;Banque CM;;20250605;40100000;CompteLib_0011;FFREE;FREE;25F31;20250605;EcritureLib_0934;;29,99;0,00;D;;E;20250729
CM;Banque CM;;20250605;51200000;CompteLib_0020;;;25F31;20250605;EcritureLib_0934;;0,00;29,99;C;;;
CM;Banque CM;;20250605;40100000;CompteLib_0011;FTILLER;TILLER;25F32;20250605;EcritureLib_0290;;58,80;0,00;D;;;
CM;Banque CM;;20250605;51200000;CompteLib_0020;;;25F32;20250605;EcritureLib_0290;;0,00;58,80;C;;;
CM;Banque CM;;20250605;51120000;CompteLib_0037;;;25F33;20250605;EcritureLib_0935;;0,00;12,83;C;;;
CM;Banque CM;;20250605;51200000;CompteLib_0020;;;25F33;20250605;EcritureLib_0935;;12,83;0,00;D;;;
CM;Banque CM;;20250605;51120000;CompteLib_0037;;;25F34;20250605;EcritureLib_0936;;0,00;24,05;C;;;
CM;Banque CM;;20250605;51200000;CompteLib_0020;;;25F34;20250605;EcritureLib_0936;;24,05;0,00;D;;;
CM;Banque CM;;20250605;51180000;CompteLib_0035;;;25F35;20250605;EcritureLib_0937;;0,00;385,79;C;;;
CM;Banque CM;;20250605;51200000;CompteLib_0020;;;25F35;20250605;EcritureLib_0937;;385,79;0,00;D;;;
CM;Banque CM;;20250605;51180000;CompteLib_0035;;;25F36;20250605;EcritureLib_0937;;0,00;42,49;C;;;
CM;Banque CM;;20250605;51200000;CompteLib_0020;;;25F36;20250605;EcritureLib_0937;;42,49;0,00;D;;;
CM;Banque CM;;20250605;62700000;CompteLib_0036;;;25F37;20250605;EcritureLib_0938;;0,25;0,00;D;;;
CM;Banque CM;;20250605;51200000;CompteLib_0020;;;25F37;20250605;EcritureLib_0938;;0,00;0,25;C;;;
CM;Banque CM;;20250605;62700000;CompteLib_0036;;;25F38;20250605;EcritureLib_0938;;2,42;0,00;D;;;
CM;Banque CM;;20250605;51200000;CompteLib_0020;;;25F38;20250605;EcritureLib_0938;;0,00;2,42;C;;;
CM;Banque CM;;20250605;70180100;CompteLib_0039;;;25F39;20250605;EcritureLib_0939;;0,00;39,45;C;;;
CM;Banque CM;;20250605;44571100;CompteLib_0016;;;25F39;20250605;EcritureLib_0939;;0,00;3,94;C;;;
CM;Banque CM;;20250605;51200000;CompteLib_0020;;;25F39;20250605;EcritureLib_0939;;43,39;0,00;D;;;
CM;Banque CM;;20250605;51120000;CompteLib_0037;;;25F40;20250605;EcritureLib_0940;;0,00;19,44;C;;;
CM;Banque CM;;20250605;51200000;CompteLib_0020;;;25F40;20250605;EcritureLib_0940;;19,44;0,00;D;;;
CM;Banque CM;;20250605;40100000;CompteLib_0011;401RESTA;RESTAURANT;25F41;20250605;EcritureLib_0941;;3,46;0,00;D;;;
CM;Banque CM;;20250605;51200000;CompteLib_0020;;;25F41;20250605;EcritureLib_0941;;0,00;3,46;C;;;
CM;Banque CM;;20250606;51180000;CompteLib_0035;;;25F43;20250606;EcritureLib_0942;;0,00;279,78;C;;;
CM;Banque CM;;20250606;51200000;CompteLib_0020;;;25F43;20250606;EcritureLib_0942;;279,78;0,00;D;;;
CM;Banque CM;;20250606;51180000;CompteLib_0035;;;25F44;20250606;EcritureLib_0942;;0,00;78,29;C;;;
CM;Banque CM;;20250606;51200000;CompteLib_0020;;;25F44;20250606;EcritureLib_0942;;78,29;0,00;D;;;
CM;Banque CM;;20250606;62700000;CompteLib_0036;;;25F45;20250606;EcritureLib_0943;;0,49;0,00;D;;;
CM;Banque CM;;20250606;51200000;CompteLib_0020;;;25F45;20250606;EcritureLib_0943;;0,00;0,49;C;;;
CM;Banque CM;;20250606;62700000;CompteLib_0036;;;25F46;20250606;EcritureLib_0943;;1,96;0,00;D;;;
CM;Banque CM;;20250606;51200000;CompteLib_0020;;;25F46;20250606;EcritureLib_0943;;0,00;1,96;C;;;
CM;Banque CM;;20250606;40100000;CompteLib_0011;FPROMOCASH;PROMOCASH;25F47;20250606;EcritureLib_0944;;178,72;0,00;D;;;
CM;Banque CM;;20250606;51200000;CompteLib_0020;;;25F47;20250606;EcritureLib_0944;;0,00;178,72;C;;;
CM;Banque CM;;20250606;40100000;CompteLib_0011;FINTERRESTO;INTER RESTO;25F48;20250606;EcritureLib_0945;;163,41;0,00;D;;L;20251015
CM;Banque CM;;20250606;51200000;CompteLib_0020;;;25F48;20250606;EcritureLib_0945;;0,00;163,41;C;;;
CM;Banque CM;;20250609;51180000;CompteLib_0035;;;25F49;20250609;EcritureLib_0946;;0,00;272,30;C;;;
CM;Banque CM;;20250609;51200000;CompteLib_0020;;;25F49;20250609;EcritureLib_0946;;272,30;0,00;D;;;
CM;Banque CM;;20250609;51180000;CompteLib_0035;;;25F50;20250609;EcritureLib_0946;;0,00;21,70;C;;;
CM;Banque CM;;20250609;51200000;CompteLib_0020;;;25F50;20250609;EcritureLib_0946;;21,70;0,00;D;;;
CM;Banque CM;;20250609;62700000;CompteLib_0036;;;25F51;20250609;EcritureLib_0947;;0,14;0,00;D;;;
CM;Banque CM;;20250609;51200000;CompteLib_0020;;;25F51;20250609;EcritureLib_0947;;0,00;0,14;C;;;
CM;Banque CM;;20250609;62700000;CompteLib_0036;;;25F52;20250609;EcritureLib_0947;;1,51;0,00;D;;;
CM;Banque CM;;20250609;51200000;CompteLib_0020;;;25F52;20250609;EcritureLib_0947;;0,00;1,51;C;;;
CM;Banque CM;;20250609;51120000;CompteLib_0037;;;25F53;20250609;EcritureLib_0948;;0,00;29,45;C;;;
CM;Banque CM;;20250609;51200000;CompteLib_0020;;;25F53;20250609;EcritureLib_0948;;29,45;0,00;D;;;
CM;Banque CM;;20250609;40100000;CompteLib_0011;FTOTAL;TOTAL ENERGIES ;25F54;20250609;EcritureLib_0127;;338,67;0,00;D;;F;20250613
CM;Banque CM;;20250609;51200000;CompteLib_0020;;;25F54;20250609;EcritureLib_0127;;0,00;338,67;C;;;
CM;Banque CM;;20250609;51180000;CompteLib_0035;;;25F55;20250609;EcritureLib_0949;;0,00;145,41;C;;;
CM;Banque CM;;20250609;51200000;CompteLib_0020;;;25F55;20250609;EcritureLib_0949;;145,41;0,00;D;;;
CM;Banque CM;;20250609;62700000;CompteLib_0036;;;25F56;20250609;EcritureLib_0950;;0,87;0,00;D;;;
CM;Banque CM;;20250609;51200000;CompteLib_0020;;;25F56;20250609;EcritureLib_0950;;0,00;0,87;C;;;
CM;Banque CM;;20250609;70180200;CompteLib_0043;;;25F57;20250609;EcritureLib_0951;;0,00;18,42;C;;;
CM;Banque CM;;20250609;44571100;CompteLib_0016;;;25F57;20250609;EcritureLib_0951;;0,00;1,84;C;;;
CM;Banque CM;;20250609;51200000;CompteLib_0020;;;25F57;20250609;EcritureLib_0951;;20,26;0,00;D;;;
CM;Banque CM;;20250609;40100000;CompteLib_0011;FAUCHAN;AUCHAN;25F58;20250609;EcritureLib_0952;;50,10;0,00;D;;;
CM;Banque CM;;20250609;51200000;CompteLib_0020;;;25F58;20250609;EcritureLib_0952;;0,00;50,10;C;;;
CM;Banque CM;;20250609;40100000;CompteLib_0011;FMETRO;METRO;25F59;20250609;EcritureLib_0953;;50,04;0,00;D;;;
CM;Banque CM;;20250609;51200000;CompteLib_0020;;;25F59;20250609;EcritureLib_0953;;0,00;50,04;C;;;
CM;Banque CM;;20250609;40100000;CompteLib_0011;FSUPER;SUPER MARKET ;25F60;20250609;EcritureLib_0954;;35,00;0,00;D;;;
CM;Banque CM;;20250609;51200000;CompteLib_0020;;;25F60;20250609;EcritureLib_0954;;0,00;35,00;C;;;
CM;Banque CM;;20250609;60630000;CompteLib_0029;;;25F61;20250609;EcritureLib_0955;;18,07;0,00;D;;;
CM;Banque CM;;20250609;44566000;CompteLib_0015;;;25F61;20250609;EcritureLib_0955;;3,62;0,00;D;;;
CM;Banque CM;;20250609;51200000;CompteLib_0020;;;25F61;20250609;EcritureLib_0955;;0,00;21,69;C;;;
CM;Banque CM;;20250609;40100000;CompteLib_0011;FSUPER;SUPER MARKET ;25F62;20250609;EcritureLib_0956;;20,54;0,00;D;;;
CM;Banque CM;;20250609;51200000;CompteLib_0020;;;25F62;20250609;EcritureLib_0956;;0,00;20,54;C;;;
CM;Banque CM;;20250610;51180000;CompteLib_0035;;;25F64;20250610;EcritureLib_0957;;0,00;209,06;C;;;
CM;Banque CM;;20250610;51200000;CompteLib_0020;;;25F64;20250610;EcritureLib_0957;;209,06;0,00;D;;;
CM;Banque CM;;20250610;51180000;CompteLib_0035;;;25F65;20250610;EcritureLib_0957;;0,00;23,00;C;;;
CM;Banque CM;;20250610;51200000;CompteLib_0020;;;25F65;20250610;EcritureLib_0957;;23,00;0,00;D;;;
CM;Banque CM;;20250610;62700000;CompteLib_0036;;;25F66;20250610;EcritureLib_0958;;0,14;0,00;D;;;
CM;Banque CM;;20250610;51200000;CompteLib_0020;;;25F66;20250610;EcritureLib_0958;;0,00;0,14;C;;;
CM;Banque CM;;20250610;62700000;CompteLib_0036;;;25F67;20250610;EcritureLib_0958;;1,28;0,00;D;;;
CM;Banque CM;;20250610;51200000;CompteLib_0020;;;25F67;20250610;EcritureLib_0958;;0,00;1,28;C;;;
CM;Banque CM;;20250611;51180000;CompteLib_0035;;;25F69;20250611;EcritureLib_0959;;0,00;28,90;C;;;
CM;Banque CM;;20250611;51200000;CompteLib_0020;;;25F69;20250611;EcritureLib_0959;;28,90;0,00;D;;;
CM;Banque CM;;20250611;51180000;CompteLib_0035;;;25F70;20250611;EcritureLib_0959;;0,00;311,68;C;;;
CM;Banque CM;;20250611;51200000;CompteLib_0020;;;25F70;20250611;EcritureLib_0959;;311,68;0,00;D;;;
CM;Banque CM;;20250611;62700000;CompteLib_0036;;;25F71;20250611;EcritureLib_0960;;2,21;0,00;D;;;
CM;Banque CM;;20250611;51200000;CompteLib_0020;;;25F71;20250611;EcritureLib_0960;;0,00;2,21;C;;;
CM;Banque CM;;20250611;62700000;CompteLib_0036;;;25F72;20250611;EcritureLib_0960;;0,21;0,00;D;;;
CM;Banque CM;;20250611;51200000;CompteLib_0020;;;25F72;20250611;EcritureLib_0960;;0,00;0,21;C;;;
CM;Banque CM;;20250611;40100000;CompteLib_0011;FINTERRESTO;INTER RESTO;25F73;20250611;EcritureLib_0961;;112,38;0,00;D;;Q;20251015
CM;Banque CM;;20250611;51200000;CompteLib_0020;;;25F73;20250611;EcritureLib_0961;;0,00;112,38;C;;;
CM;Banque CM;;20250611;40100000;CompteLib_0011;FLIDL;LIDL;25F74;20250611;EcritureLib_0962;;8,49;0,00;D;;;
CM;Banque CM;;20250611;51200000;CompteLib_0020;;;25F74;20250611;EcritureLib_0962;;0,00;8,49;C;;;
CM;Banque CM;;20250612;51180000;CompteLib_0035;;;25F76;20250612;EcritureLib_0963;;0,00;19,98;C;;;
CM;Banque CM;;20250612;51200000;CompteLib_0020;;;25F76;20250612;EcritureLib_0963;;19,98;0,00;D;;;
CM;Banque CM;;20250612;51180000;CompteLib_0035;;;25F77;20250612;EcritureLib_0963;;0,00;276,59;C;;;
CM;Banque CM;;20250612;51200000;CompteLib_0020;;;25F77;20250612;EcritureLib_0963;;276,59;0,00;D;;;
CM;Banque CM;;20250612;62700000;CompteLib_0036;;;25F78;20250612;EcritureLib_0964;;1,64;0,00;D;;;
CM;Banque CM;;20250612;51200000;CompteLib_0020;;;25F78;20250612;EcritureLib_0964;;0,00;1,64;C;;;
CM;Banque CM;;20250612;62700000;CompteLib_0036;;;25F79;20250612;EcritureLib_0964;;0,13;0,00;D;;;
CM;Banque CM;;20250612;51200000;CompteLib_0020;;;25F79;20250612;EcritureLib_0964;;0,00;0,13;C;;;
CM;Banque CM;;20250612;51120000;CompteLib_0037;;;25F80;20250612;EcritureLib_0965;;0,00;27,19;C;;;
CM;Banque CM;;20250612;51200000;CompteLib_0020;;;25F80;20250612;EcritureLib_0965;;27,19;0,00;D;;;
CM;Banque CM;;20250612;40100000;CompteLib_0011;FINTERRESTO;INTER RESTO;25F81;20250612;EcritureLib_0966;;100,00;0,00;D;;;
CM;Banque CM;;20250612;51200000;CompteLib_0020;;;25F81;20250612;EcritureLib_0966;;0,00;100,00;C;;;
CM;Banque CM;;20250612;40100000;CompteLib_0011;FPROMOCASH;PROMOCASH;25F82;20250612;EcritureLib_0967;;289,59;0,00;D;;N;20250617
CM;Banque CM;;20250612;51200000;CompteLib_0020;;;25F82;20250612;EcritureLib_0967;;0,00;289,59;C;;;
CM;Banque CM;;20250612;40100000;CompteLib_0011;FLIDL;LIDL;25F83;20250612;EcritureLib_0968;;9,30;0,00;D;;;
CM;Banque CM;;20250612;51200000;CompteLib_0020;;;25F83;20250612;EcritureLib_0968;;0,00;9,30;C;;;
CM;Banque CM;;20250612;40100000;CompteLib_0011;FSUPER;SUPER MARKET ;25F84;20250612;EcritureLib_0969;;35,00;0,00;D;;;
CM;Banque CM;;20250612;51200000;CompteLib_0020;;;25F84;20250612;EcritureLib_0969;;0,00;35,00;C;;;
CM;Banque CM;;20250613;51180000;CompteLib_0035;;;25F85;20250613;EcritureLib_0970;;0,00;118,10;C;;;
CM;Banque CM;;20250613;51200000;CompteLib_0020;;;25F85;20250613;EcritureLib_0970;;118,10;0,00;D;;;
CM;Banque CM;;20250613;62700000;CompteLib_0036;;;25F86;20250613;EcritureLib_0971;;0,85;0,00;D;;;
CM;Banque CM;;20250613;51200000;CompteLib_0020;;;25F86;20250613;EcritureLib_0971;;0,00;0,85;C;;;
CM;Banque CM;;20250613;40100000;CompteLib_0011;FACTION;ACTION;25F87;20250613;EcritureLib_0972;;12,43;0,00;D;;;
CM;Banque CM;;20250613;51200000;CompteLib_0020;;;25F87;20250613;EcritureLib_0972;;0,00;12,43;C;;;
CM;Banque CM;;20250613;40100000;CompteLib_0011;401RESTA;RESTAURANT;25F88;20250613;EcritureLib_0973;;6,54;0,00;D;;;
CM;Banque CM;;20250613;51200000;CompteLib_0020;;;25F88;20250613;EcritureLib_0973;;0,00;6,54;C;;;
CM;Banque CM;;20250613;40100000;CompteLib_0011;FABC;ABC;25F89;20250613;EcritureLib_0974;;10,30;0,00;D;;;
CM;Banque CM;;20250613;51200000;CompteLib_0020;;;25F89;20250613;EcritureLib_0974;;0,00;10,30;C;;;
CM;Banque CM;;20250616;51180000;CompteLib_0035;;;25F90;20250616;EcritureLib_0975;;0,00;175,50;C;;;
CM;Banque CM;;20250616;51200000;CompteLib_0020;;;25F90;20250616;EcritureLib_0975;;175,50;0,00;D;;;
CM;Banque CM;;20250616;51180000;CompteLib_0035;;;25F91;20250616;EcritureLib_0976;;0,00;282,99;C;;;
CM;Banque CM;;20250616;51200000;CompteLib_0020;;;25F91;20250616;EcritureLib_0976;;282,99;0,00;D;;;
CM;Banque CM;;20250616;51180000;CompteLib_0035;;;25F92;20250616;EcritureLib_0975;;0,00;10,90;C;;;
CM;Banque CM;;20250616;51200000;CompteLib_0020;;;25F92;20250616;EcritureLib_0975;;10,90;0,00;D;;;
CM;Banque CM;;20250616;62700000;CompteLib_0036;;;25F93;20250616;EcritureLib_0977;;0,07;0,00;D;;;
CM;Banque CM;;20250616;51200000;CompteLib_0020;;;25F93;20250616;EcritureLib_0977;;0,00;0,07;C;;;
CM;Banque CM;;20250616;62700000;CompteLib_0036;;;25F94;20250616;EcritureLib_0978;;2,23;0,00;D;;;
CM;Banque CM;;20250616;51200000;CompteLib_0020;;;25F94;20250616;EcritureLib_0978;;0,00;2,23;C;;;
CM;Banque CM;;20250616;62700000;CompteLib_0036;;;25F95;20250616;EcritureLib_0977;;1,09;0,00;D;;;
CM;Banque CM;;20250616;51200000;CompteLib_0020;;;25F95;20250616;EcritureLib_0977;;0,00;1,09;C;;;
CM;Banque CM;;20250616;51180000;CompteLib_0035;;;25F96;20250616;EcritureLib_0979;;0,00;21,40;C;;;
CM;Banque CM;;20250616;51200000;CompteLib_0020;;;25F96;20250616;EcritureLib_0979;;21,40;0,00;D;;;
CM;Banque CM;;20250616;51180000;CompteLib_0035;;;25F97;20250616;EcritureLib_0979;;0,00;19,50;C;;;
CM;Banque CM;;20250616;51200000;CompteLib_0020;;;25F97;20250616;EcritureLib_0979;;19,50;0,00;D;;;
CM;Banque CM;;20250616;62700000;CompteLib_0036;;;25F98;20250616;EcritureLib_0980;;0,13;0,00;D;;;
CM;Banque CM;;20250616;51200000;CompteLib_0020;;;25F98;20250616;EcritureLib_0980;;0,00;0,13;C;;;
CM;Banque CM;;20250616;62700000;CompteLib_0036;;;25F99;20250616;EcritureLib_0980;;0,14;0,00;D;;;
CM;Banque CM;;20250616;51200000;CompteLib_0020;;;25F99;20250616;EcritureLib_0980;;0,00;0,14;C;;;
CM;Banque CM;;20250616;70180200;CompteLib_0043;;;25F100;20250616;EcritureLib_0981;;0,00;38,41;C;;;
CM;Banque CM;;20250616;44571100;CompteLib_0016;;;25F100;20250616;EcritureLib_0981;;0,00;3,84;C;;;
CM;Banque CM;;20250616;51200000;CompteLib_0020;;;25F100;20250616;EcritureLib_0981;;42,25;0,00;D;;;
CM;Banque CM;;20250616;40100000;CompteLib_0011;FACTION;ACTION;25F101;20250616;EcritureLib_0982;;189,00;0,00;D;;;
CM;Banque CM;;20250616;51200000;CompteLib_0020;;;25F101;20250616;EcritureLib_0982;;0,00;189,00;C;;;
CM;Banque CM;;20250616;40100000;CompteLib_0011;401RESTA;RESTAURANT;25F102;20250616;EcritureLib_0983;;91,94;0,00;D;;;
CM;Banque CM;;20250616;51200000;CompteLib_0020;;;25F102;20250616;EcritureLib_0983;;0,00;91,94;C;;;
CM;Banque CM;;20250617;51120000;CompteLib_0037;;;25F104;20250617;EcritureLib_0984;;0,00;30,19;C;;;
CM;Banque CM;;20250617;51200000;CompteLib_0020;;;25F104;20250617;EcritureLib_0984;;30,19;0,00;D;;;
CM;Banque CM;;20250617;51180000;CompteLib_0035;;;25F105;20250617;EcritureLib_0985;;0,00;152,29;C;;;
CM;Banque CM;;20250617;51200000;CompteLib_0020;;;25F105;20250617;EcritureLib_0985;;152,29;0,00;D;;;
CM;Banque CM;;20250617;51180000;CompteLib_0035;;;25F106;20250617;EcritureLib_0985;;0,00;12,50;C;;;
CM;Banque CM;;20250617;51200000;CompteLib_0020;;;25F106;20250617;EcritureLib_0985;;12,50;0,00;D;;;
CM;Banque CM;;20250617;62700000;CompteLib_0036;;;25F107;20250617;EcritureLib_0986;;0,08;0,00;D;;;
CM;Banque CM;;20250617;51200000;CompteLib_0020;;;25F107;20250617;EcritureLib_0986;;0,00;0,08;C;;;
CM;Banque CM;;20250617;62700000;CompteLib_0036;;;25F108;20250617;EcritureLib_0986;;0,96;0,00;D;;;
CM;Banque CM;;20250617;51200000;CompteLib_0020;;;25F108;20250617;EcritureLib_0986;;0,00;0,96;C;;;
CM;Banque CM;;20250617;40100000;CompteLib_0011;FLIDL;LIDL;25F109;20250617;EcritureLib_0987;;18,58;0,00;D;;;
CM;Banque CM;;20250617;51200000;CompteLib_0020;;;25F109;20250617;EcritureLib_0987;;0,00;18,58;C;;;
CM;Banque CM;;20250618;40100000;CompteLib_0011;FFREE;FREE;25F112;20250618;EcritureLib_0468;;10,56;0,00;D;;;
CM;Banque CM;;20250618;51200000;CompteLib_0020;;;25F112;20250618;EcritureLib_0468;;0,00;10,56;C;;;
CM;Banque CM;;20250618;51120000;CompteLib_0037;;;25F113;20250618;EcritureLib_0988;;0,00;89,01;C;;;
CM;Banque CM;;20250618;51200000;CompteLib_0020;;;25F113;20250618;EcritureLib_0988;;89,01;0,00;D;;;
CM;Banque CM;;20250618;51180000;CompteLib_0035;;;25F114;20250618;EcritureLib_0989;;0,00;14,00;C;;;
CM;Banque CM;;20250618;51200000;CompteLib_0020;;;25F114;20250618;EcritureLib_0989;;14,00;0,00;D;;;
CM;Banque CM;;20250618;51180000;CompteLib_0035;;;25F115;20250618;EcritureLib_0989;;0,00;66,40;C;;;
CM;Banque CM;;20250618;51200000;CompteLib_0020;;;25F115;20250618;EcritureLib_0989;;66,40;0,00;D;;;
CM;Banque CM;;20250618;62700000;CompteLib_0036;;;25F116;20250618;EcritureLib_0990;;0,40;0,00;D;;;
CM;Banque CM;;20250618;51200000;CompteLib_0020;;;25F116;20250618;EcritureLib_0990;;0,00;0,40;C;;;
CM;Banque CM;;20250618;62700000;CompteLib_0036;;;25F117;20250618;EcritureLib_0990;;0,09;0,00;D;;;
CM;Banque CM;;20250618;51200000;CompteLib_0020;;;25F117;20250618;EcritureLib_0990;;0,00;0,09;C;;;
CM;Banque CM;;20250618;47100000;CompteLib_0044;;;25F118;20250618;EcritureLib_0991;;300,00;0,00;D;;;
CM;Banque CM;;20250618;51200000;CompteLib_0020;;;25F118;20250618;EcritureLib_0991;;0,00;300,00;C;;;
CM;Banque CM;;20250618;40100000;CompteLib_0011;FINTERRESTO;INTER RESTO;25F119;20250618;EcritureLib_0992;;122,09;0,00;D;;T;20251015
CM;Banque CM;;20250618;51200000;CompteLib_0020;;;25F119;20250618;EcritureLib_0992;;0,00;122,09;C;;;
CM;Banque CM;;20250618;40100000;CompteLib_0011;FPROMOCASH;PROMOCASH;25F120;20250618;EcritureLib_0993;;139,20;0,00;D;;P;20250625
CM;Banque CM;;20250618;51200000;CompteLib_0020;;;25F120;20250618;EcritureLib_0993;;0,00;139,20;C;;;
CM;Banque CM;;20250619;51120000;CompteLib_0037;;;25F121;20250619;EcritureLib_0994;;0,00;43,44;C;;;
CM;Banque CM;;20250619;51200000;CompteLib_0020;;;25F121;20250619;EcritureLib_0994;;43,44;0,00;D;;;
CM;Banque CM;;20250619;51120000;CompteLib_0037;;;25F122;20250619;EcritureLib_0995;;0,00;23,66;C;;;
CM;Banque CM;;20250619;51200000;CompteLib_0020;;;25F122;20250619;EcritureLib_0995;;23,66;0,00;D;;;
CM;Banque CM;;20250619;51180000;CompteLib_0035;;;25F123;20250619;EcritureLib_0996;;0,00;54,00;C;;;
CM;Banque CM;;20250619;51200000;CompteLib_0020;;;25F123;20250619;EcritureLib_0996;;54,00;0,00;D;;;
CM;Banque CM;;20250619;51180000;CompteLib_0035;;;25F124;20250619;EcritureLib_0996;;0,00;145,98;C;;;
CM;Banque CM;;20250619;51200000;CompteLib_0020;;;25F124;20250619;EcritureLib_0996;;145,98;0,00;D;;;
CM;Banque CM;;20250619;62700000;CompteLib_0036;;;25F125;20250619;EcritureLib_0997;;0,92;0,00;D;;;
CM;Banque CM;;20250619;51200000;CompteLib_0020;;;25F125;20250619;EcritureLib_0997;;0,00;0,92;C;;;
CM;Banque CM;;20250619;62700000;CompteLib_0036;;;25F126;20250619;EcritureLib_0997;;0,27;0,00;D;;;
CM;Banque CM;;20250619;51200000;CompteLib_0020;;;25F126;20250619;EcritureLib_0997;;0,00;0,27;C;;;
CM;Banque CM;;20250620;51120000;CompteLib_0037;;;25F129;20250620;EcritureLib_0998;;0,00;34,26;C;;;
CM;Banque CM;;20250620;51200000;CompteLib_0020;;;25F129;20250620;EcritureLib_0998;;34,26;0,00;D;;;
CM;Banque CM;;20250620;51180000;CompteLib_0035;;;25F130;20250620;EcritureLib_0999;;0,00;194,65;C;;;
CM;Banque CM;;20250620;51200000;CompteLib_0020;;;25F130;20250620;EcritureLib_0999;;194,65;0,00;D;;;
CM;Banque CM;;20250620;62700000;CompteLib_0036;;;25F131;20250620;EcritureLib_1000;;1,20;0,00;D;;;
CM;Banque CM;;20250620;51200000;CompteLib_0020;;;25F131;20250620;EcritureLib_1000;;0,00;1,20;C;;;
CM;Banque CM;;20250620;40100000;CompteLib_0011;FPROMOCASH;PROMOCASH;25F132;20250620;EcritureLib_1001;;32,17;0,00;D;;O;20250625
CM;Banque CM;;20250620;51200000;CompteLib_0020;;;25F132;20250620;EcritureLib_1001;;0,00;32,17;C;;;
CM;Banque CM;;20250620;40100000;CompteLib_0011;FINTERRESTO;INTER RESTO;25F133;20250620;EcritureLib_1002;;104,05;0,00;D;;K;20251015
CM;Banque CM;;20250620;51200000;CompteLib_0020;;;25F133;20250620;EcritureLib_1002;;0,00;104,05;C;;;
CM;Banque CM;;20250623;51180000;CompteLib_0035;;;25F136;20250623;EcritureLib_1003;;0,00;287,59;C;;;
CM;Banque CM;;20250623;51200000;CompteLib_0020;;;25F136;20250623;EcritureLib_1003;;287,59;0,00;D;;;
CM;Banque CM;;20250623;51180000;CompteLib_0035;;;25F137;20250623;EcritureLib_1004;;0,00;72,00;C;;;
CM;Banque CM;;20250623;51200000;CompteLib_0020;;;25F137;20250623;EcritureLib_1004;;72,00;0,00;D;;;
CM;Banque CM;;20250623;51180000;CompteLib_0035;;;25F138;20250623;EcritureLib_1003;;0,00;141,00;C;;;
CM;Banque CM;;20250623;51200000;CompteLib_0020;;;25F138;20250623;EcritureLib_1003;;141,00;0,00;D;;;
CM;Banque CM;;20250623;62700000;CompteLib_0036;;;25F139;20250623;EcritureLib_1005;;0,65;0,00;D;;;
CM;Banque CM;;20250623;51200000;CompteLib_0020;;;25F139;20250623;EcritureLib_1005;;0,00;0,65;C;;;
CM;Banque CM;;20250623;62700000;CompteLib_0036;;;25F140;20250623;EcritureLib_1006;;0,39;0,00;D;;;
CM;Banque CM;;20250623;51200000;CompteLib_0020;;;25F140;20250623;EcritureLib_1006;;0,00;0,39;C;;;
CM;Banque CM;;20250623;62700000;CompteLib_0036;;;25F141;20250623;EcritureLib_1005;;1,68;0,00;D;;;
CM;Banque CM;;20250623;51200000;CompteLib_0020;;;25F141;20250623;EcritureLib_1005;;0,00;1,68;C;;;
CM;Banque CM;;20250623;51120000;CompteLib_0037;;;25F142;20250623;EcritureLib_1007;;0,00;23,80;C;;;
CM;Banque CM;;20250623;51200000;CompteLib_0020;;;25F142;20250623;EcritureLib_1007;;23,80;0,00;D;;;
CM;Banque CM;;20250623;51180000;CompteLib_0035;;;25F143;20250623;EcritureLib_1008;;0,00;50,40;C;;;
CM;Banque CM;;20250623;51200000;CompteLib_0020;;;25F143;20250623;EcritureLib_1008;;50,40;0,00;D;;;
CM;Banque CM;;20250623;51180000;CompteLib_0035;;;25F144;20250623;EcritureLib_1008;;0,00;37,80;C;;;
CM;Banque CM;;20250623;51200000;CompteLib_0020;;;25F144;20250623;EcritureLib_1008;;37,80;0,00;D;;;
CM;Banque CM;;20250623;62700000;CompteLib_0036;;;25F145;20250623;EcritureLib_1009;;0,20;0,00;D;;;
CM;Banque CM;;20250623;51200000;CompteLib_0020;;;25F145;20250623;EcritureLib_1009;;0,00;0,20;C;;;
CM;Banque CM;;20250623;62700000;CompteLib_0036;;;25F146;20250623;EcritureLib_1009;;0,34;0,00;D;;;
CM;Banque CM;;20250623;51200000;CompteLib_0020;;;25F146;20250623;EcritureLib_1009;;0,00;0,34;C;;;
CM;Banque CM;;20250623;70180200;CompteLib_0043;;;25F147;20250623;EcritureLib_1010;;0,00;46,89;C;;;
CM;Banque CM;;20250623;44571100;CompteLib_0016;;;25F147;20250623;EcritureLib_1010;;0,00;4,69;C;;;
CM;Banque CM;;20250623;51200000;CompteLib_0020;;;25F147;20250623;EcritureLib_1010;;51,58;0,00;D;;;
CM;Banque CM;;20250623;40100000;CompteLib_0011;FAUCHAN;AUCHAN;25F148;20250623;EcritureLib_1011;;55,14;0,00;D;;;
CM;Banque CM;;20250623;51200000;CompteLib_0020;;;25F148;20250623;EcritureLib_1011;;0,00;55,14;C;;;
CM;Banque CM;;20250624;40100000;CompteLib_0011;FSTC;STC;25F149;20250624;EcritureLib_0262;;253,20;0,00;D;;;
CM;Banque CM;;20250624;51200000;CompteLib_0020;;;25F149;20250624;EcritureLib_0262;;0,00;253,20;C;;;
CM;Banque CM;;20250624;51180000;CompteLib_0035;;;25F150;20250624;EcritureLib_1012;;0,00;33,00;C;;;
CM;Banque CM;;20250624;51200000;CompteLib_0020;;;25F150;20250624;EcritureLib_1012;;33,00;0,00;D;;;
CM;Banque CM;;20250624;51180000;CompteLib_0035;;;25F151;20250624;EcritureLib_1012;;0,00;355,09;C;;;
CM;Banque CM;;20250624;51200000;CompteLib_0020;;;25F151;20250624;EcritureLib_1012;;355,09;0,00;D;;;
CM;Banque CM;;20250624;62700000;CompteLib_0036;;;25F152;20250624;EcritureLib_1013;;2,28;0,00;D;;;
CM;Banque CM;;20250624;51200000;CompteLib_0020;;;25F152;20250624;EcritureLib_1013;;0,00;2,28;C;;;
CM;Banque CM;;20250624;62700000;CompteLib_0036;;;25F153;20250624;EcritureLib_1013;;0,22;0,00;D;;;
CM;Banque CM;;20250624;51200000;CompteLib_0020;;;25F153;20250624;EcritureLib_1013;;0,00;0,22;C;;;
CM;Banque CM;;20250624;40100000;CompteLib_0011;401RESTA;RESTAURANT;25F154;20250624;EcritureLib_1014;;2,70;0,00;D;;;
CM;Banque CM;;20250624;51200000;CompteLib_0020;;;25F154;20250624;EcritureLib_1014;;0,00;2,70;C;;;
CM;Banque CM;;20250625;40100000;CompteLib_0011;FSTC;STC;25F155;20250625;EcritureLib_0262;;204,60;0,00;D;;;
CM;Banque CM;;20250625;51200000;CompteLib_0020;;;25F155;20250625;EcritureLib_0262;;0,00;204,60;C;;;
CM;Banque CM;;20250625;51180000;CompteLib_0035;;;25F156;20250625;EcritureLib_1015;;0,00;254,07;C;;;
CM;Banque CM;;20250625;51200000;CompteLib_0020;;;25F156;20250625;EcritureLib_1015;;254,07;0,00;D;;;
CM;Banque CM;;20250625;62700000;CompteLib_0036;;;25F157;20250625;EcritureLib_1016;;1,75;0,00;D;;;
CM;Banque CM;;20250625;51200000;CompteLib_0020;;;25F157;20250625;EcritureLib_1016;;0,00;1,75;C;;;
CM;Banque CM;;20250625;40100000;CompteLib_0011;FPROMOCASH;PROMOCASH;25F158;20250625;EcritureLib_1017;;285,44;0,00;D;;Q;20250627
CM;Banque CM;;20250625;51200000;CompteLib_0020;;;25F158;20250625;EcritureLib_1017;;0,00;285,44;C;;;
CM;Banque CM;;20250626;51120000;CompteLib_0037;;;25F159;20250626;EcritureLib_1018;;0,00;23,49;C;;;
CM;Banque CM;;20250626;51200000;CompteLib_0020;;;25F159;20250626;EcritureLib_1018;;23,49;0,00;D;;;
CM;Banque CM;;20250626;51120000;CompteLib_0037;;;25F160;20250626;EcritureLib_1019;;0,00;87,04;C;;;
CM;Banque CM;;20250626;51200000;CompteLib_0020;;;25F160;20250626;EcritureLib_1019;;87,04;0,00;D;;;
CM;Banque CM;;20250626;51120000;CompteLib_0037;;;25F161;20250626;EcritureLib_1020;;0,00;50,96;C;;;
CM;Banque CM;;20250626;51200000;CompteLib_0020;;;25F161;20250626;EcritureLib_1020;;50,96;0,00;D;;;
CM;Banque CM;;20250626;51180000;CompteLib_0035;;;25F162;20250626;EcritureLib_1021;;0,00;140,10;C;;;
CM;Banque CM;;20250626;51200000;CompteLib_0020;;;25F162;20250626;EcritureLib_1021;;140,10;0,00;D;;;
CM;Banque CM;;20250626;51180000;CompteLib_0035;;;25F163;20250626;EcritureLib_1021;;0,00;15,50;C;;;
CM;Banque CM;;20250626;51200000;CompteLib_0020;;;25F163;20250626;EcritureLib_1021;;15,50;0,00;D;;;
CM;Banque CM;;20250626;62700000;CompteLib_0036;;;25F164;20250626;EcritureLib_1022;;0,11;0,00;D;;;
CM;Banque CM;;20250626;51200000;CompteLib_0020;;;25F164;20250626;EcritureLib_1022;;0,00;0,11;C;;;
CM;Banque CM;;20250626;62700000;CompteLib_0036;;;25F165;20250626;EcritureLib_1022;;0,81;0,00;D;;;
CM;Banque CM;;20250626;51200000;CompteLib_0020;;;25F165;20250626;EcritureLib_1022;;0,00;0,81;C;;;
CM;Banque CM;;20250626;40100000;CompteLib_0011;FMETRO;METRO;25F166;20250626;EcritureLib_1023;;32,98;0,00;D;;;
CM;Banque CM;;20250626;51200000;CompteLib_0020;;;25F166;20250626;EcritureLib_1023;;0,00;32,98;C;;;
CM;Banque CM;;20250626;40100000;CompteLib_0011;401RESTA;RESTAURANT;25F167;20250626;EcritureLib_1024;;63,80;0,00;D;;;
CM;Banque CM;;20250626;51200000;CompteLib_0020;;;25F167;20250626;EcritureLib_1024;;0,00;63,80;C;;;
CM;Banque CM;;20250626;401TAXI;CompteLib_0047;;;25F168;20250626;EcritureLib_1025;;88,00;0,00;D;;;
CM;Banque CM;;20250626;51200000;CompteLib_0020;;;25F168;20250626;EcritureLib_1025;;0,00;88,00;C;;;
CM;Banque CM;;20250627;51180000;CompteLib_0035;;;25F169;20250627;EcritureLib_1026;;0,00;153,40;C;;;
CM;Banque CM;;20250627;51200000;CompteLib_0020;;;25F169;20250627;EcritureLib_1026;;153,40;0,00;D;;;
CM;Banque CM;;20250627;51180000;CompteLib_0035;;;25F170;20250627;EcritureLib_1026;;0,00;48,90;C;;;
CM;Banque CM;;20250627;51200000;CompteLib_0020;;;25F170;20250627;EcritureLib_1026;;48,90;0,00;D;;;
CM;Banque CM;;20250627;62700000;CompteLib_0036;;;25F171;20250627;EcritureLib_1027;;0,84;0,00;D;;;
CM;Banque CM;;20250627;51200000;CompteLib_0020;;;25F171;20250627;EcritureLib_1027;;0,00;0,84;C;;;
CM;Banque CM;;20250627;62700000;CompteLib_0036;;;25F172;20250627;EcritureLib_1027;;1,02;0,00;D;;;
CM;Banque CM;;20250627;51200000;CompteLib_0020;;;25F172;20250627;EcritureLib_1027;;0,00;1,02;C;;;
CM;Banque CM;;20250627;40100000;CompteLib_0011;401RESTA;RESTAURANT;25F173;20250627;EcritureLib_1028;;5,16;0,00;D;;;
CM;Banque CM;;20250627;51200000;CompteLib_0020;;;25F173;20250627;EcritureLib_1028;;0,00;5,16;C;;;
CM;Banque CM;;20250630;51180000;CompteLib_0035;;;25F177;20250630;EcritureLib_1029;;0,00;1,20;C;;;
CM;Banque CM;;20250630;51200000;CompteLib_0020;;;25F177;20250630;EcritureLib_1029;;1,20;0,00;D;;;
CM;Banque CM;;20250630;51180000;CompteLib_0035;;;25F178;20250630;EcritureLib_1030;;0,00;152,40;C;;;
CM;Banque CM;;20250630;51200000;CompteLib_0020;;;25F178;20250630;EcritureLib_1030;;152,40;0,00;D;;;
CM;Banque CM;;20250630;51180000;CompteLib_0035;;;25F179;20250630;EcritureLib_1030;;0,00;94,50;C;;;
CM;Banque CM;;20250630;51200000;CompteLib_0020;;;25F179;20250630;EcritureLib_1030;;94,50;0,00;D;;;
CM;Banque CM;;20250630;51180000;CompteLib_0035;;;25F180;20250630;EcritureLib_1029;;0,00;82,20;C;;;
CM;Banque CM;;20250630;51200000;CompteLib_0020;;;25F180;20250630;EcritureLib_1029;;82,20;0,00;D;;;
CM;Banque CM;;20250630;62700000;CompteLib_0036;;;25F181;20250630;EcritureLib_1031;;0,51;0,00;D;;;
CM;Banque CM;;20250630;51200000;CompteLib_0020;;;25F181;20250630;EcritureLib_1031;;0,00;0,51;C;;;
CM;Banque CM;;20250630;62700000;CompteLib_0036;;;25F182;20250630;EcritureLib_1032;;0,52;0,00;D;;;
CM;Banque CM;;20250630;51200000;CompteLib_0020;;;25F182;20250630;EcritureLib_1032;;0,00;0,52;C;;;
CM;Banque CM;;20250630;62700000;CompteLib_0036;;;25F183;20250630;EcritureLib_1032;;1,05;0,00;D;;;
CM;Banque CM;;20250630;51200000;CompteLib_0020;;;25F183;20250630;EcritureLib_1032;;0,00;1,05;C;;;
CM;Banque CM;;20250630;62700000;CompteLib_0036;;;25F184;20250630;EcritureLib_1031;;0,03;0,00;D;;;
CM;Banque CM;;20250630;51200000;CompteLib_0020;;;25F184;20250630;EcritureLib_1031;;0,00;0,03;C;;;
CM;Banque CM;;20250630;51180000;CompteLib_0035;;;25F185;20250630;EcritureLib_1033;;0,00;84,00;C;;;
CM;Banque CM;;20250630;51200000;CompteLib_0020;;;25F185;20250630;EcritureLib_1033;;84,00;0,00;D;;;
CM;Banque CM;;20250630;51180000;CompteLib_0035;;;25F186;20250630;EcritureLib_1033;;0,00;7,90;C;;;
CM;Banque CM;;20250630;51200000;CompteLib_0020;;;25F186;20250630;EcritureLib_1033;;7,90;0,00;D;;;
CM;Banque CM;;20250630;62700000;CompteLib_0036;;;25F187;20250630;EcritureLib_1034;;0,06;0,00;D;;;
CM;Banque CM;;20250630;51200000;CompteLib_0020;;;25F187;20250630;EcritureLib_1034;;0,00;0,06;C;;;
CM;Banque CM;;20250630;62700000;CompteLib_0036;;;25F188;20250630;EcritureLib_1034;;0,59;0,00;D;;;
CM;Banque CM;;20250630;51200000;CompteLib_0020;;;25F188;20250630;EcritureLib_1034;;0,00;0,59;C;;;
CM;Banque CM;;20250630;70180200;CompteLib_0043;;;25F189;20250630;EcritureLib_1035;;0,00;125,55;C;;;
CM;Banque CM;;20250630;44571100;CompteLib_0016;;;25F189;20250630;EcritureLib_1035;;0,00;12,56;C;;;
CM;Banque CM;;20250630;51200000;CompteLib_0020;;;25F189;20250630;EcritureLib_1035;;138,11;0,00;D;;;
CM;Banque CM;;20250630;40100000;CompteLib_0011;FINTERRESTO;INTER RESTO;25F190;20250630;EcritureLib_1036;;141,07;0,00;D;;J;20251015
CM;Banque CM;;20250630;51200000;CompteLib_0020;;;25F190;20250630;EcritureLib_1036;;0,00;141,07;C;;;
CM;Banque CM;;20250630;47100000;CompteLib_0044;;;25F191;20250630;EcritureLib_1037;;17,47;0,00;D;;;
CM;Banque CM;;20250630;51200000;CompteLib_0020;;;25F191;20250630;EcritureLib_1037;;0,00;17,47;C;;;
CM;Banque CM;;20250630;40100000;CompteLib_0011;FLIDL;LIDL;25F192;20250630;EcritureLib_1038;;11,30;0,00;D;;;
CM;Banque CM;;20250630;51200000;CompteLib_0020;;;25F192;20250630;EcritureLib_1038;;0,00;11,30;C;;;
CM;Banque CM;;20250630;40100000;CompteLib_0011;FMETRO;METRO;25F193;20250630;EcritureLib_1039;;52,15;0,00;D;;;
CM;Banque CM;;20250630;51200000;CompteLib_0020;;;25F193;20250630;EcritureLib_1039;;0,00;52,15;C;;;
CM;Banque CM;;20250630;40100000;CompteLib_0011;FINTERRESTO;INTER RESTO;25F194;20250630;EcritureLib_1040;;6,05;0,00;D;;P;20251015
CM;Banque CM;;20250630;51200000;CompteLib_0020;;;25F194;20250630;EcritureLib_1040;;0,00;6,05;C;;;
CM;Banque CM;;20250630;40100000;CompteLib_0011;FPROMOCASH;PROMOCASH;25F195;20250630;EcritureLib_1041;;183,93;0,00;D;;R;20250704
CM;Banque CM;;20250630;51200000;CompteLib_0020;;;25F195;20250630;EcritureLib_1041;;0,00;183,93;C;;;
CM;Banque CM;;20250701;51180000;CompteLib_0035;;;25G1;20250701;EcritureLib_1042;;0,00;146,00;C;;;
CM;Banque CM;;20250701;51200000;CompteLib_0020;;;25G1;20250701;EcritureLib_1042;;146,00;0,00;D;;;
CM;Banque CM;;20250701;51180000;CompteLib_0035;;;25G2;20250701;EcritureLib_1042;;0,00;33,70;C;;;
CM;Banque CM;;20250701;51200000;CompteLib_0020;;;25G2;20250701;EcritureLib_1042;;33,70;0,00;D;;;
CM;Banque CM;;20250701;62700000;CompteLib_0036;;;25G3;20250701;EcritureLib_1043;;0,21;0,00;D;;;
CM;Banque CM;;20250701;51200000;CompteLib_0020;;;25G3;20250701;EcritureLib_1043;;0,00;0,21;C;;;
CM;Banque CM;;20250701;62700000;CompteLib_0036;;;25G4;20250701;EcritureLib_1043;;1,07;0,00;D;;;
CM;Banque CM;;20250701;51200000;CompteLib_0020;;;25G4;20250701;EcritureLib_1043;;0,00;1,07;C;;;
CM;Banque CM;;20250701;40100000;CompteLib_0011;FTOTAL;TOTAL ENERGIES ;25G5;20250701;EcritureLib_0127;;270,69;0,00;D;;G;20250704
CM;Banque CM;;20250701;51200000;CompteLib_0020;;;25G5;20250701;EcritureLib_0127;;0,00;270,69;C;;;
CM;Banque CM;;20250701;47100000;CompteLib_0044;;;25G6;20250701;EcritureLib_1044;;146,00;0,00;D;;;
CM;Banque CM;;20250701;51200000;CompteLib_0020;;;25G6;20250701;EcritureLib_1044;;0,00;146,00;C;;;
CM;Banque CM;;20250702;51180000;CompteLib_0035;;;25G7;20250702;EcritureLib_1045;;0,00;142,00;C;;;
CM;Banque CM;;20250702;51200000;CompteLib_0020;;;25G7;20250702;EcritureLib_1045;;142,00;0,00;D;;;
CM;Banque CM;;20250702;62700000;CompteLib_0036;;;25G8;20250702;EcritureLib_1046;;0,94;0,00;D;;;
CM;Banque CM;;20250702;51200000;CompteLib_0020;;;25G8;20250702;EcritureLib_1046;;0,00;0,94;C;;;
CM;Banque CM;;20250702;40100000;CompteLib_0011;FLIDL;LIDL;25G9;20250702;EcritureLib_1047;;10,77;0,00;D;;;
CM;Banque CM;;20250702;51200000;CompteLib_0020;;;25G9;20250702;EcritureLib_1047;;0,00;10,77;C;;;
CM;Banque CM;;20250702;62700000;CompteLib_0036;;;25G10;20250702;EcritureLib_1048;;28,38;0,00;D;;;
CM;Banque CM;;20250702;51200000;CompteLib_0020;;;25G10;20250702;EcritureLib_1048;;0,00;28,38;C;;;
CM;Banque CM;;20250703;40100000;CompteLib_0011;401POSTE;LA POSTE;25G14;20250703;EcritureLib_0100;;4,99;0,00;D;;;
CM;Banque CM;;20250703;51200000;CompteLib_0020;;;25G14;20250703;EcritureLib_0100;;0,00;4,99;C;;;
CM;Banque CM;;20250703;51120000;CompteLib_0037;;;25G15;20250703;EcritureLib_1049;;0,00;10,47;C;;;
CM;Banque CM;;20250703;51200000;CompteLib_0020;;;25G15;20250703;EcritureLib_1049;;10,47;0,00;D;;;
CM;Banque CM;;20250703;51120000;CompteLib_0037;;;25G16;20250703;EcritureLib_1050;;0,00;10,50;C;;;
CM;Banque CM;;20250703;51200000;CompteLib_0020;;;25G16;20250703;EcritureLib_1050;;10,50;0,00;D;;;
CM;Banque CM;;20250703;51180000;CompteLib_0035;;;25G17;20250703;EcritureLib_1051;;0,00;36,70;C;;;
CM;Banque CM;;20250703;51200000;CompteLib_0020;;;25G17;20250703;EcritureLib_1051;;36,70;0,00;D;;;
CM;Banque CM;;20250703;62700000;CompteLib_0036;;;25G18;20250703;EcritureLib_1052;;0,20;0,00;D;;;
CM;Banque CM;;20250703;51200000;CompteLib_0020;;;25G18;20250703;EcritureLib_1052;;0,00;0,20;C;;;
CM;Banque CM;;20250703;61600000;CompteLib_0038;;;25G19;20250703;EcritureLib_0103;;25,90;0,00;D;;;
CM;Banque CM;;20250703;51200000;CompteLib_0020;;;25G19;20250703;EcritureLib_0103;;0,00;25,90;C;;;
CM;Banque CM;;20250703;70180100;CompteLib_0039;;;25G20;20250703;EcritureLib_1053;;0,00;42,15;C;;;
CM;Banque CM;;20250703;44571100;CompteLib_0016;;;25G20;20250703;EcritureLib_1053;;0,00;4,22;C;;;
CM;Banque CM;;20250703;51200000;CompteLib_0020;;;25G20;20250703;EcritureLib_1053;;46,37;0,00;D;;;
CM;Banque CM;;20250703;40100000;CompteLib_0011;FPROMOCASH;PROMOCASH;25G21;20250703;EcritureLib_1054;;273,71;0,00;D;;U;20250729
CM;Banque CM;;20250703;51200000;CompteLib_0020;;;25G21;20250703;EcritureLib_1054;;0,00;273,71;C;;;
CM;Banque CM;;20250704;40100000;CompteLib_0011;FFREE;FREE;25G25;20250704;EcritureLib_1055;;29,99;0,00;D;;G;20250729
CM;Banque CM;;20250704;51200000;CompteLib_0020;;;25G25;20250704;EcritureLib_1055;;0,00;29,99;C;;;
CM;Banque CM;;20250704;51120000;CompteLib_0037;;;25G26;20250704;EcritureLib_1056;;0,00;8,05;C;;;
CM;Banque CM;;20250704;51200000;CompteLib_0020;;;25G26;20250704;EcritureLib_1056;;8,05;0,00;D;;;
CM;Banque CM;;20250704;51180000;CompteLib_0035;;;25G27;20250704;EcritureLib_1057;;0,00;62,00;C;;;
CM;Banque CM;;20250704;51200000;CompteLib_0020;;;25G27;20250704;EcritureLib_1057;;62,00;0,00;D;;;
CM;Banque CM;;20250704;51180000;CompteLib_0035;;;25G28;20250704;EcritureLib_1057;;0,00;200,50;C;;;
CM;Banque CM;;20250704;51200000;CompteLib_0020;;;25G28;20250704;EcritureLib_1057;;200,50;0,00;D;;;
CM;Banque CM;;20250704;62700000;CompteLib_0036;;;25G29;20250704;EcritureLib_1058;;1,82;0,00;D;;;
CM;Banque CM;;20250704;51200000;CompteLib_0020;;;25G29;20250704;EcritureLib_1058;;0,00;1,82;C;;;
CM;Banque CM;;20250704;62700000;CompteLib_0036;;;25G30;20250704;EcritureLib_1058;;0,36;0,00;D;;;
CM;Banque CM;;20250704;51200000;CompteLib_0020;;;25G30;20250704;EcritureLib_1058;;0,00;0,36;C;;;
CM;Banque CM;;20250704;40100000;CompteLib_0011;401RESTA;RESTAURANT;25G31;20250704;EcritureLib_1059;;9,95;0,00;D;;;
CM;Banque CM;;20250704;51200000;CompteLib_0020;;;25G31;20250704;EcritureLib_1059;;0,00;9,95;C;;;
CM;Banque CM;;20250704;40100000;CompteLib_0011;FINTERRESTO;INTER RESTO;25G32;20250704;EcritureLib_1060;;124,11;0,00;D;;Z;20251112
CM;Banque CM;;20250704;51200000;CompteLib_0020;;;25G32;20250704;EcritureLib_1060;;0,00;124,11;C;;;
CM;Banque CM;;20250704;40100000;CompteLib_0011;FTOP;TOP CAISSE;25G33;20250704;EcritureLib_1061;;70,80;0,00;D;;A;20251015
CM;Banque CM;;20250704;51200000;CompteLib_0020;;;25G33;20250704;EcritureLib_1061;;0,00;70,80;C;;;
CM;Banque CM;;20250706;40100000;CompteLib_0011;401LOYER;LOYERS ET CHARGES;25G35;20250706;EcritureLib_1062;;1090,00;0,00;D;;;
CM;Banque CM;;20250706;51200000;CompteLib_0020;;;25G35;20250706;EcritureLib_1062;;0,00;1090,00;C;;;
CM;Banque CM;;20250707;40100000;CompteLib_0011;FTILLER;TILLER;25G36;20250707;EcritureLib_0290;;58,80;0,00;D;;;
CM;Banque CM;;20250707;51200000;CompteLib_0020;;;25G36;20250707;EcritureLib_0290;;0,00;58,80;C;;;
CM;Banque CM;;20250707;51180000;CompteLib_0035;;;25G37;20250707;EcritureLib_1063;;0,00;257,79;C;;;
CM;Banque CM;;20250707;51200000;CompteLib_0020;;;25G37;20250707;EcritureLib_1063;;257,79;0,00;D;;;
CM;Banque CM;;20250707;51180000;CompteLib_0035;;;25G38;20250707;EcritureLib_1064;;0,00;237,79;C;;;
CM;Banque CM;;20250707;51200000;CompteLib_0020;;;25G38;20250707;EcritureLib_1064;;237,79;0,00;D;;;
CM;Banque CM;;20250707;51180000;CompteLib_0035;;;25G39;20250707;EcritureLib_1063;;0,00;44,50;C;;;
CM;Banque CM;;20250707;51200000;CompteLib_0020;;;25G39;20250707;EcritureLib_1063;;44,50;0,00;D;;;
CM;Banque CM;;20250707;51180000;CompteLib_0035;;;25G40;20250707;EcritureLib_1064;;0,00;247,80;C;;;
CM;Banque CM;;20250707;51200000;CompteLib_0020;;;25G40;20250707;EcritureLib_1064;;247,80;0,00;D;;;
CM;Banque CM;;20250707;62700000;CompteLib_0036;;;25G41;20250707;EcritureLib_1065;;1,56;0,00;D;;;
CM;Banque CM;;20250707;51200000;CompteLib_0020;;;25G41;20250707;EcritureLib_1065;;0,00;1,56;C;;;
CM;Banque CM;;20250707;62700000;CompteLib_0036;;;25G42;20250707;EcritureLib_1066;;0,26;0,00;D;;;
CM;Banque CM;;20250707;51200000;CompteLib_0020;;;25G42;20250707;EcritureLib_1066;;0,00;0,26;C;;;
CM;Banque CM;;20250707;62700000;CompteLib_0036;;;25G43;20250707;EcritureLib_1065;;1,47;0,00;D;;;
CM;Banque CM;;20250707;51200000;CompteLib_0020;;;25G43;20250707;EcritureLib_1065;;0,00;1,47;C;;;
CM;Banque CM;;20250707;62700000;CompteLib_0036;;;25G44;20250707;EcritureLib_1066;;1,79;0,00;D;;;
CM;Banque CM;;20250707;51200000;CompteLib_0020;;;25G44;20250707;EcritureLib_1066;;0,00;1,79;C;;;
CM;Banque CM;;20250707;51180000;CompteLib_0035;;;25G45;20250707;EcritureLib_1067;;0,00;87,10;C;;;
CM;Banque CM;;20250707;51200000;CompteLib_0020;;;25G45;20250707;EcritureLib_1067;;87,10;0,00;D;;;
CM;Banque CM;;20250707;62700000;CompteLib_0036;;;25G46;20250707;EcritureLib_1068;;0,55;0,00;D;;;
CM;Banque CM;;20250707;51200000;CompteLib_0020;;;25G46;20250707;EcritureLib_1068;;0,00;0,55;C;;;
CM;Banque CM;;20250707;70180200;CompteLib_0043;;;25G47;20250707;EcritureLib_1069;;0,00;3,71;C;;;
CM;Banque CM;;20250707;44571100;CompteLib_0016;;;25G47;20250707;EcritureLib_1069;;0,00;0,37;C;;;
CM;Banque CM;;20250707;51200000;CompteLib_0020;;;25G47;20250707;EcritureLib_1069;;4,08;0,00;D;;;
CM;Banque CM;;20250707;40100000;CompteLib_0011;FTOP;TOP CAISSE;25G48;20250707;EcritureLib_1061;;70,00;0,00;D;;B;20251015
CM;Banque CM;;20250707;51200000;CompteLib_0020;;;25G48;20250707;EcritureLib_1061;;0,00;70,00;C;;;
CM;Banque CM;;20250707;40100000;CompteLib_0011;FENGIE;ENGIE;25G49;20250707;EcritureLib_1070;;45,57;0,00;D;;A;20250729
CM;Banque CM;;20250707;51200000;CompteLib_0020;;;25G49;20250707;EcritureLib_1070;;0,00;45,57;C;;;
CM;Banque CM;;20250707;40100000;CompteLib_0011;401RESTA;RESTAURANT;25G50;20250707;EcritureLib_1071;;70,10;0,00;D;;;
CM;Banque CM;;20250707;51200000;CompteLib_0020;;;25G50;20250707;EcritureLib_1071;;0,00;70,10;C;;;
CM;Banque CM;;20250707;40100000;CompteLib_0011;401RESTA;RESTAURANT;25G51;20250707;EcritureLib_1072;;16,25;0,00;D;;;
CM;Banque CM;;20250707;51200000;CompteLib_0020;;;25G51;20250707;EcritureLib_1072;;0,00;16,25;C;;;
CM;Banque CM;;20250707;40100000;CompteLib_0011;FINTERRESTO;INTER RESTO;25G52;20250707;EcritureLib_1073;;233,31;0,00;D;;S;20251015
CM;Banque CM;;20250707;51200000;CompteLib_0020;;;25G52;20250707;EcritureLib_1073;;0,00;233,31;C;;;
CM;Banque CM;;20250707;401TAXI;CompteLib_0047;;;25G53;20250707;EcritureLib_1074;;39,00;0,00;D;;;
CM;Banque CM;;20250707;51200000;CompteLib_0020;;;25G53;20250707;EcritureLib_1074;;0,00;39,00;C;;;
CM;Banque CM;;20250707;40100000;CompteLib_0011;FLIDL;LIDL;25G54;20250707;EcritureLib_1075;;9,87;0,00;D;;;
CM;Banque CM;;20250707;51200000;CompteLib_0020;;;25G54;20250707;EcritureLib_1075;;0,00;9,87;C;;;
CM;Banque CM;;20250708;51120000;CompteLib_0037;;;25G56;20250708;EcritureLib_1076;;0,00;107,67;C;;;
CM;Banque CM;;20250708;51200000;CompteLib_0020;;;25G56;20250708;EcritureLib_1076;;107,67;0,00;D;;;
CM;Banque CM;;20250708;51180000;CompteLib_0035;;;25G57;20250708;EcritureLib_1077;;0,00;23,30;C;;;
CM;Banque CM;;20250708;51200000;CompteLib_0020;;;25G57;20250708;EcritureLib_1077;;23,30;0,00;D;;;
CM;Banque CM;;20250708;51180000;CompteLib_0035;;;25G58;20250708;EcritureLib_1077;;0,00;126,10;C;;;
CM;Banque CM;;20250708;51200000;CompteLib_0020;;;25G58;20250708;EcritureLib_1077;;126,10;0,00;D;;;
CM;Banque CM;;20250708;62700000;CompteLib_0036;;;25G59;20250708;EcritureLib_1078;;0,85;0,00;D;;;
CM;Banque CM;;20250708;51200000;CompteLib_0020;;;25G59;20250708;EcritureLib_1078;;0,00;0,85;C;;;
CM;Banque CM;;20250708;62700000;CompteLib_0036;;;25G60;20250708;EcritureLib_1078;;0,15;0,00;D;;;
CM;Banque CM;;20250708;51200000;CompteLib_0020;;;25G60;20250708;EcritureLib_1078;;0,00;0,15;C;;;
CM;Banque CM;;20250708;40100000;CompteLib_0011;FLIDL;LIDL;25G61;20250708;EcritureLib_1079;;34,00;0,00;D;;;
CM;Banque CM;;20250708;51200000;CompteLib_0020;;;25G61;20250708;EcritureLib_1079;;0,00;34,00;C;;;
CM;Banque CM;;20250709;51120000;CompteLib_0037;;;25G62;20250709;EcritureLib_1080;;0,00;14,99;C;;;
CM;Banque CM;;20250709;51200000;CompteLib_0020;;;25G62;20250709;EcritureLib_1080;;14,99;0,00;D;;;
CM;Banque CM;;20250709;51180000;CompteLib_0035;;;25G63;20250709;EcritureLib_1081;;0,00;23,60;C;;;
CM;Banque CM;;20250709;51200000;CompteLib_0020;;;25G63;20250709;EcritureLib_1081;;23,60;0,00;D;;;
CM;Banque CM;;20250709;51180000;CompteLib_0035;;;25G64;20250709;EcritureLib_1081;;0,00;114,20;C;;;
CM;Banque CM;;20250709;51200000;CompteLib_0020;;;25G64;20250709;EcritureLib_1081;;114,20;0,00;D;;;
CM;Banque CM;;20250709;62700000;CompteLib_0036;;;25G65;20250709;EcritureLib_1082;;0,81;0,00;D;;;
CM;Banque CM;;20250709;51200000;CompteLib_0020;;;25G65;20250709;EcritureLib_1082;;0,00;0,81;C;;;
CM;Banque CM;;20250709;62700000;CompteLib_0036;;;25G66;20250709;EcritureLib_1082;;0,26;0,00;D;;;
CM;Banque CM;;20250709;51200000;CompteLib_0020;;;25G66;20250709;EcritureLib_1082;;0,00;0,26;C;;;
CM;Banque CM;;20250710;51120000;CompteLib_0037;;;25G69;20250710;EcritureLib_1083;;0,00;54,38;C;;;
CM;Banque CM;;20250710;51200000;CompteLib_0020;;;25G69;20250710;EcritureLib_1083;;54,38;0,00;D;;;
CM;Banque CM;;20250710;51120000;CompteLib_0037;;;25G70;20250710;EcritureLib_1084;;0,00;42,32;C;;;
CM;Banque CM;;20250710;51200000;CompteLib_0020;;;25G70;20250710;EcritureLib_1084;;42,32;0,00;D;;;
CM;Banque CM;;20250710;51120000;CompteLib_0037;;;25G71;20250710;EcritureLib_1085;;0,00;16,28;C;;;
CM;Banque CM;;20250710;51200000;CompteLib_0020;;;25G71;20250710;EcritureLib_1085;;16,28;0,00;D;;;
CM;Banque CM;;20250710;51180000;CompteLib_0035;;;25G72;20250710;EcritureLib_1086;;0,00;82,80;C;;;
CM;Banque CM;;20250710;51200000;CompteLib_0020;;;25G72;20250710;EcritureLib_1086;;82,80;0,00;D;;;
CM;Banque CM;;20250710;51180000;CompteLib_0035;;;25G73;20250710;EcritureLib_1086;;0,00;12,30;C;;;
CM;Banque CM;;20250710;51200000;CompteLib_0020;;;25G73;20250710;EcritureLib_1086;;12,30;0,00;D;;;
CM;Banque CM;;20250710;62700000;CompteLib_0036;;;25G74;20250710;EcritureLib_1087;;0,08;0,00;D;;;
CM;Banque CM;;20250710;51200000;CompteLib_0020;;;25G74;20250710;EcritureLib_1087;;0,00;0,08;C;;;
CM;Banque CM;;20250710;62700000;CompteLib_0036;;;25G75;20250710;EcritureLib_1087;;0,53;0,00;D;;;
CM;Banque CM;;20250710;51200000;CompteLib_0020;;;25G75;20250710;EcritureLib_1087;;0,00;0,53;C;;;
CM;Banque CM;;20250710;40100000;CompteLib_0011;FINTERRESTO;INTER RESTO;25G76;20250710;EcritureLib_1088;;226,60;0,00;D;;X;20251112
CM;Banque CM;;20250710;51200000;CompteLib_0020;;;25G76;20250710;EcritureLib_1088;;0,00;226,60;C;;;
CM;Banque CM;;20250710;40100000;CompteLib_0011;FPROMOCASH;PROMOCASH;25G77;20250710;EcritureLib_1089;;240,98;0,00;D;;;
CM;Banque CM;;20250710;51200000;CompteLib_0020;;;25G77;20250710;EcritureLib_1089;;0,00;240,98;C;;;
CM;Banque CM;;20250710;40100000;CompteLib_0011;401RESTA;RESTAURANT;25G78;20250710;EcritureLib_1090;;11,80;0,00;D;;;
CM;Banque CM;;20250710;51200000;CompteLib_0020;;;25G78;20250710;EcritureLib_1090;;0,00;11,80;C;;;
CM;Banque CM;;20250711;51180000;CompteLib_0035;;;25G79;20250711;EcritureLib_1091;;0,00;10,90;C;;;
CM;Banque CM;;20250711;51200000;CompteLib_0020;;;25G79;20250711;EcritureLib_1091;;10,90;0,00;D;;;
CM;Banque CM;;20250711;51180000;CompteLib_0035;;;25G80;20250711;EcritureLib_1091;;0,00;364,70;C;;;
CM;Banque CM;;20250711;51200000;CompteLib_0020;;;25G80;20250711;EcritureLib_1091;;364,70;0,00;D;;;
CM;Banque CM;;20250711;62700000;CompteLib_0036;;;25G81;20250711;EcritureLib_1092;;0,07;0,00;D;;;
CM;Banque CM;;20250711;51200000;CompteLib_0020;;;25G81;20250711;EcritureLib_1092;;0,00;0,07;C;;;
CM;Banque CM;;20250711;62700000;CompteLib_0036;;;25G82;20250711;EcritureLib_1092;;2,37;0,00;D;;;
CM;Banque CM;;20250711;51200000;CompteLib_0020;;;25G82;20250711;EcritureLib_1092;;0,00;2,37;C;;;
CM;Banque CM;;20250711;40100000;CompteLib_0011;401RESTA;RESTAURANT;25G83;20250711;EcritureLib_1093;;20,30;0,00;D;;;
CM;Banque CM;;20250711;51200000;CompteLib_0020;;;25G83;20250711;EcritureLib_1093;;0,00;20,30;C;;;
CM;Banque CM;;20250714;51180000;CompteLib_0035;;;25G86;20250714;EcritureLib_1094;;0,00;488,79;C;;;
CM;Banque CM;;20250714;51200000;CompteLib_0020;;;25G86;20250714;EcritureLib_1094;;488,79;0,00;D;;;
CM;Banque CM;;20250714;51180000;CompteLib_0035;;;25G87;20250714;EcritureLib_1095;;0,00;234,79;C;;;
CM;Banque CM;;20250714;51200000;CompteLib_0020;;;25G87;20250714;EcritureLib_1095;;234,79;0,00;D;;;
CM;Banque CM;;20250714;51180000;CompteLib_0035;;;25G88;20250714;EcritureLib_1094;;0,00;91,10;C;;;
CM;Banque CM;;20250714;51200000;CompteLib_0020;;;25G88;20250714;EcritureLib_1094;;91,10;0,00;D;;;
CM;Banque CM;;20250714;51180000;CompteLib_0035;;;25G89;20250714;EcritureLib_1095;;0,00;34,40;C;;;
CM;Banque CM;;20250714;51200000;CompteLib_0020;;;25G89;20250714;EcritureLib_1095;;34,40;0,00;D;;;
CM;Banque CM;;20250714;62700000;CompteLib_0036;;;25G90;20250714;EcritureLib_1096;;0,36;0,00;D;;;
CM;Banque CM;;20250714;51200000;CompteLib_0020;;;25G90;20250714;EcritureLib_1096;;0,00;0,36;C;;;
CM;Banque CM;;20250714;62700000;CompteLib_0036;;;25G91;20250714;EcritureLib_1097;;0,46;0,00;D;;;
CM;Banque CM;;20250714;51200000;CompteLib_0020;;;25G91;20250714;EcritureLib_1097;;0,00;0,46;C;;;
CM;Banque CM;;20250714;62700000;CompteLib_0036;;;25G92;20250714;EcritureLib_1096;;1,49;0,00;D;;;
CM;Banque CM;;20250714;51200000;CompteLib_0020;;;25G92;20250714;EcritureLib_1096;;0,00;1,49;C;;;
CM;Banque CM;;20250714;62700000;CompteLib_0036;;;25G93;20250714;EcritureLib_1097;;2,97;0,00;D;;;
CM;Banque CM;;20250714;51200000;CompteLib_0020;;;25G93;20250714;EcritureLib_1097;;0,00;2,97;C;;;
CM;Banque CM;;20250714;51180000;CompteLib_0035;;;25G94;20250714;EcritureLib_1098;;0,00;210,90;C;;;
CM;Banque CM;;20250714;51200000;CompteLib_0020;;;25G94;20250714;EcritureLib_1098;;210,90;0,00;D;;;
CM;Banque CM;;20250714;51180000;CompteLib_0035;;;25G95;20250714;EcritureLib_1098;;0,00;172,40;C;;;
CM;Banque CM;;20250714;51200000;CompteLib_0020;;;25G95;20250714;EcritureLib_1098;;172,40;0,00;D;;;
CM;Banque CM;;20250714;62700000;CompteLib_0036;;;25G96;20250714;EcritureLib_1099;;1,03;0,00;D;;;
CM;Banque CM;;20250714;51200000;CompteLib_0020;;;25G96;20250714;EcritureLib_1099;;0,00;1,03;C;;;
CM;Banque CM;;20250714;62700000;CompteLib_0036;;;25G97;20250714;EcritureLib_1099;;1,07;0,00;D;;;
CM;Banque CM;;20250714;51200000;CompteLib_0020;;;25G97;20250714;EcritureLib_1099;;0,00;1,07;C;;;
CM;Banque CM;;20250714;70180200;CompteLib_0043;;;25G98;20250714;EcritureLib_1100;;0,00;203,66;C;;;
CM;Banque CM;;20250714;44571100;CompteLib_0016;;;25G98;20250714;EcritureLib_1100;;0,00;20,37;C;;;
CM;Banque CM;;20250714;51200000;CompteLib_0020;;;25G98;20250714;EcritureLib_1100;;224,03;0,00;D;;;
CM;Banque CM;;20250714;40100000;CompteLib_0011;FDIALY;DIALY;25G99;20250714;EcritureLib_1101;;24,50;0,00;D;;;
CM;Banque CM;;20250714;51200000;CompteLib_0020;;;25G99;20250714;EcritureLib_1101;;0,00;24,50;C;;;
CM;Banque CM;;20250714;40100000;CompteLib_0011;FINTERRESTO;INTER RESTO;25G100;20250714;EcritureLib_1102;;227,10;0,00;D;;F;20251112
CM;Banque CM;;20250714;51200000;CompteLib_0020;;;25G100;20250714;EcritureLib_1102;;0,00;227,10;C;;;
CM;Banque CM;;20250714;40100000;CompteLib_0011;FPROMOCASH;PROMOCASH;25G101;20250714;EcritureLib_1103;;238,24;0,00;D;;T;20250729
CM;Banque CM;;20250714;51200000;CompteLib_0020;;;25G101;20250714;EcritureLib_1103;;0,00;238,24;C;;;
CM;Banque CM;;20250715;51180000;CompteLib_0035;;;25G102;20250715;EcritureLib_1104;;0,00;300,70;C;;;
CM;Banque CM;;20250715;51200000;CompteLib_0020;;;25G102;20250715;EcritureLib_1104;;300,70;0,00;D;;;
CM;Banque CM;;20250715;62700000;CompteLib_0036;;;25G103;20250715;EcritureLib_1105;;2,38;0,00;D;;;
CM;Banque CM;;20250715;51200000;CompteLib_0020;;;25G103;20250715;EcritureLib_1105;;0,00;2,38;C;;;
CM;Banque CM;;20250715;47100000;CompteLib_0044;;;25G104;20250715;EcritureLib_1106;;380,00;0,00;D;;;
CM;Banque CM;;20250715;51200000;CompteLib_0020;;;25G104;20250715;EcritureLib_1106;;0,00;380,00;C;;;
CM;Banque CM;;20250715;40100000;CompteLib_0011;401RESTA;RESTAURANT;25G105;20250715;EcritureLib_1107;;36,99;0,00;D;;;
CM;Banque CM;;20250715;51200000;CompteLib_0020;;;25G105;20250715;EcritureLib_1107;;0,00;36,99;C;;;
CM;Banque CM;;20250715;40100000;CompteLib_0011;401RESTA;RESTAURANT;25G106;20250715;EcritureLib_1108;;114,00;0,00;D;;;
CM;Banque CM;;20250715;51200000;CompteLib_0020;;;25G106;20250715;EcritureLib_1108;;0,00;114,00;C;;;
CM;Banque CM;;20250715;40100000;CompteLib_0011;401RESTA;RESTAURANT;25G107;20250715;EcritureLib_1109;;32,20;0,00;D;;;
CM;Banque CM;;20250715;51200000;CompteLib_0020;;;25G107;20250715;EcritureLib_1109;;0,00;32,20;C;;;
CM;Banque CM;;20250716;40100000;CompteLib_0011;FEURO;EURO INFORMATION;25G110;20250716;EcritureLib_1110;;68,40;0,00;D;;;
CM;Banque CM;;20250716;51200000;CompteLib_0020;;;25G110;20250716;EcritureLib_1110;;0,00;68,40;C;;;
CM;Banque CM;;20250716;51180000;CompteLib_0035;;;25G111;20250716;EcritureLib_1111;;0,00;156,70;C;;;
CM;Banque CM;;20250716;51200000;CompteLib_0020;;;25G111;20250716;EcritureLib_1111;;156,70;0,00;D;;;
CM;Banque CM;;20250716;51180000;CompteLib_0035;;;25G112;20250716;EcritureLib_1111;;0,00;78,30;C;;;
CM;Banque CM;;20250716;51200000;CompteLib_0020;;;25G112;20250716;EcritureLib_1111;;78,30;0,00;D;;;
CM;Banque CM;;20250716;62700000;CompteLib_0036;;;25G113;20250716;EcritureLib_1112;;0,48;0,00;D;;;
CM;Banque CM;;20250716;51200000;CompteLib_0020;;;25G113;20250716;EcritureLib_1112;;0,00;0,48;C;;;
CM;Banque CM;;20250716;62700000;CompteLib_0036;;;25G114;20250716;EcritureLib_1112;;1,12;0,00;D;;;
CM;Banque CM;;20250716;51200000;CompteLib_0020;;;25G114;20250716;EcritureLib_1112;;0,00;1,12;C;;;
CM;Banque CM;;20250716;40100000;CompteLib_0011;FPROMOCASH;PROMOCASH;25G115;20250716;EcritureLib_1113;;114,79;0,00;D;;S;20250729
CM;Banque CM;;20250716;51200000;CompteLib_0020;;;25G115;20250716;EcritureLib_1113;;0,00;114,79;C;;;
CM;Banque CM;;20250716;40100000;CompteLib_0011;401CARBU;CARBURANT;25G116;20250716;EcritureLib_1114;;50,24;0,00;D;;;
CM;Banque CM;;20250716;51200000;CompteLib_0020;;;25G116;20250716;EcritureLib_1114;;0,00;50,24;C;;;
CM;Banque CM;;20250716;40100000;CompteLib_0011;401RESTA;RESTAURANT;25G117;20250716;EcritureLib_1115;;23,44;0,00;D;;;
CM;Banque CM;;20250716;51200000;CompteLib_0020;;;25G117;20250716;EcritureLib_1115;;0,00;23,44;C;;;
CM;Banque CM;;20250716;40100000;CompteLib_0011;FMETRO;METRO;25G118;20250716;EcritureLib_1116;;73,11;0,00;D;;;
CM;Banque CM;;20250716;51200000;CompteLib_0020;;;25G118;20250716;EcritureLib_1116;;0,00;73,11;C;;;
CM;Banque CM;;20250716;40100000;CompteLib_0011;401RESTA;RESTAURANT;25G119;20250716;EcritureLib_1117;;24,40;0,00;D;;;
CM;Banque CM;;20250716;51200000;CompteLib_0020;;;25G119;20250716;EcritureLib_1117;;0,00;24,40;C;;;
CM;Banque CM;;20250717;40100000;CompteLib_0011;FFREE;FREE;25G120;20250717;EcritureLib_0468;;13,86;0,00;D;;;
CM;Banque CM;;20250717;51200000;CompteLib_0020;;;25G120;20250717;EcritureLib_0468;;0,00;13,86;C;;;
CM;Banque CM;;20250717;51120000;CompteLib_0037;;;25G121;20250717;EcritureLib_1118;;0,00;43,73;C;;;
CM;Banque CM;;20250717;51200000;CompteLib_0020;;;25G121;20250717;EcritureLib_1118;;43,73;0,00;D;;;
CM;Banque CM;;20250717;51120000;CompteLib_0037;;;25G122;20250717;EcritureLib_1119;;0,00;102,78;C;;;
CM;Banque CM;;20250717;51200000;CompteLib_0020;;;25G122;20250717;EcritureLib_1119;;102,78;0,00;D;;;
CM;Banque CM;;20250717;70180100;CompteLib_0039;;;25G123;20250717;EcritureLib_1120;;0,00;33,35;C;;;
CM;Banque CM;;20250717;44571100;CompteLib_0016;;;25G123;20250717;EcritureLib_1120;;0,00;3,34;C;;;
CM;Banque CM;;20250717;51200000;CompteLib_0020;;;25G123;20250717;EcritureLib_1120;;36,69;0,00;D;;;
CM;Banque CM;;20250717;51180000;CompteLib_0035;;;25G124;20250717;EcritureLib_1121;;0,00;41,90;C;;;
CM;Banque CM;;20250717;51200000;CompteLib_0020;;;25G124;20250717;EcritureLib_1121;;41,90;0,00;D;;;
CM;Banque CM;;20250717;51180000;CompteLib_0035;;;25G125;20250717;EcritureLib_1121;;0,00;62,70;C;;;
CM;Banque CM;;20250717;51200000;CompteLib_0020;;;25G125;20250717;EcritureLib_1121;;62,70;0,00;D;;;
CM;Banque CM;;20250717;62700000;CompteLib_0036;;;25G126;20250717;EcritureLib_1122;;0,43;0,00;D;;;
CM;Banque CM;;20250717;51200000;CompteLib_0020;;;25G126;20250717;EcritureLib_1122;;0,00;0,43;C;;;
CM;Banque CM;;20250717;62700000;CompteLib_0036;;;25G127;20250717;EcritureLib_1122;;0,22;0,00;D;;;
CM;Banque CM;;20250717;51200000;CompteLib_0020;;;25G127;20250717;EcritureLib_1122;;0,00;0,22;C;;;
CM;Banque CM;;20250717;40100000;CompteLib_0011;FINTERRESTO;INTER RESTO;25G128;20250717;EcritureLib_1123;;300,00;0,00;D;;;
CM;Banque CM;;20250717;51200000;CompteLib_0020;;;25G128;20250717;EcritureLib_1123;;0,00;300,00;C;;;
CM;Banque CM;;20250718;51120000;CompteLib_0037;;;25G129;20250718;EcritureLib_1124;;0,00;87,28;C;;;
CM;Banque CM;;20250718;51200000;CompteLib_0020;;;25G129;20250718;EcritureLib_1124;;87,28;0,00;D;;;
CM;Banque CM;;20250718;51180000;CompteLib_0035;;;25G130;20250718;EcritureLib_1125;;0,00;55,40;C;;;
CM;Banque CM;;20250718;51200000;CompteLib_0020;;;25G130;20250718;EcritureLib_1125;;55,40;0,00;D;;;
CM;Banque CM;;20250718;51180000;CompteLib_0035;;;25G131;20250718;EcritureLib_1125;;0,00;191,60;C;;;
CM;Banque CM;;20250718;51200000;CompteLib_0020;;;25G131;20250718;EcritureLib_1125;;191,60;0,00;D;;;
CM;Banque CM;;20250718;62700000;CompteLib_0036;;;25G132;20250718;EcritureLib_1126;;1,29;0,00;D;;;
CM;Banque CM;;20250718;51200000;CompteLib_0020;;;25G132;20250718;EcritureLib_1126;;0,00;1,29;C;;;
CM;Banque CM;;20250718;62700000;CompteLib_0036;;;25G133;20250718;EcritureLib_1126;;0,27;0,00;D;;;
CM;Banque CM;;20250718;51200000;CompteLib_0020;;;25G133;20250718;EcritureLib_1126;;0,00;0,27;C;;;
CM;Banque CM;;20250721;51180000;CompteLib_0035;;;25G134;20250721;EcritureLib_1127;;0,00;30,50;C;;;
CM;Banque CM;;20250721;51200000;CompteLib_0020;;;25G134;20250721;EcritureLib_1127;;30,50;0,00;D;;;
CM;Banque CM;;20250721;51180000;CompteLib_0035;;;25G135;20250721;EcritureLib_1128;;0,00;184,60;C;;;
CM;Banque CM;;20250721;51200000;CompteLib_0020;;;25G135;20250721;EcritureLib_1128;;184,60;0,00;D;;;
CM;Banque CM;;20250721;51180000;CompteLib_0035;;;25G136;20250721;EcritureLib_1128;;0,00;47,80;C;;;
CM;Banque CM;;20250721;51200000;CompteLib_0020;;;25G136;20250721;EcritureLib_1128;;47,80;0,00;D;;;
CM;Banque CM;;20250721;51180000;CompteLib_0035;;;25G137;20250721;EcritureLib_1127;;0,00;211,95;C;;;
CM;Banque CM;;20250721;51200000;CompteLib_0020;;;25G137;20250721;EcritureLib_1127;;211,95;0,00;D;;;
CM;Banque CM;;20250721;62700000;CompteLib_0036;;;25G138;20250721;EcritureLib_1129;;1,46;0,00;D;;;
CM;Banque CM;;20250721;51200000;CompteLib_0020;;;25G138;20250721;EcritureLib_1129;;0,00;1,46;C;;;
CM;Banque CM;;20250721;62700000;CompteLib_0036;;;25G139;20250721;EcritureLib_1130;;0,32;0,00;D;;;
CM;Banque CM;;20250721;51200000;CompteLib_0020;;;25G139;20250721;EcritureLib_1130;;0,00;0,32;C;;;
CM;Banque CM;;20250721;62700000;CompteLib_0036;;;25G140;20250721;EcritureLib_1130;;1,23;0,00;D;;;
CM;Banque CM;;20250721;51200000;CompteLib_0020;;;25G140;20250721;EcritureLib_1130;;0,00;1,23;C;;;
CM;Banque CM;;20250721;62700000;CompteLib_0036;;;25G141;20250721;EcritureLib_1129;;0,20;0,00;D;;;
CM;Banque CM;;20250721;51200000;CompteLib_0020;;;25G141;20250721;EcritureLib_1129;;0,00;0,20;C;;;
CM;Banque CM;;20250721;51180000;CompteLib_0035;;;25G142;20250721;EcritureLib_1131;;0,00;80,39;C;;;
CM;Banque CM;;20250721;51200000;CompteLib_0020;;;25G142;20250721;EcritureLib_1131;;80,39;0,00;D;;;
CM;Banque CM;;20250721;51180000;CompteLib_0035;;;25G143;20250721;EcritureLib_1131;;0,00;152,40;C;;;
CM;Banque CM;;20250721;51200000;CompteLib_0020;;;25G143;20250721;EcritureLib_1131;;152,40;0,00;D;;;
CM;Banque CM;;20250721;62700000;CompteLib_0036;;;25G144;20250721;EcritureLib_1132;;0,87;0,00;D;;;
CM;Banque CM;;20250721;51200000;CompteLib_0020;;;25G144;20250721;EcritureLib_1132;;0,00;0,87;C;;;
CM;Banque CM;;20250721;62700000;CompteLib_0036;;;25G145;20250721;EcritureLib_1132;;0,43;0,00;D;;;
CM;Banque CM;;20250721;51200000;CompteLib_0020;;;25G145;20250721;EcritureLib_1132;;0,00;0,43;C;;;
CM;Banque CM;;20250721;70180200;CompteLib_0043;;;25G146;20250721;EcritureLib_1133;;0,00;183,32;C;;;
CM;Banque CM;;20250721;44571100;CompteLib_0016;;;25G146;20250721;EcritureLib_1133;;0,00;18,33;C;;;
CM;Banque CM;;20250721;51200000;CompteLib_0020;;;25G146;20250721;EcritureLib_1133;;201,65;0,00;D;;;
CM;Banque CM;;20250722;40100000;CompteLib_0011;FSTC;STC;25G149;20250722;EcritureLib_0262;;144,50;0,00;D;;;
CM;Banque CM;;20250722;51200000;CompteLib_0020;;;25G149;20250722;EcritureLib_0262;;0,00;144,50;C;;;
CM;Banque CM;;20250722;40100000;CompteLib_0011;FSTC;STC;25G150;20250722;EcritureLib_0262;;253,20;0,00;D;;;
CM;Banque CM;;20250722;51200000;CompteLib_0020;;;25G150;20250722;EcritureLib_0262;;0,00;253,20;C;;;
CM;Banque CM;;20250722;51180000;CompteLib_0035;;;25G151;20250722;EcritureLib_1134;;0,00;346,70;C;;;
CM;Banque CM;;20250722;51200000;CompteLib_0020;;;25G151;20250722;EcritureLib_1134;;346,70;0,00;D;;;
CM;Banque CM;;20250722;51180000;CompteLib_0035;;;25G152;20250722;EcritureLib_1134;;0,00;72,10;C;;;
CM;Banque CM;;20250722;51200000;CompteLib_0020;;;25G152;20250722;EcritureLib_1134;;72,10;0,00;D;;;
CM;Banque CM;;20250722;62700000;CompteLib_0036;;;25G153;20250722;EcritureLib_1135;;0,43;0,00;D;;;
CM;Banque CM;;20250722;51200000;CompteLib_0020;;;25G153;20250722;EcritureLib_1135;;0,00;0,43;C;;;
CM;Banque CM;;20250722;62700000;CompteLib_0036;;;25G154;20250722;EcritureLib_1135;;2,29;0,00;D;;;
CM;Banque CM;;20250722;51200000;CompteLib_0020;;;25G154;20250722;EcritureLib_1135;;0,00;2,29;C;;;
CM;Banque CM;;20250723;51180000;CompteLib_0035;;;25G155;20250723;EcritureLib_1136;;0,00;49,90;C;;;
CM;Banque CM;;20250723;51200000;CompteLib_0020;;;25G155;20250723;EcritureLib_1136;;49,90;0,00;D;;;
CM;Banque CM;;20250723;51180000;CompteLib_0035;;;25G156;20250723;EcritureLib_1136;;0,00;290,50;C;;;
CM;Banque CM;;20250723;51200000;CompteLib_0020;;;25G156;20250723;EcritureLib_1136;;290,50;0,00;D;;;
CM;Banque CM;;20250723;62700000;CompteLib_0036;;;25G157;20250723;EcritureLib_1137;;0,32;0,00;D;;;
CM;Banque CM;;20250723;51200000;CompteLib_0020;;;25G157;20250723;EcritureLib_1137;;0,00;0,32;C;;;
CM;Banque CM;;20250723;62700000;CompteLib_0036;;;25G158;20250723;EcritureLib_1137;;1,86;0,00;D;;;
CM;Banque CM;;20250723;51200000;CompteLib_0020;;;25G158;20250723;EcritureLib_1137;;0,00;1,86;C;;;
CM;Banque CM;;20250723;40100000;CompteLib_0011;FINTERRESTO;INTER RESTO;25G159;20250723;EcritureLib_1138;;395,00;0,00;D;;;
CM;Banque CM;;20250723;51200000;CompteLib_0020;;;25G159;20250723;EcritureLib_1138;;0,00;395,00;C;;;
CM;Banque CM;;20250724;51120000;CompteLib_0037;;;25G160;20250724;EcritureLib_1139;;0,00;26,28;C;;;
CM;Banque CM;;20250724;51200000;CompteLib_0020;;;25G160;20250724;EcritureLib_1139;;26,28;0,00;D;;;
CM;Banque CM;;20250724;51180000;CompteLib_0035;;;25G161;20250724;EcritureLib_1140;;0,00;199,70;C;;;
CM;Banque CM;;20250724;51200000;CompteLib_0020;;;25G161;20250724;EcritureLib_1140;;199,70;0,00;D;;;
CM;Banque CM;;20250724;51180000;CompteLib_0035;;;25G162;20250724;EcritureLib_1140;;0,00;55,30;C;;;
CM;Banque CM;;20250724;51200000;CompteLib_0020;;;25G162;20250724;EcritureLib_1140;;55,30;0,00;D;;;
CM;Banque CM;;20250724;62700000;CompteLib_0036;;;25G163;20250724;EcritureLib_1141;;0,27;0,00;D;;;
CM;Banque CM;;20250724;51200000;CompteLib_0020;;;25G163;20250724;EcritureLib_1141;;0,00;0,27;C;;;
CM;Banque CM;;20250724;62700000;CompteLib_0036;;;25G164;20250724;EcritureLib_1141;;1,68;0,00;D;;;
CM;Banque CM;;20250724;51200000;CompteLib_0020;;;25G164;20250724;EcritureLib_1141;;0,00;1,68;C;;;
CM;Banque CM;;20250724;70180100;CompteLib_0039;;;25G165;20250724;EcritureLib_1142;;0,00;13,37;C;;;
CM;Banque CM;;20250724;44571100;CompteLib_0016;;;25G165;20250724;EcritureLib_1142;;0,00;1,34;C;;;
CM;Banque CM;;20250724;51200000;CompteLib_0020;;;25G165;20250724;EcritureLib_1142;;14,71;0,00;D;;;
CM;Banque CM;;20250725;51120000;CompteLib_0037;;;25G166;20250725;EcritureLib_1143;;0,00;23,80;C;;;
CM;Banque CM;;20250725;51200000;CompteLib_0020;;;25G166;20250725;EcritureLib_1143;;23,80;0,00;D;;;
CM;Banque CM;;20250725;51120000;CompteLib_0037;;;25G167;20250725;EcritureLib_1144;;0,00;30,16;C;;;
CM;Banque CM;;20250725;51200000;CompteLib_0020;;;25G167;20250725;EcritureLib_1144;;30,16;0,00;D;;;
CM;Banque CM;;20250725;51180000;CompteLib_0035;;;25G168;20250725;EcritureLib_1145;;0,00;71,60;C;;;
CM;Banque CM;;20250725;51200000;CompteLib_0020;;;25G168;20250725;EcritureLib_1145;;71,60;0,00;D;;;
CM;Banque CM;;20250725;51180000;CompteLib_0035;;;25G169;20250725;EcritureLib_1145;;0,00;174,30;C;;;
CM;Banque CM;;20250725;51200000;CompteLib_0020;;;25G169;20250725;EcritureLib_1145;;174,30;0,00;D;;;
CM;Banque CM;;20250725;62700000;CompteLib_0036;;;25G170;20250725;EcritureLib_1146;;1,25;0,00;D;;;
CM;Banque CM;;20250725;51200000;CompteLib_0020;;;25G170;20250725;EcritureLib_1146;;0,00;1,25;C;;;
CM;Banque CM;;20250725;62700000;CompteLib_0036;;;25G171;20250725;EcritureLib_1146;;0,40;0,00;D;;;
CM;Banque CM;;20250725;51200000;CompteLib_0020;;;25G171;20250725;EcritureLib_1146;;0,00;0,40;C;;;
CM;Banque CM;;20250725;47100000;CompteLib_0044;;;25G172;20250725;EcritureLib_1147;;0,00;58,80;C;;;
CM;Banque CM;;20250725;51200000;CompteLib_0020;;;25G172;20250725;EcritureLib_1147;;58,80;0,00;D;;;
CM;Banque CM;;20250725;62700000;CompteLib_0036;;;25G173;20250725;EcritureLib_1148;;0,00;70,00;C;;;
CM;Banque CM;;20250725;51200000;CompteLib_0020;;;25G173;20250725;EcritureLib_1148;;70,00;0,00;D;;;
CM;Banque CM;;20250725;47100000;CompteLib_0044;;;25G174;20250725;EcritureLib_1148;;0,00;70,80;C;;;
CM;Banque CM;;20250725;51200000;CompteLib_0020;;;25G174;20250725;EcritureLib_1148;;70,80;0,00;D;;;
CM;Banque CM;;20250725;40100000;CompteLib_0011;FMETRO;METRO;25G175;20250725;EcritureLib_1149;;89,35;0,00;D;;;
CM;Banque CM;;20250725;51200000;CompteLib_0020;;;25G175;20250725;EcritureLib_1149;;0,00;89,35;C;;;
CM;Banque CM;;20250728;51180000;CompteLib_0035;;;25G178;20250728;EcritureLib_1150;;0,00;78,50;C;;;
CM;Banque CM;;20250728;51200000;CompteLib_0020;;;25G178;20250728;EcritureLib_1150;;78,50;0,00;D;;;
CM;Banque CM;;20250728;51180000;CompteLib_0035;;;25G179;20250728;EcritureLib_1151;;0,00;378,70;C;;;
CM;Banque CM;;20250728;51200000;CompteLib_0020;;;25G179;20250728;EcritureLib_1151;;378,70;0,00;D;;;
CM;Banque CM;;20250728;51180000;CompteLib_0035;;;25G180;20250728;EcritureLib_1151;;0,00;46,40;C;;;
CM;Banque CM;;20250728;51200000;CompteLib_0020;;;25G180;20250728;EcritureLib_1151;;46,40;0,00;D;;;
CM;Banque CM;;20250728;51180000;CompteLib_0035;;;25G181;20250728;EcritureLib_1150;;0,00;76,50;C;;;
CM;Banque CM;;20250728;51200000;CompteLib_0020;;;25G181;20250728;EcritureLib_1150;;76,50;0,00;D;;;
CM;Banque CM;;20250728;62700000;CompteLib_0036;;;25G182;20250728;EcritureLib_1152;;0,39;0,00;D;;;
CM;Banque CM;;20250728;51200000;CompteLib_0020;;;25G182;20250728;EcritureLib_1152;;0,00;0,39;C;;;
CM;Banque CM;;20250728;62700000;CompteLib_0036;;;25G183;20250728;EcritureLib_1153;;0,31;0,00;D;;;
CM;Banque CM;;20250728;51200000;CompteLib_0020;;;25G183;20250728;EcritureLib_1153;;0,00;0,31;C;;;
CM;Banque CM;;20250728;62700000;CompteLib_0036;;;25G184;20250728;EcritureLib_1153;;2,41;0,00;D;;;
CM;Banque CM;;20250728;51200000;CompteLib_0020;;;25G184;20250728;EcritureLib_1153;;0,00;2,41;C;;;
CM;Banque CM;;20250728;62700000;CompteLib_0036;;;25G185;20250728;EcritureLib_1152;;0,46;0,00;D;;;
CM;Banque CM;;20250728;51200000;CompteLib_0020;;;25G185;20250728;EcritureLib_1152;;0,00;0,46;C;;;
CM;Banque CM;;20250728;51180000;CompteLib_0035;;;25G186;20250728;EcritureLib_1154;;0,00;171,80;C;;;
CM;Banque CM;;20250728;51200000;CompteLib_0020;;;25G186;20250728;EcritureLib_1154;;171,80;0,00;D;;;
CM;Banque CM;;20250728;51180000;CompteLib_0035;;;25G187;20250728;EcritureLib_1154;;0,00;79,80;C;;;
CM;Banque CM;;20250728;51200000;CompteLib_0020;;;25G187;20250728;EcritureLib_1154;;79,80;0,00;D;;;
CM;Banque CM;;20250728;62700000;CompteLib_0036;;;25G188;20250728;EcritureLib_1155;;0,47;0,00;D;;;
CM;Banque CM;;20250728;51200000;CompteLib_0020;;;25G188;20250728;EcritureLib_1155;;0,00;0,47;C;;;
CM;Banque CM;;20250728;62700000;CompteLib_0036;;;25G189;20250728;EcritureLib_1155;;1,56;0,00;D;;;
CM;Banque CM;;20250728;51200000;CompteLib_0020;;;25G189;20250728;EcritureLib_1155;;0,00;1,56;C;;;
CM;Banque CM;;20250728;70180200;CompteLib_0043;;;25G190;20250728;EcritureLib_1156;;0,00;77,12;C;;;
CM;Banque CM;;20250728;44571100;CompteLib_0016;;;25G190;20250728;EcritureLib_1156;;0,00;7,71;C;;;
CM;Banque CM;;20250728;51200000;CompteLib_0020;;;25G190;20250728;EcritureLib_1156;;84,83;0,00;D;;;
CM;Banque CM;;20250728;40100000;CompteLib_0011;401CARBU;CARBURANT;25G191;20250728;EcritureLib_1157;;30,11;0,00;D;;;
CM;Banque CM;;20250728;51200000;CompteLib_0020;;;25G191;20250728;EcritureLib_1157;;0,00;30,11;C;;;
CM;Banque CM;;20250728;40100000;CompteLib_0011;FINTERRESTO;INTER RESTO;25G192;20250728;EcritureLib_1158;;232,52;0,00;D;;I;20251015
CM;Banque CM;;20250728;51200000;CompteLib_0020;;;25G192;20250728;EcritureLib_1158;;0,00;232,52;C;;;
CM;Banque CM;;20250728;401TAXI;CompteLib_0047;;;25G193;20250728;EcritureLib_1159;;88,00;0,00;D;;;
CM;Banque CM;;20250728;51200000;CompteLib_0020;;;25G193;20250728;EcritureLib_1159;;0,00;88,00;C;;;
CM;Banque CM;;20250729;51180000;CompteLib_0035;;;25G195;20250729;EcritureLib_1160;;0,00;47,40;C;;;
CM;Banque CM;;20250729;51200000;CompteLib_0020;;;25G195;20250729;EcritureLib_1160;;47,40;0,00;D;;;
CM;Banque CM;;20250729;51180000;CompteLib_0035;;;25G196;20250729;EcritureLib_1160;;0,00;170,70;C;;;
CM;Banque CM;;20250729;51200000;CompteLib_0020;;;25G196;20250729;EcritureLib_1160;;170,70;0,00;D;;;
CM;Banque CM;;20250729;62700000;CompteLib_0036;;;25G197;20250729;EcritureLib_1161;;1,09;0,00;D;;;
CM;Banque CM;;20250729;51200000;CompteLib_0020;;;25G197;20250729;EcritureLib_1161;;0,00;1,09;C;;;
CM;Banque CM;;20250729;62700000;CompteLib_0036;;;25G198;20250729;EcritureLib_1161;;0,24;0,00;D;;;
CM;Banque CM;;20250729;51200000;CompteLib_0020;;;25G198;20250729;EcritureLib_1161;;0,00;0,24;C;;;
CM;Banque CM;;20250729;40100000;CompteLib_0011;FINTERRESTO;INTER RESTO;25G199;20250729;EcritureLib_1162;;136,88;0,00;D;;R;20251015
CM;Banque CM;;20250729;51200000;CompteLib_0020;;;25G199;20250729;EcritureLib_1162;;0,00;136,88;C;;;
CM;Banque CM;;20250729;40100000;CompteLib_0011;FPROMOCASH;PROMOCASH;25G200;20250729;EcritureLib_1163;;89,50;0,00;D;;V;20250801
CM;Banque CM;;20250729;51200000;CompteLib_0020;;;25G200;20250729;EcritureLib_1163;;0,00;89,50;C;;;
CM;Banque CM;;20250730;51180000;CompteLib_0035;;;25G201;20250730;EcritureLib_1164;;0,00;33,00;C;;;
CM;Banque CM;;20250730;51200000;CompteLib_0020;;;25G201;20250730;EcritureLib_1164;;33,00;0,00;D;;;
CM;Banque CM;;20250730;51180000;CompteLib_0035;;;25G202;20250730;EcritureLib_1164;;0,00;244,38;C;;;
CM;Banque CM;;20250730;51200000;CompteLib_0020;;;25G202;20250730;EcritureLib_1164;;244,38;0,00;D;;;
CM;Banque CM;;20250730;62700000;CompteLib_0036;;;25G203;20250730;EcritureLib_1165;;2,71;0,00;D;;;
CM;Banque CM;;20250730;51200000;CompteLib_0020;;;25G203;20250730;EcritureLib_1165;;0,00;2,71;C;;;
CM;Banque CM;;20250730;62700000;CompteLib_0036;;;25G204;20250730;EcritureLib_1165;;0,22;0,00;D;;;
CM;Banque CM;;20250730;51200000;CompteLib_0020;;;25G204;20250730;EcritureLib_1165;;0,00;0,22;C;;;
CM;Banque CM;;20250730;40100000;CompteLib_0011;401RESTA;RESTAURANT;25G205;20250730;EcritureLib_1166;;59,00;0,00;D;;;
CM;Banque CM;;20250730;51200000;CompteLib_0020;;;25G205;20250730;EcritureLib_1166;;0,00;59,00;C;;;
CM;Banque CM;;20250731;51120000;CompteLib_0037;;;25G207;20250731;EcritureLib_1167;;0,00;67,79;C;;;
CM;Banque CM;;20250731;51200000;CompteLib_0020;;;25G207;20250731;EcritureLib_1167;;67,79;0,00;D;;;
CM;Banque CM;;20250731;70180100;CompteLib_0039;;;25G208;20250731;EcritureLib_1168;;0,00;98,44;C;;;
CM;Banque CM;;20250731;44571100;CompteLib_0016;;;25G208;20250731;EcritureLib_1168;;0,00;9,84;C;;;
CM;Banque CM;;20250731;51200000;CompteLib_0020;;;25G208;20250731;EcritureLib_1168;;108,28;0,00;D;;;
CM;Banque CM;;20250731;47100000;CompteLib_0044;;;25G209;20250731;EcritureLib_1169;;0,00;81,67;C;;;
CM;Banque CM;;20250731;51200000;CompteLib_0020;;;25G209;20250731;EcritureLib_1169;;81,67;0,00;D;;;
CM;Banque CM;;20250731;47100000;CompteLib_0044;;;25G210;20250731;EcritureLib_1170;;135,00;0,00;D;;;
CM;Banque CM;;20250731;51200000;CompteLib_0020;;;25G210;20250731;EcritureLib_1170;;0,00;135,00;C;;;
CM;Banque CM;;20250731;47100000;CompteLib_0044;;;25G211;20250731;EcritureLib_1171;;0,00;68,11;C;;;
CM;Banque CM;;20250731;51200000;CompteLib_0020;;;25G211;20250731;EcritureLib_1171;;68,11;0,00;D;;;
CM;Banque CM;;20250731;47100000;CompteLib_0044;;;25G212;20250731;EcritureLib_1044;;146,00;0,00;D;;;
CM;Banque CM;;20250731;51200000;CompteLib_0020;;;25G212;20250731;EcritureLib_1044;;0,00;146,00;C;;;
CM;Banque CM;;20250801;51120000;CompteLib_0037;;;25H2;20250801;EcritureLib_1172;;0,00;38,41;C;;;
CM;Banque CM;;20250801;51200000;CompteLib_0020;;;25H2;20250801;EcritureLib_1172;;38,41;0,00;D;;;
CM;Banque CM;;20250801;47100000;CompteLib_0044;;;25H3;20250801;EcritureLib_1171;;0,00;186,07;C;;;
CM;Banque CM;;20250801;51200000;CompteLib_0020;;;25H3;20250801;EcritureLib_1171;;186,07;0,00;D;;;
CM;Banque CM;;20250801;40100000;CompteLib_0011;401RESTA;RESTAURANT;25H4;20250801;EcritureLib_1173;;140,80;0,00;D;;;
CM;Banque CM;;20250801;51200000;CompteLib_0020;;;25H4;20250801;EcritureLib_1173;;0,00;140,80;C;;;
CM;Banque CM;;20250802;40100000;CompteLib_0011;401LOYER;LOYERS ET CHARGES;25H6;20250802;EcritureLib_1174;;1100,00;0,00;D;;;
CM;Banque CM;;20250802;51200000;CompteLib_0020;;;25H6;20250802;EcritureLib_1174;;0,00;1100,00;C;;;
CM;Banque CM;;20250802;47100000;CompteLib_0044;;;25H7;20250802;EcritureLib_1175;;100,00;0,00;D;;;
CM;Banque CM;;20250802;51200000;CompteLib_0020;;;25H7;20250802;EcritureLib_1175;;0,00;100,00;C;;;
CM;Banque CM;;20250804;40100000;CompteLib_0011;401POSTE;LA POSTE;25H11;20250804;EcritureLib_0100;;4,99;0,00;D;;;
CM;Banque CM;;20250804;51200000;CompteLib_0020;;;25H11;20250804;EcritureLib_0100;;0,00;4,99;C;;;
CM;Banque CM;;20250804;51120000;CompteLib_0037;;;25H12;20250804;EcritureLib_1176;;0,00;47,47;C;;;
CM;Banque CM;;20250804;51200000;CompteLib_0020;;;25H12;20250804;EcritureLib_1176;;47,47;0,00;D;;;
CM;Banque CM;;20250804;47100000;CompteLib_0044;;;25H13;20250804;EcritureLib_1171;;0,00;886,52;C;;;
CM;Banque CM;;20250804;51200000;CompteLib_0020;;;25H13;20250804;EcritureLib_1171;;886,52;0,00;D;;;
CM;Banque CM;;20250804;62700000;CompteLib_0036;;;25H14;20250804;EcritureLib_1177;;88,38;0,00;D;;;
CM;Banque CM;;20250804;51200000;CompteLib_0020;;;25H14;20250804;EcritureLib_1177;;0,00;88,38;C;;;
CM;Banque CM;;20250804;40100000;CompteLib_0011;401RESTA;RESTAURANT;25H15;20250804;EcritureLib_1178;;19,90;0,00;D;;;
CM;Banque CM;;20250804;51200000;CompteLib_0020;;;25H15;20250804;EcritureLib_1178;;0,00;19,90;C;;;
CM;Banque CM;;20250804;40100000;CompteLib_0011;FLIDL;LIDL;25H16;20250804;EcritureLib_1179;;7,45;0,00;D;;;
CM;Banque CM;;20250804;51200000;CompteLib_0020;;;25H16;20250804;EcritureLib_1179;;0,00;7,45;C;;;
CM;Banque CM;;20250804;40100000;CompteLib_0011;FLIDL;LIDL;25H17;20250804;EcritureLib_1180;;8,88;0,00;D;;;
CM;Banque CM;;20250804;51200000;CompteLib_0020;;;25H17;20250804;EcritureLib_1180;;0,00;8,88;C;;;
CM;Banque CM;;20250804;40100000;CompteLib_0011;401RESTA;RESTAURANT;25H18;20250804;EcritureLib_1181;;80,74;0,00;D;;;
CM;Banque CM;;20250804;51200000;CompteLib_0020;;;25H18;20250804;EcritureLib_1181;;0,00;80,74;C;;;
CM;Banque CM;;20250804;40100000;CompteLib_0011;401RESTA;RESTAURANT;25H19;20250804;EcritureLib_1182;;48,87;0,00;D;;;
CM;Banque CM;;20250804;51200000;CompteLib_0020;;;25H19;20250804;EcritureLib_1182;;0,00;48,87;C;;;
CM;Banque CM;;20250804;40100000;CompteLib_0011;FINTERRESTO;INTER RESTO;25H20;20250804;EcritureLib_1183;;270,76;0,00;D;;O;20251015
CM;Banque CM;;20250804;51200000;CompteLib_0020;;;25H20;20250804;EcritureLib_1183;;0,00;270,76;C;;;
CM;Banque CM;;20250805;40100000;CompteLib_0011;FENGIE;ENGIE;25H22;20250805;EcritureLib_1184;;322,87;0,00;D;;B;20250807
CM;Banque CM;;20250805;51200000;CompteLib_0020;;;25H22;20250805;EcritureLib_1184;;0,00;322,87;C;;;
CM;Banque CM;;20250805;47100000;CompteLib_0044;;;25H23;20250805;EcritureLib_1185;;0,00;15,00;C;;;
CM;Banque CM;;20250805;51200000;CompteLib_0020;;;25H23;20250805;EcritureLib_1185;;15,00;0,00;D;;;
CM;Banque CM;;20250805;58000000;CompteLib_0048;;;25H24;20250805;EcritureLib_1186;;4048,93;0,00;D;;;
CM;Banque CM;;20250805;51200000;CompteLib_0020;;;25H24;20250805;EcritureLib_1186;;0,00;4048,93;C;;;
EX;Extourne;;20241001;63781000;CompteLib_0049;;;24J161;20241001;EcritureLib_1187;;0,00;215,00;C;;;
EX;Extourne;;20241001;63330000;CompteLib_0050;;;24J161;20241001;EcritureLib_1187;;0,00;87,00;C;;;
EX;Extourne;;20241001;43860000;CompteLib_0012;;;24J161;20241001;EcritureLib_1187;;302,00;0,00;D;;;
EX;Extourne;;20241001;64600000;CompteLib_0051;;;24J161;20241001;EcritureLib_1188;;0,00;40,00;C;;;
EX;Extourne;;20241001;43860000;CompteLib_0012;;;24J161;20241001;EcritureLib_1188;;40,00;0,00;D;;;
EX;Extourne;;20241001;63781000;CompteLib_0049;;;24J161;20241001;EcritureLib_1187;;252,00;0,00;D;;;
EX;Extourne;;20241001;64600000;CompteLib_0051;;;24J161;20241001;EcritureLib_1188;;208,00;0,00;D;;;
EX;Extourne;;20241001;48600000;CompteLib_0018;;;24J161;20241001;EcritureLib_1188;;0,00;460,00;C;;;
OD;Oprations diverses;;20241031;44571100;CompteLib_0016;;;24J154;20241031;EcritureLib_1189;;428,00;0,00;D;;B;20241120
OD;Oprations diverses;;20241031;44566000;CompteLib_0015;;;24J154;20241031;EcritureLib_1190;;0,00;78,00;C;;;
OD;Oprations diverses;;20241031;44551000;CompteLib_0013;;;24J154;20241031;EcritureLib_1191;;0,00;350,00;C;;A;20241223
OD;Oprations diverses;;20241031;44571100;CompteLib_0016;;;24J154;20241031;EcritureLib_1192;;0,00;0,28;C;;B;20241120
OD;Oprations diverses;;20241031;65800000;CompteLib_0052;;;24J154;20241031;EcritureLib_1192;;0,28;0,00;D;;;
OD;Oprations diverses;;20241130;44571100;CompteLib_0016;;;24K123;20241130;EcritureLib_1193;;354,00;0,00;D;;;
OD;Oprations diverses;;20241130;44566000;CompteLib_0015;;;24K123;20241130;EcritureLib_1194;;0,00;114,00;C;;;
OD;Oprations diverses;;20241130;44551000;CompteLib_0013;;;24K123;20241130;EcritureLib_1195;;0,00;240,00;C;;B;20250121
OD;Oprations diverses;;20241231;44571100;CompteLib_0016;;;24L183;20241231;EcritureLib_1196;;463,00;0,00;D;;;
OD;Oprations diverses;;20241231;44566000;CompteLib_0015;;;24L183;20241231;EcritureLib_1197;;0,00;15,00;C;;;
OD;Oprations diverses;;20241231;44551000;CompteLib_0013;;;24L183;20241231;EcritureLib_1198;;0,00;448,00;C;;K;20250921
OD;Oprations diverses;;20250131;44571100;CompteLib_0016;;;25A193;20250131;EcritureLib_1199;;171,00;0,00;D;;;
OD;Oprations diverses;;20250131;44566000;CompteLib_0015;;;25A193;20250131;EcritureLib_1200;;0,00;245,00;C;;;
OD;Oprations diverses;;20250131;44567000;CompteLib_0053;;;25A193;20250131;EcritureLib_1201;;74,00;0,00;D;;C;20250320
OD;Oprations diverses;;20250228;44571100;CompteLib_0016;;;25B124;20250228;EcritureLib_1202;;292,00;0,00;D;;;
OD;Oprations diverses;;20250228;44566000;CompteLib_0015;;;25B124;20250228;EcritureLib_1203;;0,00;576,00;C;;;
OD;Oprations diverses;;20250228;44567000;CompteLib_0053;;;25B124;20250228;EcritureLib_1204;;0,00;74,00;C;;C;20250320
OD;Oprations diverses;;20250228;44567000;CompteLib_0053;;;25B124;20250228;EcritureLib_1205;;358,00;0,00;D;;D;20250422
OD;Oprations diverses;;20250331;44571100;CompteLib_0016;;;25C127;20250331;EcritureLib_1206;;302,00;0,00;D;;;
OD;Oprations diverses;;20250331;44567000;CompteLib_0053;;;25C127;20250331;EcritureLib_1207;;0,00;358,00;C;;D;20250422
OD;Oprations diverses;;20250331;44567000;CompteLib_0053;;;25C127;20250331;EcritureLib_1208;;56,00;0,00;D;;E;20250520
OD;Oprations diverses;;20250430;44571100;CompteLib_0016;;;25D155;20250430;EcritureLib_1209;;375,00;0,00;D;;;
OD;Oprations diverses;;20250430;44566000;CompteLib_0015;;;25D155;20250430;EcritureLib_1210;;0,00;817,00;C;;;
OD;Oprations diverses;;20250430;44567000;CompteLib_0053;;;25D155;20250430;EcritureLib_1211;;0,00;56,00;C;;E;20250520
OD;Oprations diverses;;20250430;44567000;CompteLib_0053;;;25D155;20250430;EcritureLib_1212;;498,00;0,00;D;;F;20250620
OD;Oprations diverses;;20250531;44571100;CompteLib_0016;;;25E179;20250531;EcritureLib_1213;;438,00;0,00;D;;;
OD;Oprations diverses;;20250531;44566000;CompteLib_0015;;;25E179;20250531;EcritureLib_1214;;0,00;320,00;C;;;
OD;Oprations diverses;;20250531;44567000;CompteLib_0053;;;25E179;20250531;EcritureLib_1215;;0,00;498,00;C;;F;20250620
OD;Oprations diverses;;20250531;44567000;CompteLib_0053;;;25E179;20250531;EcritureLib_1216;;380,00;0,00;D;;G;20250720
OD;Oprations diverses;;20250531;44566000;CompteLib_0015;;;25E179;20250531;EcritureLib_1217;;0,00;0,20;C;;;
OD;Oprations diverses;;20250531;65800000;CompteLib_0052;;;25E179;20250531;EcritureLib_1217;;0,20;0,00;D;;;
OD;Oprations diverses;;20250630;44571100;CompteLib_0016;;;25F196;20250630;EcritureLib_1218;;651,00;0,00;D;;;
OD;Oprations diverses;;20250630;44566000;CompteLib_0015;;;25F196;20250630;EcritureLib_1219;;0,00;111,00;C;;;
OD;Oprations diverses;;20250630;44562000;CompteLib_0014;;;25F196;20250630;EcritureLib_1220;;0,00;242,00;C;;A;20250720
OD;Oprations diverses;;20250630;44567000;CompteLib_0053;;;25F196;20250630;EcritureLib_1221;;0,00;380,00;C;;G;20250720
OD;Oprations diverses;;20250630;44567000;CompteLib_0053;;;25F196;20250630;EcritureLib_1222;;82,00;0,00;D;;H;20250720
OD;Oprations diverses;;20250731;44567000;CompteLib_0053;;;25G206;20250731;EcritureLib_1223;;0,00;82,00;C;;H;20250720
OD;Oprations diverses;;20250731;44567000;CompteLib_0053;;;25G206;20250731;EcritureLib_1224;;82,00;0,00;D;;I;20250921
OD;Oprations diverses;;20250831;44571100;CompteLib_0016;;;25H41;20250831;EcritureLib_1225;;1200,00;0,00;D;;;
OD;Oprations diverses;;20250831;44571200;CompteLib_0054;;;25H41;20250831;EcritureLib_1225;;162,00;0,00;D;;;
OD;Oprations diverses;;20250831;44566000;CompteLib_0015;;;25H41;20250831;EcritureLib_1226;;0,00;633,00;C;;;
OD;Oprations diverses;;20250831;44567000;CompteLib_0053;;;25H41;20250831;EcritureLib_1227;;0,00;82,00;C;;I;20250921
OD;Oprations diverses;;20250831;44551000;CompteLib_0013;;;25H41;20250831;EcritureLib_1228;;0,00;647,00;C;;;
OD;Oprations diverses;;20250831;44566000;CompteLib_0015;;;25H41;20250831;EcritureLib_1229;;0,17;0,00;D;;;
OD;Oprations diverses;;20250831;75800000;CompteLib_0055;;;25H41;20250831;EcritureLib_1229;;0,00;0,17;C;;;
OD;Oprations diverses;;20250930;44571100;CompteLib_0016;;;25I19;20250930;EcritureLib_1230;;565,00;0,00;D;;;
OD;Oprations diverses;;20250930;44571200;CompteLib_0054;;;25I19;20250930;EcritureLib_1230;;120,00;0,00;D;;;
OD;Oprations diverses;;20250930;44566000;CompteLib_0015;;;25I19;20250930;EcritureLib_1231;;0,00;923,00;C;;;
OD;Oprations diverses;;20250930;44567000;CompteLib_0053;;;25I19;20250930;EcritureLib_1232;;238,00;0,00;D;;;
VE;Ventes;;20241031;70110000;CompteLib_0056;;;24J153;20241031;EcritureLib_1233;;0,00;4276,68;C;;;
VE;Ventes;;20241031;51180000;CompteLib_0035;;;24J153;20241031;EcritureLib_1233;;4657,90;0,00;D;;;
VE;Ventes;;20241031;53000000;CompteLib_0021;;;24J153;20241031;EcritureLib_1233;;46,50;0,00;D;;;
VE;Ventes;;20241031;44571100;CompteLib_0016;;;24J153;20241031;EcritureLib_1233;;0,00;427,72;C;;B;20241120
VE;Ventes;;20241130;70110000;CompteLib_0056;;;24K124;20241130;EcritureLib_1234;;0,00;2818,44;C;;;
VE;Ventes;;20241130;44571100;CompteLib_0016;;;24K124;20241130;EcritureLib_1234;;0,00;281,96;C;;;
VE;Ventes;;20241130;51180000;CompteLib_0035;;;24K124;20241130;EcritureLib_1234;;3078,90;0,00;D;;;
VE;Ventes;;20241130;53000000;CompteLib_0021;;;24K124;20241130;EcritureLib_1234;;21,50;0,00;D;;;
VE;Ventes;;20241231;70110000;CompteLib_0056;;;24L184;20241231;EcritureLib_1235;;0,00;970,00;C;;;
VE;Ventes;;20241231;44571100;CompteLib_0016;;;24L184;20241231;EcritureLib_1235;;0,00;97,10;C;;;
VE;Ventes;;20241231;51180000;CompteLib_0035;;;24L184;20241231;EcritureLib_1235;;1014,10;0,00;D;;;
VE;Ventes;;20241231;53000000;CompteLib_0021;;;24L184;20241231;EcritureLib_1235;;53,00;0,00;D;;;
VE;Ventes;;20250131;70110000;CompteLib_0056;;;25A192;20250131;EcritureLib_1236;;0,00;1406,80;C;;;
VE;Ventes;;20250131;44571100;CompteLib_0016;;;25A192;20250131;EcritureLib_1236;;0,00;140,89;C;;;
VE;Ventes;;20250131;51180000;CompteLib_0035;;;25A192;20250131;EcritureLib_1236;;1525,19;0,00;D;;;
VE;Ventes;;20250131;53000000;CompteLib_0021;;;25A192;20250131;EcritureLib_1236;;22,50;0,00;D;;;
VE;Ventes;;20250331;70110000;CompteLib_0056;;;25C128;20250331;EcritureLib_1237;;0,00;862,21;C;;;
VE;Ventes;;20250331;44571100;CompteLib_0016;;;25C128;20250331;EcritureLib_1237;;0,00;86,37;C;;;
VE;Ventes;;20250331;51180000;CompteLib_0035;;;25C128;20250331;EcritureLib_1237;;853,18;0,00;D;;;
VE;Ventes;;20250331;53000000;CompteLib_0021;;;25C128;20250331;EcritureLib_1237;;95,40;0,00;D;;;
VE;Ventes;;20250430;70110000;CompteLib_0056;;;25D154;20250430;EcritureLib_1238;;0,00;2961,77;C;;;
VE;Ventes;;20250430;44571100;CompteLib_0016;;;25D154;20250430;EcritureLib_1238;;0,00;296,32;C;;;
VE;Ventes;;20250430;51180000;CompteLib_0035;;;25D154;20250430;EcritureLib_1238;;3013,39;0,00;D;;;
VE;Ventes;;20250430;51120000;CompteLib_0037;;;25D154;20250430;EcritureLib_1238;;27,00;0,00;D;;;
VE;Ventes;;20250430;53000000;CompteLib_0021;;;25D154;20250430;EcritureLib_1238;;217,70;0,00;D;;;
VE;Ventes;;20250531;70110000;CompteLib_0056;;;25E178;20250531;EcritureLib_1239;;0,00;4383,66;C;;;
VE;Ventes;;20250531;44571100;CompteLib_0016;;;25E178;20250531;EcritureLib_1239;;0,00;438,87;C;;;
VE;Ventes;;20250531;51180000;CompteLib_0035;;;25E178;20250531;EcritureLib_1239;;4560,15;0,00;D;;;
VE;Ventes;;20250531;51120000;CompteLib_0037;;;25E178;20250531;EcritureLib_1239;;210,38;0,00;D;;;
VE;Ventes;;20250531;53000000;CompteLib_0021;;;25E178;20250531;EcritureLib_1239;;52,00;0,00;D;;;
VE;Ventes;;20250731;70180000;CompteLib_0057;;;25G213;20250731;EcritureLib_1240;;0,00;6393,11;C;;;
VE;Ventes;;20250731;44571100;CompteLib_0016;;;25G213;20250731;EcritureLib_1240;;0,00;639,29;C;;;
VE;Ventes;;20250731;70110500;CompteLib_0058;;;25G213;20250731;EcritureLib_1240;;0,00;1453,80;C;;;
VE;Ventes;;20250731;44571105;CompteLib_0059;;;25G213;20250731;EcritureLib_1240;;0,00;79,96;C;;;
VE;Ventes;;20250731;51100000;CompteLib_0019;;;25G213;20250731;EcritureLib_1240;;7037,18;0,00;D;;;
VE;Ventes;;20250731;53000000;CompteLib_0021;;;25G213;20250731;EcritureLib_1240;;1528,98;0,00;D;;;
VE;Ventes;;20250831;70180000;CompteLib_0057;;;25H40;20250831;EcritureLib_1241;;0,00;5611,02;C;;;
VE;Ventes;;20250831;44571100;CompteLib_0016;;;25H40;20250831;EcritureLib_1240;;0,00;561,09;C;;;
VE;Ventes;;20250831;70110500;CompteLib_0058;;;25H40;20250831;EcritureLib_1240;;0,00;1482,89;C;;;
VE;Ventes;;20250831;44571105;CompteLib_0059;;;25H40;20250831;EcritureLib_1240;;0,00;81,54;C;;;
VE;Ventes;;20250831;51100000;CompteLib_0019;;;25H40;20250831;EcritureLib_1240;;7322,82;0,00;D;;;
VE;Ventes;;20250831;53000000;CompteLib_0021;;;25H40;20250831;EcritureLib_1240;;413,72;0,00;D;;;
VE;Ventes;;20250930;70180000;CompteLib_0057;;;25I18;20250930;EcritureLib_1242;;0,00;5652,12;C;;;
VE;Ventes;;20250930;44571100;CompteLib_0016;;;25I18;20250930;EcritureLib_1242;;0,00;565,23;C;;;
VE;Ventes;;20250930;70110500;CompteLib_0058;;;25I18;20250930;EcritureLib_1242;;0,00;2185,99;C;;;
VE;Ventes;;20250930;44571200;CompteLib_0054;;;25I18;20250930;EcritureLib_1242;;0,00;120,24;C;;;
VE;Ventes;;20250930;51100000;CompteLib_0019;;;25I18;20250930;EcritureLib_1242;;8268,16;0,00;D;;;
VE;Ventes;;20250930;53000000;CompteLib_0021;;;25I18;20250930;EcritureLib_1242;;202,92;0,00;D;;;
VE;Ventes;;20250930;53000000;CompteLib_0021;;;25I18;20250930;EcritureLib_1242;;52,50;0,00;D;;;
