JournalCode;JournalLib;EcritureNum;EcritureDate;CompteNum;CompteLib;CompAuxNum;CompAuxLib;PieceRef;PieceDate;EcritureLib;ValidDate;MontantDebit;MontantCredit;Sens;RefEcriture;EcritureLet;DateLet
AO;A Nouveau;;20240401;10130000;CompteLib_0001;;;24D3;20240401;EcritureLib_0001;;0,00;3000,00;C;;;
AO;A Nouveau;;20240401;10611000;CompteLib_0002;;;24D3;20240401;EcritureLib_0002;;0,00;300,00;C;;;
AO;A Nouveau;;20240401;10680000;CompteLib_0003;;;24D3;20240401;EcritureLib_0003;;0,00;27059,42;C;;;
AO;A Nouveau;;20240401;11900000;CompteLib_0004;;;24D3;20240401;EcritureLib_0004;;13861,79;0,00;D;;;
AO;A Nouveau;;20240401;16400000;CompteLib_0005;;;24D3;20240401;EcritureLib_0005;;0,00;11178,05;C;;;
AO;A Nouveau;;20240401;16410000;CompteLib_0005;;;24D3;20240401;EcritureLib_0005;;0,00;5039,32;C;;;
AO;A Nouveau;;20240401;20700000;CompteLib_0006;;;24D3;20240401;EcritureLib_0006;;43585,15;0,00;D;;;
AO;A Nouveau;;20240401;21540000;CompteLib_0007;;;24D3;20240401;EcritureLib_0007;;14468,56;0,00;D;;;
AO;A Nouveau;;20240401;27500000;CompteLib_0008;;;24D3;20240401;EcritureLib_0008;;3006,45;0,00;D;;;
AO;A Nouveau;;20240401;28154000;CompteLib_0009;;;24D3;20240401;EcritureLib_0009;;0,00;9305,22;C;;;
AO;A Nouveau;;20240401;31000000;CompteLib_0010;;;24D3;20240401;EcritureLib_0010;;2788,00;0,00;D;;;
AO;A Nouveau;;20240401;40100000;CompteLib_0011;FJDC;JDC;24D3;20240401;EcritureLib_0011;;0,00;428,94;C;;;
AO;A Nouveau;;20240401;40100000;CompteLib_0011;FLOSC;LOSC;24D3;20240401;EcritureLib_0012;;0,00;420,00;C;;;
AO;A Nouveau;;20240401;40100000;CompteLib_0011;FLOTQU;LOT QUALITE;24D3;20240401;EcritureLib_0013;;0,00;2375,86;C;;;
AO;A Nouveau;;20240401;40100000;CompteLib_0011;FNOYEZTOUNAI;NOYEZ TOURNAI;24D3;20240401;EcritureLib_0014;;0,00;369,99;C;;;
AO;A Nouveau;;20240401;42100000;CompteLib_0012;;;24D3;20240401;EcritureLib_0015;;0,00;457,08;C;;;
AO;A Nouveau;;20240401;42820000;CompteLib_0013;;;24D3;20240401;EcritureLib_0016;;0,00;722,84;C;;;
AO;A Nouveau;;20240401;42870100;CompteLib_0014;;;24D3;20240401;EcritureLib_0017;;259,52;0,00;D;;;
AO;A Nouveau;;20240401;43100000;CompteLib_0015;;;24D3;20240401;EcritureLib_0018;;0,00;6676,75;C;;;
AO;A Nouveau;;20240401;43702000;CompteLib_0016;;;24D3;20240401;EcritureLib_0019;;0,00;178,42;C;;;
AO;A Nouveau;;20240401;43703000;CompteLib_0017;;;24D3;20240401;EcritureLib_0020;;0,00;115,91;C;;;
AO;A Nouveau;;20240401;43708000;CompteLib_0018;;;24D3;20240401;EcritureLib_0021;;0,00;9,15;C;;;
AO;A Nouveau;;20240401;43800000;CompteLib_0019;;;24D3;20240401;EcritureLib_0022;;0,00;50,37;C;;;
AO;A Nouveau;;20240401;43820000;CompteLib_0020;;;24D3;20240401;EcritureLib_0023;;0,00;106,00;C;;;
AO;A Nouveau;;20240401;43860000;CompteLib_0021;;;24D3;20240401;EcritureLib_0024;;0,00;1304,00;C;;;
AO;A Nouveau;;20240401;43870000;CompteLib_0022;;;24D3;20240401;EcritureLib_0025;;2383,30;0,00;D;;;
AO;A Nouveau;;20240401;44520000;CompteLib_0023;;;24D3;20240401;EcritureLib_0026;;0,00;107,36;C;;;
AO;A Nouveau;;20240401;44551000;CompteLib_0024;;;24D3;20240401;EcritureLib_0027;;0,00;559,00;C;;;
AO;A Nouveau;;20240401;44566100;CompteLib_0025;;;24D3;20240401;EcritureLib_0028;;0,00;2874,08;C;;;
AO;A Nouveau;;20240401;44566500;CompteLib_0026;;;24D3;20240401;EcritureLib_0029;;107,36;0,00;D;;;
AO;A Nouveau;;20240401;44571700;CompteLib_0027;;;24D3;20240401;EcritureLib_0030;;3108,19;0,00;D;;;
AO;A Nouveau;;20240401;44571800;CompteLib_0028;;;24D3;20240401;EcritureLib_0031;;570,47;0,00;D;;;
AO;A Nouveau;;20240401;44582000;CompteLib_0029;;;24D3;20240401;EcritureLib_0032;;366,00;0,00;D;;;
AO;A Nouveau;;20240401;44862000;CompteLib_0030;;;24D3;20240401;EcritureLib_0033;;0,00;134,27;C;;;
AO;A Nouveau;;20240401;44863000;CompteLib_0015;;;24D3;20240401;EcritureLib_0018;;0,00;152,72;C;;;
AO;A Nouveau;;20240401;45500000;CompteLib_0031;;;24D3;20240401;EcritureLib_0034;;0,00;9953,02;C;;;
AO;A Nouveau;;20240401;51100000;CompteLib_0032;;;24D3;20240401;EcritureLib_0035;;512,60;0,00;D;;;
AO;A Nouveau;;20240401;51200000;CompteLib_0033;;;24D3;20240401;EcritureLib_0036;;4005,66;0,00;D;;;
AO;A Nouveau;;20240401;51220000;CompteLib_0034;;;24D3;20240401;EcritureLib_0037;;3277,27;0,00;D;;;
AO;A Nouveau;;20240401;12000000;CompteLib_0035;;;24D3;20240401;EcritureLib_0038;;0,00;9422,55;C;;;
AT;Achats Tiime;;20240405;62260000;CompteLib_0036;;;FACT-20240401-09735;20240405;EcritureLib_0039;;199,00;0,00;D;;;
AT;Achats Tiime;;20240405;44566100;CompteLib_0025;;;FACT-20240401-09735;20240405;EcritureLib_0039;;39,80;0,00;D;;;
AT;Achats Tiime;;20240405;40100000;CompteLib_0011;FSTC;STC;FACT-20240401-09735;20240405;EcritureLib_0039;;0,00;238,80;C;;;
AT;Achats Tiime;;20240405;62260000;CompteLib_0036;;;FACT-20240401-09736;20240405;EcritureLib_0040;;58,50;0,00;D;;;
AT;Achats Tiime;;20240405;44566100;CompteLib_0025;;;FACT-20240401-09736;20240405;EcritureLib_0040;;11,70;0,00;D;;;
AT;Achats Tiime;;20240405;40100000;CompteLib_0011;FSTC;STC;FACT-20240401-09736;20240405;EcritureLib_0040;;0,00;70,20;C;;J;20240424
AT;Achats Tiime;;20240505;62260000;CompteLib_0036;;;FACT-20240501-09954;20240505;EcritureLib_0039;;258,00;0,00;D;;;
AT;Achats Tiime;;20240505;44566100;CompteLib_0025;;;FACT-20240501-09954;20240505;EcritureLib_0039;;51,60;0,00;D;;;
AT;Achats Tiime;;20240505;40100000;CompteLib_0011;FSTC;STC;FACT-20240501-09954;20240505;EcritureLib_0039;;0,00;309,60;C;;;
AT;Achats Tiime;;20240505;62260000;CompteLib_0036;;;FACT-20240501-09953;20240505;EcritureLib_0041;;199,00;0,00;D;;;
AT;Achats Tiime;;20240505;44566100;CompteLib_0025;;;FACT-20240501-09953;20240505;EcritureLib_0041;;39,80;0,00;D;;;
AT;Achats Tiime;;20240505;40100000;CompteLib_0011;FSTC;STC;FACT-20240501-09953;20240505;EcritureLib_0041;;0,00;238,80;C;;N;20240528
AT;Achats Tiime;;20240508;62260000;CompteLib_0036;;;FACT-20240801-10538;20240508;EcritureLib_0040;;58,50;0,00;D;;;
AT;Achats Tiime;;20240508;44566100;CompteLib_0025;;;FACT-20240801-10538;20240508;EcritureLib_0040;;11,70;0,00;D;;;
AT;Achats Tiime;;20240508;40100000;CompteLib_0011;FSTC;STC;FACT-20240801-10538;20240508;EcritureLib_0040;;0,00;70,20;C;;;
AT;Achats Tiime;;20240605;62260000;CompteLib_0036;;;FACT-20240601-10158;20240605;EcritureLib_0039;;199,00;0,00;D;;;
AT;Achats Tiime;;20240605;44566100;CompteLib_0025;;;FACT-20240601-10158;20240605;EcritureLib_0039;;39,80;0,00;D;;;
AT;Achats Tiime;;20240605;40100000;CompteLib_0011;FSTC;STC;FACT-20240601-10158;20240605;EcritureLib_0039;;0,00;238,80;C;;;
AT;Achats Tiime;;20240605;62260000;CompteLib_0036;;;FACT-20240601-10157;20240605;EcritureLib_0039;;58,50;0,00;D;;;
AT;Achats Tiime;;20240605;44566100;CompteLib_0025;;;FACT-20240601-10157;20240605;EcritureLib_0039;;11,70;0,00;D;;;
AT;Achats Tiime;;20240605;40100000;CompteLib_0011;FSTC;STC;FACT-20240601-10157;20240605;EcritureLib_0039;;0,00;70,20;C;;;
AT;Achats Tiime;;20240705;62260000;CompteLib_0036;;;FACT-20240701-10343;20240705;EcritureLib_0039;;199,00;0,00;D;;;
AT;Achats Tiime;;20240705;44566100;CompteLib_0025;;;FACT-20240701-10343;20240705;EcritureLib_0039;;39,80;0,00;D;;;
AT;Achats Tiime;;20240705;40100000;CompteLib_0011;FSTC;STC;FACT-20240701-10343;20240705;EcritureLib_0039;;0,00;238,80;C;;;
AT;Achats Tiime;;20240705;62260000;CompteLib_0036;;;FACT-20240701-10344;20240705;EcritureLib_0042;;187,50;0,00;D;;;
AT;Achats Tiime;;20240705;44566100;CompteLib_0025;;;FACT-20240701-10344;20240705;EcritureLib_0042;;37,50;0,00;D;;;
AT;Achats Tiime;;20240705;40100000;CompteLib_0011;FSTC;STC;FACT-20240701-10344;20240705;EcritureLib_0042;;0,00;225,00;C;;;
AT;Achats Tiime;;20240712;60120000;CompteLib_0037;;;20/441678;20240712;EcritureLib_0043;;239,85;0,00;D;;;
AT;Achats Tiime;;20240712;44566100;CompteLib_0025;;;20/441678;20240712;EcritureLib_0043;;35,67;0,00;D;;;
AT;Achats Tiime;;20240712;40100000;CompteLib_0011;FNOYEZ;NOYEZ;20/441678;20240712;EcritureLib_0043;;0,00;275,52;C;;AD;20250709
AT;Achats Tiime;;20240718;60100000;CompteLib_0038;;;20261728;20240718;EcritureLib_0044;;336,91;0,00;D;;;
AT;Achats Tiime;;20240718;44566100;CompteLib_0025;;;20261728;20240718;EcritureLib_0044;;18,53;0,00;D;;;
AT;Achats Tiime;;20240718;40100000;CompteLib_0011;FSPUNTINI;SPUNTINI FOOD'S;20261728;20240718;EcritureLib_0044;;0,00;355,44;C;;DV;20251119
AT;Achats Tiime;;20240805;62260000;CompteLib_0036;;;FACT-20240801-10537;20240805;EcritureLib_0040;;199,00;0,00;D;;;
AT;Achats Tiime;;20240805;44566100;CompteLib_0025;;;FACT-20240801-10537;20240805;EcritureLib_0040;;39,80;0,00;D;;;
AT;Achats Tiime;;20240805;40100000;CompteLib_0011;FSTC;STC;FACT-20240801-10537;20240805;EcritureLib_0040;;0,00;238,80;C;;A;20240817
AT;Achats Tiime;;20240822;60100000;CompteLib_0038;;;20263939;20240822;EcritureLib_0045;;967,56;0,00;D;;;
AT;Achats Tiime;;20240822;44566100;CompteLib_0025;;;20263939;20240822;EcritureLib_0045;;55,59;0,00;D;;;
AT;Achats Tiime;;20240822;40100000;CompteLib_0011;FSPUNTINI;SPUNTINI FOOD'S;20263939;20240822;EcritureLib_0045;;0,00;1023,15;C;;DU;20251119
AT;Achats Tiime;;20240823;60120000;CompteLib_0037;;;20/441989;20240823;EcritureLib_0043;;247,75;0,00;D;;;
AT;Achats Tiime;;20240823;44566100;CompteLib_0025;;;20/441989;20240823;EcritureLib_0043;;24,25;0,00;D;;;
AT;Achats Tiime;;20240823;40100000;CompteLib_0011;FNOYEZ;NOYEZ;20/441989;20240823;EcritureLib_0043;;0,00;272,00;C;;AB;20250709
AT;Achats Tiime;;20240829;60100000;CompteLib_0038;;;20264409;20240829;EcritureLib_0046;;663,25;0,00;D;;;
AT;Achats Tiime;;20240829;44566100;CompteLib_0025;;;20264409;20240829;EcritureLib_0046;;41,25;0,00;D;;;
AT;Achats Tiime;;20240829;40100000;CompteLib_0011;FSPUNTINI;SPUNTINI FOOD'S;20264409;20240829;EcritureLib_0046;;0,00;704,50;C;;DN;20251119
AT;Achats Tiime;;20240905;60100000;CompteLib_0038;;;20265111;20240905;EcritureLib_0046;;682,38;0,00;D;;;
AT;Achats Tiime;;20240905;44566100;CompteLib_0025;;;20265111;20240905;EcritureLib_0046;;37,53;0,00;D;;;
AT;Achats Tiime;;20240905;40100000;CompteLib_0011;FSPUNTINI;SPUNTINI FOOD'S;20265111;20240905;EcritureLib_0046;;0,00;719,91;C;;DP;20251119
AT;Achats Tiime;;20240906;60100000;CompteLib_0038;;;20265270;20240906;EcritureLib_0045;;18,18;0,00;D;;;
AT;Achats Tiime;;20240906;44566100;CompteLib_0025;;;20265270;20240906;EcritureLib_0045;;1,00;0,00;D;;;
AT;Achats Tiime;;20240906;40100000;CompteLib_0011;FSPUNTINI;SPUNTINI FOOD'S;20265270;20240906;EcritureLib_0045;;0,00;19,18;C;;CJ;20250708
AT;Achats Tiime;;20240912;60100000;CompteLib_0038;;;20265685;20240912;EcritureLib_0046;;588,50;0,00;D;;;
AT;Achats Tiime;;20240912;44566100;CompteLib_0025;;;20265685;20240912;EcritureLib_0046;;34,39;0,00;D;;;
AT;Achats Tiime;;20240912;40100000;CompteLib_0011;FSPUNTINI;SPUNTINI FOOD'S;20265685;20240912;EcritureLib_0046;;0,00;622,89;C;;DQ;20251119
AT;Achats Tiime;;20240919;60100000;CompteLib_0038;;;20266247;20240919;EcritureLib_0045;;715,28;0,00;D;;;
AT;Achats Tiime;;20240919;44566100;CompteLib_0025;;;20266247;20240919;EcritureLib_0045;;45,75;0,00;D;;;
AT;Achats Tiime;;20240919;40100000;CompteLib_0011;FSPUNTINI;SPUNTINI FOOD'S;20266247;20240919;EcritureLib_0045;;0,00;761,03;C;;;
AT;Achats Tiime;;20240920;60120000;CompteLib_0037;;;20/442213;20240920;EcritureLib_0043;;200,56;0,00;D;;;
AT;Achats Tiime;;20240920;44566100;CompteLib_0025;;;20/442213;20240920;EcritureLib_0043;;26,02;0,00;D;;;
AT;Achats Tiime;;20240920;40100000;CompteLib_0011;FNOYEZ;NOYEZ;20/442213;20240920;EcritureLib_0043;;0,00;226,58;C;;AE;20250709
AT;Achats Tiime;;20240920;60100000;CompteLib_0038;;;20266389;20240920;EcritureLib_0046;;0,00;7,33;C;;;
AT;Achats Tiime;;20240920;44566100;CompteLib_0025;;;20266389;20240920;EcritureLib_0046;;0,00;0,40;C;;;
AT;Achats Tiime;;20240920;40100000;CompteLib_0011;FSPUNTINI;SPUNTINI FOOD'S;20266389;20240920;EcritureLib_0046;;7,73;0,00;D;;;
AT;Achats Tiime;;20240926;60100000;CompteLib_0038;;;20266793;20240926;EcritureLib_0045;;113,79;0,00;D;;;
AT;Achats Tiime;;20240926;44566100;CompteLib_0025;;;20266793;20240926;EcritureLib_0045;;6,26;0,00;D;;;
AT;Achats Tiime;;20240926;40100000;CompteLib_0011;FSPUNTINI;SPUNTINI FOOD'S;20266793;20240926;EcritureLib_0045;;0,00;120,05;C;;DR;20251119
AT;Achats Tiime;;20240926;60100000;CompteLib_0038;;;20266792;20240926;EcritureLib_0046;;683,82;0,00;D;;;
AT;Achats Tiime;;20240926;44566100;CompteLib_0025;;;20266792;20240926;EcritureLib_0046;;37,61;0,00;D;;;
AT;Achats Tiime;;20240926;40100000;CompteLib_0011;FSPUNTINI;SPUNTINI FOOD'S;20266792;20240926;EcritureLib_0046;;0,00;721,43;C;;DO;20251119
AT;Achats Tiime;;20241003;60100000;CompteLib_0038;;;20267502;20241003;EcritureLib_0046;;740,62;0,00;D;;;
AT;Achats Tiime;;20241003;44566100;CompteLib_0025;;;20267502;20241003;EcritureLib_0046;;45,51;0,00;D;;;
AT;Achats Tiime;;20241003;40100000;CompteLib_0011;FSPUNTINI;SPUNTINI FOOD'S;20267502;20241003;EcritureLib_0046;;0,00;786,13;C;;DS;20251119
AT;Achats Tiime;;20241005;62260000;CompteLib_0036;;;FACT-20241001-11110;20241005;EcritureLib_0040;;211,00;0,00;D;;;
AT;Achats Tiime;;20241005;44566100;CompteLib_0025;;;FACT-20241001-11110;20241005;EcritureLib_0040;;42,20;0,00;D;;;
AT;Achats Tiime;;20241005;40100000;CompteLib_0011;FSTC;STC;FACT-20241001-11110;20241005;EcritureLib_0040;;0,00;253,20;C;;P;20241029
AT;Achats Tiime;;20241005;62260000;CompteLib_0036;;;FACT-20241001-11111;20241005;EcritureLib_0040;;58,50;0,00;D;;;
AT;Achats Tiime;;20241005;44566100;CompteLib_0025;;;FACT-20241001-11111;20241005;EcritureLib_0040;;11,70;0,00;D;;;
AT;Achats Tiime;;20241005;40100000;CompteLib_0011;FSTC;STC;FACT-20241001-11111;20241005;EcritureLib_0040;;0,00;70,20;C;;Q;20241029
AT;Achats Tiime;;20241005;62260000;CompteLib_0036;;;FACT-20241001-11111;20241005;EcritureLib_0040;;39,00;0,00;D;;;
AT;Achats Tiime;;20241005;44566100;CompteLib_0025;;;FACT-20241001-11111;20241005;EcritureLib_0040;;7,80;0,00;D;;;
AT;Achats Tiime;;20241005;40100000;CompteLib_0011;FSTC;STC;FACT-20241001-11111;20241005;EcritureLib_0040;;0,00;46,80;C;;;
AT;Achats Tiime;;20241010;60100000;CompteLib_0038;;;20268074;20241010;EcritureLib_0044;;26,18;0,00;D;;;
AT;Achats Tiime;;20241010;44566100;CompteLib_0025;;;20268074;20241010;EcritureLib_0044;;1,44;0,00;D;;;
AT;Achats Tiime;;20241010;40100000;CompteLib_0011;FSPUNTINI;SPUNTINI FOOD'S;20268074;20241010;EcritureLib_0044;;0,00;27,62;C;;DH;20251119
AT;Achats Tiime;;20241010;60100000;CompteLib_0038;;;20268057;20241010;EcritureLib_0044;;549,23;0,00;D;;;
AT;Achats Tiime;;20241010;44566100;CompteLib_0025;;;20268057;20241010;EcritureLib_0044;;30,21;0,00;D;;;
AT;Achats Tiime;;20241010;40100000;CompteLib_0011;FSPUNTINI;SPUNTINI FOOD'S;20268057;20241010;EcritureLib_0044;;0,00;579,44;C;;DT;20251119
AT;Achats Tiime;;20241015;61510000;CompteLib_0039;;;331754;20241015;EcritureLib_0047;;380,16;0,00;D;;;
AT;Achats Tiime;;20241015;44566100;CompteLib_0025;;;331754;20241015;EcritureLib_0047;;76,03;0,00;D;;;
AT;Achats Tiime;;20241015;40100000;CompteLib_0011;FGARAGE;GARAGE;331754;20241015;EcritureLib_0047;;0,00;456,19;C;;B;20250708
AT;Achats Tiime;;20241017;60100000;CompteLib_0038;;;20268604;20241017;EcritureLib_0046;;717,75;0,00;D;;;
AT;Achats Tiime;;20241017;44566100;CompteLib_0025;;;20268604;20241017;EcritureLib_0046;;39,48;0,00;D;;;
AT;Achats Tiime;;20241017;40100000;CompteLib_0011;FSPUNTINI;SPUNTINI FOOD'S;20268604;20241017;EcritureLib_0046;;0,00;757,23;C;;DI;20251119
AT;Achats Tiime;;20241019;62310000;CompteLib_0040;;;FC380;20241019;EcritureLib_0048;;50,00;0,00;D;;;
AT;Achats Tiime;;20241019;40100000;CompteLib_0011;FPOMPIER;AMICALE DES SAPEURS POMPIERS;FC380;20241019;EcritureLib_0048;;0,00;50,00;C;;B;20250708
AT;Achats Tiime;;20241024;60100000;CompteLib_0038;;;20269128;20241024;EcritureLib_0049;;672,36;0,00;D;;;
AT;Achats Tiime;;20241024;44566100;CompteLib_0025;;;20269128;20241024;EcritureLib_0049;;39,35;0,00;D;;;
AT;Achats Tiime;;20241024;40100000;CompteLib_0011;FSPUNTINI;SPUNTINI FOOD'S;20269128;20241024;EcritureLib_0049;;0,00;711,71;C;;DJ;20251119
AT;Achats Tiime;;20241030;60100000;CompteLib_0038;;;20269583;20241030;EcritureLib_0046;;712,51;0,00;D;;;
AT;Achats Tiime;;20241030;44566100;CompteLib_0025;;;20269583;20241030;EcritureLib_0046;;43,96;0,00;D;;;
AT;Achats Tiime;;20241030;40100000;CompteLib_0011;FSPUNTINI;SPUNTINI FOOD'S;20269583;20241030;EcritureLib_0046;;0,00;756,47;C;;DL;20251119
AT;Achats Tiime;;20241031;60120000;CompteLib_0037;;;20/442529;20241031;EcritureLib_0043;;214,22;0,00;D;;;
AT;Achats Tiime;;20241031;44566100;CompteLib_0025;;;20/442529;20241031;EcritureLib_0043;;19,41;0,00;D;;;
AT;Achats Tiime;;20241031;40100000;CompteLib_0011;FNOYEZ;NOYEZ;20/442529;20241031;EcritureLib_0043;;0,00;233,63;C;;AC;20250709
AT;Achats Tiime;;20241105;62260000;CompteLib_0036;;;FACT-20241101-11127;20241105;EcritureLib_0039;;211,00;0,00;D;;;
AT;Achats Tiime;;20241105;44566100;CompteLib_0025;;;FACT-20241101-11127;20241105;EcritureLib_0039;;42,20;0,00;D;;;
AT;Achats Tiime;;20241105;40100000;CompteLib_0011;FSTC;STC;FACT-20241101-11127;20241105;EcritureLib_0039;;0,00;253,20;C;;;
AT;Achats Tiime;;20241105;62260000;CompteLib_0036;;;FACT-20241101-11128;20241105;EcritureLib_0040;;58,50;0,00;D;;;
AT;Achats Tiime;;20241105;44566100;CompteLib_0025;;;FACT-20241101-11128;20241105;EcritureLib_0040;;11,70;0,00;D;;;
AT;Achats Tiime;;20241105;40100000;CompteLib_0011;FSTC;STC;FACT-20241101-11128;20241105;EcritureLib_0040;;0,00;70,20;C;;R;20241130
AT;Achats Tiime;;20241107;60100000;CompteLib_0038;;;20270293;20241107;EcritureLib_0046;;672,94;0,00;D;;;
AT;Achats Tiime;;20241107;44566100;CompteLib_0025;;;20270293;20241107;EcritureLib_0046;;43,44;0,00;D;;;
AT;Achats Tiime;;20241107;40100000;CompteLib_0011;FSPUNTINI;SPUNTINI FOOD'S;20270293;20241107;EcritureLib_0046;;0,00;716,38;C;;DK;20251119
AT;Achats Tiime;;20241114;60100000;CompteLib_0038;;;20270846;20241114;EcritureLib_0046;;636,49;0,00;D;;;
AT;Achats Tiime;;20241114;44566100;CompteLib_0025;;;20270846;20241114;EcritureLib_0046;;45,55;0,00;D;;;
AT;Achats Tiime;;20241114;40100000;CompteLib_0011;FSPUNTINI;SPUNTINI FOOD'S;20270846;20241114;EcritureLib_0046;;0,00;682,04;C;;;
AT;Achats Tiime;;20241121;60120000;CompteLib_0037;;;INV/2024/0058;20241121;EcritureLib_0043;;41,92;0,00;D;;;
AT;Achats Tiime;;20241121;44566100;CompteLib_0025;;;INV/2024/0058;20241121;EcritureLib_0043;;2,31;0,00;D;;;
AT;Achats Tiime;;20241121;40100000;CompteLib_0011;FNOYEZ;NOYEZ;INV/2024/0058;20241121;EcritureLib_0043;;0,00;44,23;C;;W;20250708
AT;Achats Tiime;;20241121;60100000;CompteLib_0038;;;20271402;20241121;EcritureLib_0046;;761,45;0,00;D;;;
AT;Achats Tiime;;20241121;44566100;CompteLib_0025;;;20271402;20241121;EcritureLib_0046;;41,88;0,00;D;;;
AT;Achats Tiime;;20241121;40100000;CompteLib_0011;FSPUNTINI;SPUNTINI FOOD'S;20271402;20241121;EcritureLib_0046;;0,00;803,33;C;;DM;20251119
AT;Achats Tiime;;20241126;60120000;CompteLib_0037;;;INV/2024/0133;20241126;EcritureLib_0043;;98,44;0,00;D;;;
AT;Achats Tiime;;20241126;44566100;CompteLib_0025;;;INV/2024/0133;20241126;EcritureLib_0043;;5,41;0,00;D;;;
AT;Achats Tiime;;20241126;40100000;CompteLib_0011;FNOYEZ;NOYEZ;INV/2024/0133;20241126;EcritureLib_0043;;0,00;103,85;C;;X;20250708
AT;Achats Tiime;;20241128;60100000;CompteLib_0038;;;20271994;20241128;EcritureLib_0045;;701,53;0,00;D;;;
AT;Achats Tiime;;20241128;44566100;CompteLib_0025;;;20271994;20241128;EcritureLib_0045;;45,77;0,00;D;;;
AT;Achats Tiime;;20241128;40100000;CompteLib_0011;FSPUNTINI;SPUNTINI FOOD'S;20271994;20241128;EcritureLib_0045;;0,00;747,30;C;;DB;20251119
AT;Achats Tiime;;20241205;60100000;CompteLib_0038;;;20272698;20241205;EcritureLib_0046;;718,53;0,00;D;;;
AT;Achats Tiime;;20241205;44566100;CompteLib_0025;;;20272698;20241205;EcritureLib_0046;;39,52;0,00;D;;;
AT;Achats Tiime;;20241205;40100000;CompteLib_0011;FSPUNTINI;SPUNTINI FOOD'S;20272698;20241205;EcritureLib_0046;;0,00;758,05;C;;DC;20251119
AT;Achats Tiime;;20241212;60100000;CompteLib_0038;;;20273277;20241212;EcritureLib_0046;;695,99;0,00;D;;;
AT;Achats Tiime;;20241212;44566100;CompteLib_0025;;;20273277;20241212;EcritureLib_0046;;40,67;0,00;D;;;
AT;Achats Tiime;;20241212;40100000;CompteLib_0011;FSPUNTINI;SPUNTINI FOOD'S;20273277;20241212;EcritureLib_0046;;0,00;736,66;C;;DD;20251119
AT;Achats Tiime;;20241213;60120000;CompteLib_0037;;;INV/2024/0280;20241213;EcritureLib_0050;;271,94;0,00;D;;;
AT;Achats Tiime;;20241213;44566100;CompteLib_0025;;;INV/2024/0280;20241213;EcritureLib_0050;;25,95;0,00;D;;;
AT;Achats Tiime;;20241213;40100000;CompteLib_0011;FNOYEZ;NOYEZ;INV/2024/0280;20241213;EcritureLib_0050;;0,00;297,89;C;;AA;20250708
AT;Achats Tiime;;20241213;60100000;CompteLib_0038;;;20273404;20241213;EcritureLib_0046;;0,00;7,01;C;;;
AT;Achats Tiime;;20241213;44566100;CompteLib_0025;;;20273404;20241213;EcritureLib_0046;;0,00;0,39;C;;;
AT;Achats Tiime;;20241213;40100000;CompteLib_0011;FSPUNTINI;SPUNTINI FOOD'S;20273404;20241213;EcritureLib_0046;;7,40;0,00;D;;;
AT;Achats Tiime;;20241219;60100000;CompteLib_0038;;;20273855;20241219;EcritureLib_0044;;388,40;0,00;D;;;
AT;Achats Tiime;;20241219;44566100;CompteLib_0025;;;20273855;20241219;EcritureLib_0044;;21,36;0,00;D;;;
AT;Achats Tiime;;20241219;40100000;CompteLib_0011;FSPUNTINI;SPUNTINI FOOD'S;20273855;20241219;EcritureLib_0044;;0,00;409,76;C;;DE;20251119
AT;Achats Tiime;;20241220;60100000;CompteLib_0038;;;20274007;20241220;EcritureLib_0046;;141,81;0,00;D;;;
AT;Achats Tiime;;20241220;44566100;CompteLib_0025;;;20274007;20241220;EcritureLib_0046;;7,80;0,00;D;;;
AT;Achats Tiime;;20241220;40100000;CompteLib_0011;FSPUNTINI;SPUNTINI FOOD'S;20274007;20241220;EcritureLib_0046;;0,00;149,61;C;;;
AT;Achats Tiime;;20241222;62260000;CompteLib_0036;;;FACT-20241222-11525;20241222;EcritureLib_0040;;211,00;0,00;D;;;
AT;Achats Tiime;;20241222;44566100;CompteLib_0025;;;FACT-20241222-11525;20241222;EcritureLib_0040;;42,20;0,00;D;;;
AT;Achats Tiime;;20241222;40100000;CompteLib_0011;FSTC;STC;FACT-20241222-11525;20241222;EcritureLib_0040;;0,00;253,20;C;;S;20241227
AT;Achats Tiime;;20241222;62260000;CompteLib_0036;;;FACT-20241222-11526;20241222;EcritureLib_0040;;187,50;0,00;D;;;
AT;Achats Tiime;;20241222;44566100;CompteLib_0025;;;FACT-20241222-11526;20241222;EcritureLib_0040;;37,50;0,00;D;;;
AT;Achats Tiime;;20241222;40100000;CompteLib_0011;FSTC;STC;FACT-20241222-11526;20241222;EcritureLib_0040;;0,00;225,00;C;;T;20241227
AT;Achats Tiime;;20250102;60100000;CompteLib_0038;;;20300056;20250102;EcritureLib_0046;;748,88;0,00;D;;;
AT;Achats Tiime;;20250102;44566100;CompteLib_0025;;;20300056;20250102;EcritureLib_0046;;42,38;0,00;D;;;
AT;Achats Tiime;;20250102;40100000;CompteLib_0011;FSPUNTINI;SPUNTINI FOOD'S;20300056;20250102;EcritureLib_0046;;0,00;791,26;C;;DF;20251119
AT;Achats Tiime;;20250105;62260000;CompteLib_0036;;;FACT-20250101-11721;20250105;EcritureLib_0039;;78,00;0,00;D;;;
AT;Achats Tiime;;20250105;44566100;CompteLib_0025;;;FACT-20250101-11721;20250105;EcritureLib_0039;;15,60;0,00;D;;;
AT;Achats Tiime;;20250105;40100000;CompteLib_0011;FSTC;STC;FACT-20250101-11721;20250105;EcritureLib_0039;;0,00;93,60;C;;;
AT;Achats Tiime;;20250109;60100000;CompteLib_0038;;;20300587;20250109;EcritureLib_0046;;763,94;0,00;D;;;
AT;Achats Tiime;;20250109;44566100;CompteLib_0025;;;20300587;20250109;EcritureLib_0046;;46,41;0,00;D;;;
AT;Achats Tiime;;20250109;40100000;CompteLib_0011;FSPUNTINI;SPUNTINI FOOD'S;20300587;20250109;EcritureLib_0046;;0,00;810,35;C;;DG;20251119
AT;Achats Tiime;;20250110;60120000;CompteLib_0037;;;INV/2025/0024;20250110;EcritureLib_0050;;239,13;0,00;D;;;
AT;Achats Tiime;;20250110;44566100;CompteLib_0025;;;INV/2025/0024;20250110;EcritureLib_0050;;21,92;0,00;D;;;
AT;Achats Tiime;;20250110;40100000;CompteLib_0011;FNOYEZ;NOYEZ;INV/2025/0024;20250110;EcritureLib_0050;;0,00;261,05;C;;;
AT;Achats Tiime;;20250116;60100000;CompteLib_0038;;;20301095;20250116;EcritureLib_0046;;679,85;0,00;D;;;
AT;Achats Tiime;;20250116;44566100;CompteLib_0025;;;20301095;20250116;EcritureLib_0046;;43,80;0,00;D;;;
AT;Achats Tiime;;20250116;40100000;CompteLib_0011;FSPUNTINI;SPUNTINI FOOD'S;20301095;20250116;EcritureLib_0046;;0,00;723,65;C;;CZ;20251119
AT;Achats Tiime;;20250123;60100000;CompteLib_0038;;;20301585;20250123;EcritureLib_0046;;550,54;0,00;D;;;
AT;Achats Tiime;;20250123;44566100;CompteLib_0025;;;20301585;20250123;EcritureLib_0046;;32,67;0,00;D;;;
AT;Achats Tiime;;20250123;40100000;CompteLib_0011;FSPUNTINI;SPUNTINI FOOD'S;20301585;20250123;EcritureLib_0046;;0,00;583,21;C;;DA;20251119
AT;Achats Tiime;;20250130;60100000;CompteLib_0038;;;20302088;20250130;EcritureLib_0046;;726,68;0,00;D;;;
AT;Achats Tiime;;20250130;44566100;CompteLib_0025;;;20302088;20250130;EcritureLib_0046;;39,97;0,00;D;;;
AT;Achats Tiime;;20250130;40100000;CompteLib_0011;FSPUNTINI;SPUNTINI FOOD'S;20302088;20250130;EcritureLib_0046;;0,00;766,65;C;;CW;20251119
AT;Achats Tiime;;20250205;62260000;CompteLib_0036;;;FACT-20250201-11919;20250205;EcritureLib_0039;;78,00;0,00;D;;;
AT;Achats Tiime;;20250205;44566100;CompteLib_0025;;;FACT-20250201-11919;20250205;EcritureLib_0039;;15,60;0,00;D;;;
AT;Achats Tiime;;20250205;40100000;CompteLib_0011;FSTC;STC;FACT-20250201-11919;20250205;EcritureLib_0039;;0,00;93,60;C;;;
AT;Achats Tiime;;20250205;62260000;CompteLib_0036;;;FACT-20250201-11920;20250205;EcritureLib_0039;;211,00;0,00;D;;;
AT;Achats Tiime;;20250205;44566100;CompteLib_0025;;;FACT-20250201-11920;20250205;EcritureLib_0039;;42,20;0,00;D;;;
AT;Achats Tiime;;20250205;40100000;CompteLib_0011;FSTC;STC;FACT-20250201-11920;20250205;EcritureLib_0039;;0,00;253,20;C;;;
AT;Achats Tiime;;20250206;60100000;CompteLib_0038;;;20302712;20250206;EcritureLib_0046;;918,80;0,00;D;;;
AT;Achats Tiime;;20250206;44566100;CompteLib_0025;;;20302712;20250206;EcritureLib_0046;;52,92;0,00;D;;;
AT;Achats Tiime;;20250206;40100000;CompteLib_0011;FSPUNTINI;SPUNTINI FOOD'S;20302712;20250206;EcritureLib_0046;;0,00;971,72;C;;CY;20251119
AT;Achats Tiime;;20250207;60120000;CompteLib_0037;;;INV/2025/0208;20250207;EcritureLib_0050;;223,18;0,00;D;;;
AT;Achats Tiime;;20250207;44566100;CompteLib_0025;;;INV/2025/0208;20250207;EcritureLib_0050;;15,34;0,00;D;;;
AT;Achats Tiime;;20250207;40100000;CompteLib_0011;FNOYEZ;NOYEZ;INV/2025/0208;20250207;EcritureLib_0050;;0,00;238,52;C;;Z;20250708
AT;Achats Tiime;;20250213;60100000;CompteLib_0038;;;20303181;20250213;EcritureLib_0046;;677,14;0,00;D;;;
AT;Achats Tiime;;20250213;44566100;CompteLib_0025;;;20303181;20250213;EcritureLib_0046;;37,24;0,00;D;;;
AT;Achats Tiime;;20250213;40100000;CompteLib_0011;FSPUNTINI;SPUNTINI FOOD'S;20303181;20250213;EcritureLib_0046;;0,00;714,38;C;;CX;20251119
AT;Achats Tiime;;20250220;60100000;CompteLib_0038;;;20303650;20250220;EcritureLib_0046;;769,39;0,00;D;;;
AT;Achats Tiime;;20250220;44566100;CompteLib_0025;;;20303650;20250220;EcritureLib_0046;;51,12;0,00;D;;;
AT;Achats Tiime;;20250220;40100000;CompteLib_0011;FSPUNTINI;SPUNTINI FOOD'S;20303650;20250220;EcritureLib_0046;;0,00;820,51;C;;CU;20251119
AT;Achats Tiime;;20250221;60120000;CompteLib_0037;;;INV/2025/0301;20250221;EcritureLib_0050;;324,57;0,00;D;;;
AT;Achats Tiime;;20250221;44566100;CompteLib_0025;;;INV/2025/0301;20250221;EcritureLib_0050;;42,19;0,00;D;;;
AT;Achats Tiime;;20250221;40100000;CompteLib_0011;FNOYEZ;NOYEZ;INV/2025/0301;20250221;EcritureLib_0050;;0,00;366,76;C;;V;20250708
AT;Achats Tiime;;20250227;60100000;CompteLib_0038;;;20304173;20250227;EcritureLib_0044;;556,85;0,00;D;;;
AT;Achats Tiime;;20250227;44566100;CompteLib_0025;;;20304173;20250227;EcritureLib_0044;;30,63;0,00;D;;;
AT;Achats Tiime;;20250227;40100000;CompteLib_0011;FSPUNTINI;SPUNTINI FOOD'S;20304173;20250227;EcritureLib_0044;;0,00;587,48;C;;DX;20251119
AT;Achats Tiime;;20250305;62260000;CompteLib_0036;;;FACT-20250301-12113;20250305;EcritureLib_0039;;78,00;0,00;D;;;
AT;Achats Tiime;;20250305;44566100;CompteLib_0025;;;FACT-20250301-12113;20250305;EcritureLib_0039;;15,60;0,00;D;;;
AT;Achats Tiime;;20250305;40100000;CompteLib_0011;FSTC;STC;FACT-20250301-12113;20250305;EcritureLib_0039;;0,00;93,60;C;;;
AT;Achats Tiime;;20250305;62260000;CompteLib_0036;;;FACT-20250301-12111;20250305;EcritureLib_0039;;211,00;0,00;D;;;
AT;Achats Tiime;;20250305;44566100;CompteLib_0025;;;FACT-20250301-12111;20250305;EcritureLib_0039;;42,20;0,00;D;;;
AT;Achats Tiime;;20250305;40100000;CompteLib_0011;FSTC;STC;FACT-20250301-12111;20250305;EcritureLib_0039;;0,00;253,20;C;;;
AT;Achats Tiime;;20250306;60100000;CompteLib_0038;;;20304870;20250306;EcritureLib_0046;;959,51;0,00;D;;;
AT;Achats Tiime;;20250306;44566100;CompteLib_0025;;;20304870;20250306;EcritureLib_0046;;57,17;0,00;D;;;
AT;Achats Tiime;;20250306;40100000;CompteLib_0011;FSPUNTINI;SPUNTINI FOOD'S;20304870;20250306;EcritureLib_0046;;0,00;1016,68;C;;CR;20251119
AT;Achats Tiime;;20250313;60100000;CompteLib_0038;;;20305390;20250313;EcritureLib_0046;;748,02;0,00;D;;;
AT;Achats Tiime;;20250313;44566100;CompteLib_0025;;;20305390;20250313;EcritureLib_0046;;45,91;0,00;D;;;
AT;Achats Tiime;;20250313;40100000;CompteLib_0011;FSPUNTINI;SPUNTINI FOOD'S;20305390;20250313;EcritureLib_0046;;0,00;793,93;C;;CM;20251119
AT;Achats Tiime;;20250320;60100000;CompteLib_0038;;;20305888;20250320;EcritureLib_0046;;785,54;0,00;D;;;
AT;Achats Tiime;;20250320;44566100;CompteLib_0025;;;20305888;20250320;EcritureLib_0046;;43,20;0,00;D;;;
AT;Achats Tiime;;20250320;40100000;CompteLib_0011;FSPUNTINI;SPUNTINI FOOD'S;20305888;20250320;EcritureLib_0046;;0,00;828,74;C;;CL;20251119
AT;Achats Tiime;;20250321;60100000;CompteLib_0038;;;20306001;20250321;EcritureLib_0046;;0,00;12,68;C;;;
AT;Achats Tiime;;20250321;44566100;CompteLib_0025;;;20306001;20250321;EcritureLib_0046;;0,00;0,70;C;;;
AT;Achats Tiime;;20250321;40100000;CompteLib_0011;FSPUNTINI;SPUNTINI FOOD'S;20306001;20250321;EcritureLib_0046;;13,38;0,00;D;;;
AT;Achats Tiime;;20250327;60100000;CompteLib_0038;;;20306344;20250327;EcritureLib_0046;;780,28;0,00;D;;;
AT;Achats Tiime;;20250327;44566100;CompteLib_0025;;;20306344;20250327;EcritureLib_0046;;42,92;0,00;D;;;
AT;Achats Tiime;;20250327;40100000;CompteLib_0011;FSPUNTINI;SPUNTINI FOOD'S;20306344;20250327;EcritureLib_0046;;0,00;823,20;C;;;
AT;Achats Tiime;;20250328;60100000;CompteLib_0038;;;20306460;20250328;EcritureLib_0046;;0,00;9,10;C;;;
AT;Achats Tiime;;20250328;44566100;CompteLib_0025;;;20306460;20250328;EcritureLib_0046;;0,00;0,50;C;;;
AT;Achats Tiime;;20250328;40100000;CompteLib_0011;FSPUNTINI;SPUNTINI FOOD'S;20306460;20250328;EcritureLib_0046;;9,60;0,00;D;;;
AT;Achats Tiime;;20250328;60120000;CompteLib_0037;;;INV/2025/0528;20250328;EcritureLib_0050;;226,22;0,00;D;;;
AT;Achats Tiime;;20250328;44566100;CompteLib_0025;;;INV/2025/0528;20250328;EcritureLib_0050;;21,26;0,00;D;;;
AT;Achats Tiime;;20250328;40100000;CompteLib_0011;FNOYEZ;NOYEZ;INV/2025/0528;20250328;EcritureLib_0050;;0,00;247,48;C;;AF;20250726
BQ;Banque BQ;;20240401;51100000;CompteLib_0032;;;24D1;20240401;EcritureLib_0051;;0,00;416,10;C;;;
BQ;Banque BQ;;20240401;51200000;CompteLib_0033;;;24D1;20240401;EcritureLib_0051;;416,10;0,00;D;;;
BQ;Banque BQ;;20240401;51100000;CompteLib_0032;;;24D2;20240401;EcritureLib_0052;;0,00;96,50;C;;;
BQ;Banque BQ;;20240401;51200000;CompteLib_0033;;;24D2;20240401;EcritureLib_0052;;96,50;0,00;D;;;
BQ;Banque BQ;;20240402;60612000;CompteLib_0041;;;24D5;20240402;EcritureLib_0053;;892,28;0,00;D;;;
BQ;Banque BQ;;20240402;51200000;CompteLib_0033;;;24D5;20240402;EcritureLib_0053;;0,00;892,28;C;;;
BQ;Banque BQ;;20240402;61600000;CompteLib_0042;;;24D6;20240402;EcritureLib_0054;;108,45;0,00;D;;;
BQ;Banque BQ;;20240402;51200000;CompteLib_0033;;;24D6;20240402;EcritureLib_0054;;0,00;108,45;C;;;
BQ;Banque BQ;;20240402;40100000;CompteLib_0011;FORANGE;ORANGE;24D7;20240402;EcritureLib_0055;;60,00;0,00;D;;;
BQ;Banque BQ;;20240402;51200000;CompteLib_0033;;;24D7;20240402;EcritureLib_0055;;0,00;60,00;C;;;
BQ;Banque BQ;;20240402;47100000;CompteLib_0043;;;24D8;20240402;EcritureLib_0056;;0,00;69,37;C;;;
BQ;Banque BQ;;20240402;51200000;CompteLib_0033;;;24D8;20240402;EcritureLib_0056;;69,37;0,00;D;;;
BQ;Banque BQ;;20240402;51140000;CompteLib_0044;;;24D9;20240402;EcritureLib_0057;;0,00;5,78;C;;;
BQ;Banque BQ;;20240402;51200000;CompteLib_0033;;;24D9;20240402;EcritureLib_0057;;5,78;0,00;D;;;
BQ;Banque BQ;;20240402;47100000;CompteLib_0043;;;24D10;20240402;EcritureLib_0058;;0,00;23,80;C;;;
BQ;Banque BQ;;20240402;51200000;CompteLib_0033;;;24D10;20240402;EcritureLib_0058;;23,80;0,00;D;;;
BQ;Banque BQ;;20240402;40100000;CompteLib_0011;FCARREFOUR;CARREFOUR;24D11;20240402;EcritureLib_0059;;72,08;0,00;D;;;
BQ;Banque BQ;;20240402;51200000;CompteLib_0033;;;24D11;20240402;EcritureLib_0059;;0,00;72,08;C;;;
BQ;Banque BQ;;20240402;40100000;CompteLib_0011;FCARREFOUR;CARREFOUR;24D12;20240402;EcritureLib_0059;;57,35;0,00;D;;;
BQ;Banque BQ;;20240402;51200000;CompteLib_0033;;;24D12;20240402;EcritureLib_0059;;0,00;57,35;C;;;
BQ;Banque BQ;;20240402;47100000;CompteLib_0043;;;24D13;20240402;EcritureLib_0060;;637,88;0,00;D;;;
BQ;Banque BQ;;20240402;51200000;CompteLib_0033;;;24D13;20240402;EcritureLib_0060;;0,00;637,88;C;;;
BQ;Banque BQ;;20240402;47100000;CompteLib_0043;;;24D14;20240402;EcritureLib_0061;;228,30;0,00;D;;;
BQ;Banque BQ;;20240402;51200000;CompteLib_0033;;;24D14;20240402;EcritureLib_0061;;0,00;228,30;C;;;
BQ;Banque BQ;;20240402;40100000;CompteLib_0011;FPROMOCASH;PROMOCASH;24D15;20240402;EcritureLib_0062;;62,42;0,00;D;;;
BQ;Banque BQ;;20240402;51200000;CompteLib_0033;;;24D15;20240402;EcritureLib_0062;;0,00;62,42;C;;;
BQ;Banque BQ;;20240403;40100000;CompteLib_0011;FCARREFOUR;CARREFOUR;24D16;20240403;EcritureLib_0059;;61,77;0,00;D;;;
BQ;Banque BQ;;20240403;51200000;CompteLib_0033;;;24D16;20240403;EcritureLib_0059;;0,00;61,77;C;;;
BQ;Banque BQ;;20240403;51100000;CompteLib_0032;;;24D17;20240403;EcritureLib_0063;;0,00;69,50;C;;;
BQ;Banque BQ;;20240403;51200000;CompteLib_0033;;;24D17;20240403;EcritureLib_0063;;69,50;0,00;D;;;
BQ;Banque BQ;;20240403;51100000;CompteLib_0032;;;24D18;20240403;EcritureLib_0064;;0,00;11,00;C;;;
BQ;Banque BQ;;20240403;51200000;CompteLib_0033;;;24D18;20240403;EcritureLib_0064;;11,00;0,00;D;;;
BQ;Banque BQ;;20240403;61600000;CompteLib_0042;;;24D19;20240403;EcritureLib_0065;;24,08;0,00;D;;;
BQ;Banque BQ;;20240403;51200000;CompteLib_0033;;;24D19;20240403;EcritureLib_0065;;0,00;24,08;C;;;
BQ;Banque BQ;;20240404;47100000;CompteLib_0043;;;24D20;20240404;EcritureLib_0066;;0,00;41,97;C;;;
BQ;Banque BQ;;20240404;51200000;CompteLib_0033;;;24D20;20240404;EcritureLib_0066;;41,97;0,00;D;;;
BQ;Banque BQ;;20240404;47100000;CompteLib_0043;;;24D21;20240404;EcritureLib_0067;;0,00;130,00;C;;;
BQ;Banque BQ;;20240404;51200000;CompteLib_0033;;;24D21;20240404;EcritureLib_0067;;130,00;0,00;D;;;
BQ;Banque BQ;;20240404;47100000;CompteLib_0043;;;24D22;20240404;EcritureLib_0068;;0,00;2,32;C;;;
BQ;Banque BQ;;20240404;51200000;CompteLib_0033;;;24D22;20240404;EcritureLib_0068;;2,32;0,00;D;;;
BQ;Banque BQ;;20240404;40100000;CompteLib_0011;FCARREFOUR;CARREFOUR;24D23;20240404;EcritureLib_0059;;53,36;0,00;D;;;
BQ;Banque BQ;;20240404;51200000;CompteLib_0033;;;24D23;20240404;EcritureLib_0059;;0,00;53,36;C;;;
BQ;Banque BQ;;20240404;51100000;CompteLib_0032;;;24D24;20240404;EcritureLib_0069;;0,00;112,50;C;;;
BQ;Banque BQ;;20240404;51200000;CompteLib_0033;;;24D24;20240404;EcritureLib_0069;;112,50;0,00;D;;;
BQ;Banque BQ;;20240404;51100000;CompteLib_0032;;;24D25;20240404;EcritureLib_0070;;0,00;22,80;C;;;
BQ;Banque BQ;;20240404;51200000;CompteLib_0033;;;24D25;20240404;EcritureLib_0070;;22,80;0,00;D;;;
BQ;Banque BQ;;20240405;40100000;CompteLib_0011;FSWILE;SWILE;24D26;20240405;EcritureLib_0071;;8,08;0,00;D;;;
BQ;Banque BQ;;20240405;51200000;CompteLib_0033;;;24D26;20240405;EcritureLib_0071;;0,00;8,08;C;;;
BQ;Banque BQ;;20240405;62700000;CompteLib_0045;;;24D27;20240405;EcritureLib_0072;;54,78;0,00;D;;;
BQ;Banque BQ;;20240405;44566100;CompteLib_0025;;;24D27;20240405;EcritureLib_0072;;10,96;0,00;D;;;
BQ;Banque BQ;;20240405;51200000;CompteLib_0033;;;24D27;20240405;EcritureLib_0072;;0,00;65,74;C;;;
BQ;Banque BQ;;20240405;51140000;CompteLib_0044;;;24D28;20240405;EcritureLib_0073;;0,00;49,40;C;;;
BQ;Banque BQ;;20240405;51200000;CompteLib_0033;;;24D28;20240405;EcritureLib_0073;;49,40;0,00;D;;;
BQ;Banque BQ;;20240405;61321000;CompteLib_0046;;;24D29;20240405;EcritureLib_0074;;1000,00;0,00;D;;;
BQ;Banque BQ;;20240405;44566100;CompteLib_0025;;;24D29;20240405;EcritureLib_0074;;200,00;0,00;D;;;
BQ;Banque BQ;;20240405;51200000;CompteLib_0033;;;24D29;20240405;EcritureLib_0074;;0,00;1200,00;C;;;
BQ;Banque BQ;;20240405;51100000;CompteLib_0032;;;24D30;20240405;EcritureLib_0075;;0,00;273,89;C;;;
BQ;Banque BQ;;20240405;51200000;CompteLib_0033;;;24D30;20240405;EcritureLib_0075;;273,89;0,00;D;;;
BQ;Banque BQ;;20240405;47100000;CompteLib_0043;;;24D31;20240405;EcritureLib_0076;;89,00;0,00;D;;;
BQ;Banque BQ;;20240405;51200000;CompteLib_0033;;;24D31;20240405;EcritureLib_0076;;0,00;89,00;C;;;
BQ;Banque BQ;;20240405;61600000;CompteLib_0042;;;24D32;20240405;EcritureLib_0077;;63,43;0,00;D;;;
BQ;Banque BQ;;20240405;51200000;CompteLib_0033;;;24D32;20240405;EcritureLib_0077;;0,00;63,43;C;;;
BQ;Banque BQ;;20240405;47100000;CompteLib_0043;;;24D33;20240405;EcritureLib_0078;;843,37;0,00;D;;;
BQ;Banque BQ;;20240405;51200000;CompteLib_0033;;;24D33;20240405;EcritureLib_0078;;0,00;843,37;C;;;
BQ;Banque BQ;;20240406;51100000;CompteLib_0032;;;24D36;20240406;EcritureLib_0079;;0,00;900,54;C;;;
BQ;Banque BQ;;20240406;51200000;CompteLib_0033;;;24D36;20240406;EcritureLib_0079;;900,54;0,00;D;;;
BQ;Banque BQ;;20240406;51100000;CompteLib_0032;;;24D37;20240406;EcritureLib_0080;;0,00;87,40;C;;;
BQ;Banque BQ;;20240406;51200000;CompteLib_0033;;;24D37;20240406;EcritureLib_0080;;87,40;0,00;D;;;
BQ;Banque BQ;;20240407;51100000;CompteLib_0032;;;24D38;20240407;EcritureLib_0081;;0,00;481,46;C;;;
BQ;Banque BQ;;20240407;51200000;CompteLib_0033;;;24D38;20240407;EcritureLib_0081;;481,46;0,00;D;;;
BQ;Banque BQ;;20240408;47100000;CompteLib_0043;;;24D39;20240408;EcritureLib_0082;;0,00;8,41;C;;;
BQ;Banque BQ;;20240408;51200000;CompteLib_0033;;;24D39;20240408;EcritureLib_0082;;8,41;0,00;D;;;
BQ;Banque BQ;;20240408;47100000;CompteLib_0043;;;24D40;20240408;EcritureLib_0083;;0,00;53,42;C;;;
BQ;Banque BQ;;20240408;51200000;CompteLib_0033;;;24D40;20240408;EcritureLib_0083;;53,42;0,00;D;;;
BQ;Banque BQ;;20240408;40100000;CompteLib_0011;FCARREFOUR;CARREFOUR;24D41;20240408;EcritureLib_0059;;35,94;0,00;D;;;
BQ;Banque BQ;;20240408;51200000;CompteLib_0033;;;24D41;20240408;EcritureLib_0059;;0,00;35,94;C;;;
BQ;Banque BQ;;20240408;40100000;CompteLib_0011;FCARREFOUR;CARREFOUR;24D42;20240408;EcritureLib_0059;;30,73;0,00;D;;;
BQ;Banque BQ;;20240408;51200000;CompteLib_0033;;;24D42;20240408;EcritureLib_0059;;0,00;30,73;C;;;
BQ;Banque BQ;;20240408;51100000;CompteLib_0032;;;24D43;20240408;EcritureLib_0084;;0,00;757,40;C;;;
BQ;Banque BQ;;20240408;51200000;CompteLib_0033;;;24D43;20240408;EcritureLib_0084;;757,40;0,00;D;;;
BQ;Banque BQ;;20240408;51100000;CompteLib_0032;;;24D44;20240408;EcritureLib_0085;;0,00;69,30;C;;;
BQ;Banque BQ;;20240408;51200000;CompteLib_0033;;;24D44;20240408;EcritureLib_0085;;69,30;0,00;D;;;
BQ;Banque BQ;;20240410;47100000;CompteLib_0043;;;24D45;20240410;EcritureLib_0086;;142,74;0,00;D;;;
BQ;Banque BQ;;20240410;51200000;CompteLib_0033;;;24D45;20240410;EcritureLib_0086;;0,00;142,74;C;;;
BQ;Banque BQ;;20240410;16400000;CompteLib_0005;;;24D46;20240410;EcritureLib_0087;;11,18;0,00;D;;;
BQ;Banque BQ;;20240410;51200000;CompteLib_0033;;;24D46;20240410;EcritureLib_0087;;0,00;11,18;C;;;
BQ;Banque BQ;;20240410;16400000;CompteLib_0005;;;24D47;20240410;EcritureLib_0088;;693,42;0,00;D;;;
BQ;Banque BQ;;20240410;51200000;CompteLib_0033;;;24D47;20240410;EcritureLib_0088;;0,00;693,42;C;;;
BQ;Banque BQ;;20240410;40100000;CompteLib_0011;FCARREFOUR;CARREFOUR;24D48;20240410;EcritureLib_0059;;61,02;0,00;D;;;
BQ;Banque BQ;;20240410;51200000;CompteLib_0033;;;24D48;20240410;EcritureLib_0059;;0,00;61,02;C;;;
BQ;Banque BQ;;20240410;51100000;CompteLib_0032;;;24D49;20240410;EcritureLib_0089;;0,00;180,90;C;;;
BQ;Banque BQ;;20240410;51200000;CompteLib_0033;;;24D49;20240410;EcritureLib_0089;;180,90;0,00;D;;;
BQ;Banque BQ;;20240410;51100000;CompteLib_0032;;;24D50;20240410;EcritureLib_0090;;0,00;12,50;C;;;
BQ;Banque BQ;;20240410;51200000;CompteLib_0033;;;24D50;20240410;EcritureLib_0090;;12,50;0,00;D;;;
BQ;Banque BQ;;20240410;42100000;CompteLib_0012;;;24D51;20240410;EcritureLib_0091;;357,08;0,00;D;;AS;20240828
BQ;Banque BQ;;20240410;51200000;CompteLib_0033;;;24D51;20240410;EcritureLib_0091;;0,00;357,08;C;;;
BQ;Banque BQ;;20240410;62700000;CompteLib_0045;;;24D52;20240410;EcritureLib_0092;;10,08;0,00;D;;;
BQ;Banque BQ;;20240410;44566100;CompteLib_0025;;;24D52;20240410;EcritureLib_0092;;2,02;0,00;D;;;
BQ;Banque BQ;;20240410;51200000;CompteLib_0033;;;24D52;20240410;EcritureLib_0092;;0,00;12,10;C;;;
BQ;Banque BQ;;20240411;47100000;CompteLib_0043;;;24D53;20240411;EcritureLib_0093;;27,48;0,00;D;;;
BQ;Banque BQ;;20240411;51200000;CompteLib_0033;;;24D53;20240411;EcritureLib_0093;;0,00;27,48;C;;;
BQ;Banque BQ;;20240411;47100000;CompteLib_0043;;;24D54;20240411;EcritureLib_0094;;0,00;88,33;C;;;
BQ;Banque BQ;;20240411;51200000;CompteLib_0033;;;24D54;20240411;EcritureLib_0094;;88,33;0,00;D;;;
BQ;Banque BQ;;20240411;40100000;CompteLib_0011;FCARREFOUR;CARREFOUR;24D55;20240411;EcritureLib_0059;;62,46;0,00;D;;;
BQ;Banque BQ;;20240411;51200000;CompteLib_0033;;;24D55;20240411;EcritureLib_0059;;0,00;62,46;C;;;
BQ;Banque BQ;;20240411;51100000;CompteLib_0032;;;24D56;20240411;EcritureLib_0095;;0,00;299,50;C;;;
BQ;Banque BQ;;20240411;51200000;CompteLib_0033;;;24D56;20240411;EcritureLib_0095;;299,50;0,00;D;;;
BQ;Banque BQ;;20240411;51100000;CompteLib_0032;;;24D57;20240411;EcritureLib_0096;;0,00;8,50;C;;;
BQ;Banque BQ;;20240411;51200000;CompteLib_0033;;;24D57;20240411;EcritureLib_0096;;8,50;0,00;D;;;
BQ;Banque BQ;;20240412;51140000;CompteLib_0044;;;24D58;20240412;EcritureLib_0097;;0,00;46,28;C;;;
BQ;Banque BQ;;20240412;51200000;CompteLib_0033;;;24D58;20240412;EcritureLib_0097;;46,28;0,00;D;;;
BQ;Banque BQ;;20240412;51100000;CompteLib_0032;;;24D59;20240412;EcritureLib_0098;;0,00;229,80;C;;;
BQ;Banque BQ;;20240412;51200000;CompteLib_0033;;;24D59;20240412;EcritureLib_0098;;229,80;0,00;D;;;
BQ;Banque BQ;;20240412;51100000;CompteLib_0032;;;24D60;20240412;EcritureLib_0099;;0,00;93,10;C;;;
BQ;Banque BQ;;20240412;51200000;CompteLib_0033;;;24D60;20240412;EcritureLib_0099;;93,10;0,00;D;;;
BQ;Banque BQ;;20240412;47100000;CompteLib_0043;;;24D61;20240412;EcritureLib_0100;;831,79;0,00;D;;;
BQ;Banque BQ;;20240412;51200000;CompteLib_0033;;;24D61;20240412;EcritureLib_0100;;0,00;831,79;C;;;
BQ;Banque BQ;;20240413;51100000;CompteLib_0032;;;24D62;20240413;EcritureLib_0101;;0,00;935,80;C;;;
BQ;Banque BQ;;20240413;51200000;CompteLib_0033;;;24D62;20240413;EcritureLib_0101;;935,80;0,00;D;;;
BQ;Banque BQ;;20240413;51100000;CompteLib_0032;;;24D63;20240413;EcritureLib_0102;;0,00;30,50;C;;;
BQ;Banque BQ;;20240413;51200000;CompteLib_0033;;;24D63;20240413;EcritureLib_0102;;30,50;0,00;D;;;
BQ;Banque BQ;;20240414;51100000;CompteLib_0032;;;24D64;20240414;EcritureLib_0103;;0,00;326,04;C;;;
BQ;Banque BQ;;20240414;51200000;CompteLib_0033;;;24D64;20240414;EcritureLib_0103;;326,04;0,00;D;;;
BQ;Banque BQ;;20240414;51100000;CompteLib_0032;;;24D65;20240414;EcritureLib_0104;;0,00;40,80;C;;;
BQ;Banque BQ;;20240414;51200000;CompteLib_0033;;;24D65;20240414;EcritureLib_0104;;40,80;0,00;D;;;
BQ;Banque BQ;;20240415;47100000;CompteLib_0043;;;24D66;20240415;EcritureLib_0105;;0,00;127,15;C;;;
BQ;Banque BQ;;20240415;51200000;CompteLib_0033;;;24D66;20240415;EcritureLib_0105;;127,15;0,00;D;;;
BQ;Banque BQ;;20240415;47100000;CompteLib_0043;;;24D67;20240415;EcritureLib_0106;;0,00;23,80;C;;;
BQ;Banque BQ;;20240415;51200000;CompteLib_0033;;;24D67;20240415;EcritureLib_0106;;23,80;0,00;D;;;
BQ;Banque BQ;;20240415;40100000;CompteLib_0011;FCARREFOUR;CARREFOUR;24D68;20240415;EcritureLib_0059;;92,51;0,00;D;;;
BQ;Banque BQ;;20240415;51200000;CompteLib_0033;;;24D68;20240415;EcritureLib_0059;;0,00;92,51;C;;;
BQ;Banque BQ;;20240415;40100000;CompteLib_0011;FCARREFOUR;CARREFOUR;24D69;20240415;EcritureLib_0059;;75,30;0,00;D;;;
BQ;Banque BQ;;20240415;51200000;CompteLib_0033;;;24D69;20240415;EcritureLib_0059;;0,00;75,30;C;;;
BQ;Banque BQ;;20240415;51100000;CompteLib_0032;;;24D70;20240415;EcritureLib_0107;;0,00;501,90;C;;;
BQ;Banque BQ;;20240415;51200000;CompteLib_0033;;;24D70;20240415;EcritureLib_0107;;501,90;0,00;D;;;
BQ;Banque BQ;;20240415;51100000;CompteLib_0032;;;24D71;20240415;EcritureLib_0108;;0,00;147,80;C;;;
BQ;Banque BQ;;20240415;51200000;CompteLib_0033;;;24D71;20240415;EcritureLib_0108;;147,80;0,00;D;;;
BQ;Banque BQ;;20240416;47100000;CompteLib_0043;;;24D72;20240416;EcritureLib_0109;;570,00;0,00;D;;;
BQ;Banque BQ;;20240416;51200000;CompteLib_0033;;;24D72;20240416;EcritureLib_0109;;0,00;570,00;C;;;
BQ;Banque BQ;;20240417;47100000;CompteLib_0043;;;24D73;20240417;EcritureLib_0110;;0,00;87,39;C;;;
BQ;Banque BQ;;20240417;51200000;CompteLib_0033;;;24D73;20240417;EcritureLib_0110;;87,39;0,00;D;;;
BQ;Banque BQ;;20240417;40100000;CompteLib_0011;FCARBURANT;CARBURANT;24D74;20240417;EcritureLib_0111;;97,00;0,00;D;;;
BQ;Banque BQ;;20240417;51200000;CompteLib_0033;;;24D74;20240417;EcritureLib_0111;;0,00;97,00;C;;;
BQ;Banque BQ;;20240417;40100000;CompteLib_0011;FCARREFOUR;CARREFOUR;24D75;20240417;EcritureLib_0059;;28,02;0,00;D;;;
BQ;Banque BQ;;20240417;51200000;CompteLib_0033;;;24D75;20240417;EcritureLib_0059;;0,00;28,02;C;;;
BQ;Banque BQ;;20240417;51100000;CompteLib_0032;;;24D76;20240417;EcritureLib_0112;;0,00;126,30;C;;;
BQ;Banque BQ;;20240417;51200000;CompteLib_0033;;;24D76;20240417;EcritureLib_0112;;126,30;0,00;D;;;
BQ;Banque BQ;;20240417;40100000;CompteLib_0011;FNOYEZTOUNAI;NOYEZ TOURNAI;24D77;20240417;EcritureLib_0113;;315,91;0,00;D;;;
BQ;Banque BQ;;20240417;51200000;CompteLib_0033;;;24D77;20240417;EcritureLib_0113;;0,00;315,91;C;;;
BQ;Banque BQ;;20240417;47100000;CompteLib_0043;;;24D78;20240417;EcritureLib_0114;;300,00;0,00;D;;;
BQ;Banque BQ;;20240417;51200000;CompteLib_0033;;;24D78;20240417;EcritureLib_0114;;0,00;300,00;C;;;
BQ;Banque BQ;;20240418;47100000;CompteLib_0043;;;24D79;20240418;EcritureLib_0115;;4,16;0,00;D;;;
BQ;Banque BQ;;20240418;51200000;CompteLib_0033;;;24D79;20240418;EcritureLib_0115;;0,00;4,16;C;;;
BQ;Banque BQ;;20240418;47100000;CompteLib_0043;;;24D80;20240418;EcritureLib_0116;;0,00;17,07;C;;;
BQ;Banque BQ;;20240418;51200000;CompteLib_0033;;;24D80;20240418;EcritureLib_0116;;17,07;0,00;D;;;
BQ;Banque BQ;;20240418;47100000;CompteLib_0043;;;24D81;20240418;EcritureLib_0117;;0,00;17,18;C;;;
BQ;Banque BQ;;20240418;51200000;CompteLib_0033;;;24D81;20240418;EcritureLib_0117;;17,18;0,00;D;;;
BQ;Banque BQ;;20240418;40100000;CompteLib_0011;FCARREFOUR;CARREFOUR;24D82;20240418;EcritureLib_0059;;23,63;0,00;D;;;
BQ;Banque BQ;;20240418;51200000;CompteLib_0033;;;24D82;20240418;EcritureLib_0059;;0,00;23,63;C;;;
BQ;Banque BQ;;20240418;51100000;CompteLib_0032;;;24D83;20240418;EcritureLib_0118;;0,00;399,43;C;;;
BQ;Banque BQ;;20240418;51200000;CompteLib_0033;;;24D83;20240418;EcritureLib_0118;;399,43;0,00;D;;;
BQ;Banque BQ;;20240418;51100000;CompteLib_0032;;;24D84;20240418;EcritureLib_0119;;0,00;81,20;C;;;
BQ;Banque BQ;;20240418;51200000;CompteLib_0033;;;24D84;20240418;EcritureLib_0119;;81,20;0,00;D;;;
BQ;Banque BQ;;20240419;40100000;CompteLib_0011;FSTC;STC;24D85;20240419;EcritureLib_0120;;70,20;0,00;D;;J;20240424
BQ;Banque BQ;;20240419;51200000;CompteLib_0033;;;24D85;20240419;EcritureLib_0120;;0,00;70,20;C;;;
BQ;Banque BQ;;20240419;40100000;CompteLib_0011;FSTC;STC;24D86;20240419;EcritureLib_0120;;238,80;0,00;D;;;
BQ;Banque BQ;;20240419;51200000;CompteLib_0033;;;24D86;20240419;EcritureLib_0120;;0,00;238,80;C;;;
BQ;Banque BQ;;20240419;51140000;CompteLib_0044;;;24D87;20240419;EcritureLib_0121;;0,00;43,56;C;;;
BQ;Banque BQ;;20240419;51200000;CompteLib_0033;;;24D87;20240419;EcritureLib_0121;;43,56;0,00;D;;;
BQ;Banque BQ;;20240419;51100000;CompteLib_0032;;;24D88;20240419;EcritureLib_0122;;0,00;265,40;C;;;
BQ;Banque BQ;;20240419;51200000;CompteLib_0033;;;24D88;20240419;EcritureLib_0122;;265,40;0,00;D;;;
BQ;Banque BQ;;20240419;47100000;CompteLib_0043;;;24D89;20240419;EcritureLib_0123;;725,80;0,00;D;;;
BQ;Banque BQ;;20240419;51200000;CompteLib_0033;;;24D89;20240419;EcritureLib_0123;;0,00;725,80;C;;;
BQ;Banque BQ;;20240419;47100000;CompteLib_0043;;;24D90;20240419;EcritureLib_0124;;27,45;0,00;D;;;
BQ;Banque BQ;;20240419;51200000;CompteLib_0033;;;24D90;20240419;EcritureLib_0124;;0,00;27,45;C;;;
BQ;Banque BQ;;20240420;51100000;CompteLib_0032;;;24D91;20240420;EcritureLib_0125;;0,00;961,65;C;;;
BQ;Banque BQ;;20240420;51200000;CompteLib_0033;;;24D91;20240420;EcritureLib_0125;;961,65;0,00;D;;;
BQ;Banque BQ;;20240420;51100000;CompteLib_0032;;;24D92;20240420;EcritureLib_0126;;0,00;106,45;C;;;
BQ;Banque BQ;;20240420;51200000;CompteLib_0033;;;24D92;20240420;EcritureLib_0126;;106,45;0,00;D;;;
BQ;Banque BQ;;20240421;51100000;CompteLib_0032;;;24D93;20240421;EcritureLib_0127;;0,00;417,00;C;;;
BQ;Banque BQ;;20240421;51200000;CompteLib_0033;;;24D93;20240421;EcritureLib_0127;;417,00;0,00;D;;;
BQ;Banque BQ;;20240421;51100000;CompteLib_0032;;;24D94;20240421;EcritureLib_0128;;0,00;58,00;C;;;
BQ;Banque BQ;;20240421;51200000;CompteLib_0033;;;24D94;20240421;EcritureLib_0128;;58,00;0,00;D;;;
BQ;Banque BQ;;20240422;61200000;CompteLib_0047;;;24D95;20240422;EcritureLib_0129;;326,91;0,00;D;;;
BQ;Banque BQ;;20240422;51200000;CompteLib_0033;;;24D95;20240422;EcritureLib_0129;;0,00;326,91;C;;;
BQ;Banque BQ;;20240422;40100000;CompteLib_0011;FCARREFOUR;CARREFOUR;24D96;20240422;EcritureLib_0059;;85,18;0,00;D;;;
BQ;Banque BQ;;20240422;51200000;CompteLib_0033;;;24D96;20240422;EcritureLib_0059;;0,00;85,18;C;;;
BQ;Banque BQ;;20240422;40100000;CompteLib_0011;FCARREFOUR;CARREFOUR;24D97;20240422;EcritureLib_0059;;85,50;0,00;D;;;
BQ;Banque BQ;;20240422;51200000;CompteLib_0033;;;24D97;20240422;EcritureLib_0059;;0,00;85,50;C;;;
BQ;Banque BQ;;20240422;51100000;CompteLib_0032;;;24D98;20240422;EcritureLib_0130;;0,00;438,67;C;;;
BQ;Banque BQ;;20240422;51200000;CompteLib_0033;;;24D98;20240422;EcritureLib_0130;;438,67;0,00;D;;;
BQ;Banque BQ;;20240422;51100000;CompteLib_0032;;;24D99;20240422;EcritureLib_0131;;0,00;322,70;C;;;
BQ;Banque BQ;;20240422;51200000;CompteLib_0033;;;24D99;20240422;EcritureLib_0131;;322,70;0,00;D;;;
BQ;Banque BQ;;20240422;40100000;CompteLib_0011;FLOTQU;LOT QUALITE;24D100;20240422;EcritureLib_0132;;555,99;0,00;D;;;
BQ;Banque BQ;;20240422;51200000;CompteLib_0033;;;24D100;20240422;EcritureLib_0132;;0,00;555,99;C;;;
BQ;Banque BQ;;20240422;40100000;CompteLib_0011;FLOTQU;LOT QUALITE;24D101;20240422;EcritureLib_0133;;1192,68;0,00;D;;;
BQ;Banque BQ;;20240422;51200000;CompteLib_0033;;;24D101;20240422;EcritureLib_0133;;0,00;1192,68;C;;;
BQ;Banque BQ;;20240422;62700000;CompteLib_0045;;;24D102;20240422;EcritureLib_0134;;3,50;0,00;D;;;
BQ;Banque BQ;;20240422;44566100;CompteLib_0025;;;24D102;20240422;EcritureLib_0134;;0,70;0,00;D;;;
BQ;Banque BQ;;20240422;51200000;CompteLib_0033;;;24D102;20240422;EcritureLib_0134;;0,00;4,20;C;;;
BQ;Banque BQ;;20240422;16400000;CompteLib_0005;;;24D103;20240422;EcritureLib_0135;;2,27;0,00;D;;;
BQ;Banque BQ;;20240422;51200000;CompteLib_0033;;;24D103;20240422;EcritureLib_0135;;0,00;2,27;C;;;
BQ;Banque BQ;;20240422;16400000;CompteLib_0005;;;24D104;20240422;EcritureLib_0136;;200,49;0,00;D;;;
BQ;Banque BQ;;20240422;51200000;CompteLib_0033;;;24D104;20240422;EcritureLib_0136;;0,00;200,49;C;;;
BQ;Banque BQ;;20240424;44551000;CompteLib_0024;;;24D105;20240424;EcritureLib_0137;;559,00;0,00;D;;;
BQ;Banque BQ;;20240424;51200000;CompteLib_0033;;;24D105;20240424;EcritureLib_0137;;0,00;559,00;C;;;
BQ;Banque BQ;;20240424;47100000;CompteLib_0043;;;24D106;20240424;EcritureLib_0138;;29,82;0,00;D;;;
BQ;Banque BQ;;20240424;51200000;CompteLib_0033;;;24D106;20240424;EcritureLib_0138;;0,00;29,82;C;;;
BQ;Banque BQ;;20240424;40100000;CompteLib_0011;FSACEM;SACEM / SPRE;24D107;20240424;EcritureLib_0139;;98,33;0,00;D;;;
BQ;Banque BQ;;20240424;51200000;CompteLib_0033;;;24D107;20240424;EcritureLib_0139;;0,00;98,33;C;;;
BQ;Banque BQ;;20240424;47100000;CompteLib_0043;;;24D108;20240424;EcritureLib_0140;;0,00;4,79;C;;;
BQ;Banque BQ;;20240424;51200000;CompteLib_0033;;;24D108;20240424;EcritureLib_0140;;4,79;0,00;D;;;
BQ;Banque BQ;;20240424;40100000;CompteLib_0011;FCARREFOUR;CARREFOUR;24D109;20240424;EcritureLib_0059;;32,15;0,00;D;;;
BQ;Banque BQ;;20240424;51200000;CompteLib_0033;;;24D109;20240424;EcritureLib_0059;;0,00;32,15;C;;;
BQ;Banque BQ;;20240424;51100000;CompteLib_0032;;;24D110;20240424;EcritureLib_0141;;0,00;256,90;C;;;
BQ;Banque BQ;;20240424;51200000;CompteLib_0033;;;24D110;20240424;EcritureLib_0141;;256,90;0,00;D;;;
BQ;Banque BQ;;20240424;47100000;CompteLib_0043;;;24D111;20240424;EcritureLib_0142;;0,00;3080,00;C;;;
BQ;Banque BQ;;20240424;51200000;CompteLib_0033;;;24D111;20240424;EcritureLib_0142;;3080,00;0,00;D;;;
BQ;Banque BQ;;20240425;47100000;CompteLib_0043;;;24D112;20240425;EcritureLib_0143;;951,48;0,00;D;;;
BQ;Banque BQ;;20240425;51200000;CompteLib_0033;;;24D112;20240425;EcritureLib_0143;;0,00;951,48;C;;;
BQ;Banque BQ;;20240425;47100000;CompteLib_0043;;;24D113;20240425;EcritureLib_0144;;0,00;22,87;C;;;
BQ;Banque BQ;;20240425;51200000;CompteLib_0033;;;24D113;20240425;EcritureLib_0144;;22,87;0,00;D;;;
BQ;Banque BQ;;20240425;47100000;CompteLib_0043;;;24D114;20240425;EcritureLib_0145;;0,00;61,58;C;;;
BQ;Banque BQ;;20240425;51200000;CompteLib_0033;;;24D114;20240425;EcritureLib_0145;;61,58;0,00;D;;;
BQ;Banque BQ;;20240425;40100000;CompteLib_0011;FCARREFOUR;CARREFOUR;24D115;20240425;EcritureLib_0059;;21,38;0,00;D;;;
BQ;Banque BQ;;20240425;51200000;CompteLib_0033;;;24D115;20240425;EcritureLib_0059;;0,00;21,38;C;;;
BQ;Banque BQ;;20240425;51100000;CompteLib_0032;;;24D116;20240425;EcritureLib_0146;;0,00;191,50;C;;;
BQ;Banque BQ;;20240425;51200000;CompteLib_0033;;;24D116;20240425;EcritureLib_0146;;191,50;0,00;D;;;
BQ;Banque BQ;;20240426;43703000;CompteLib_0017;;;24D117;20240426;EcritureLib_0147;;124,77;0,00;D;;;
BQ;Banque BQ;;20240426;51200000;CompteLib_0033;;;24D117;20240426;EcritureLib_0147;;0,00;124,77;C;;;
BQ;Banque BQ;;20240426;51140000;CompteLib_0044;;;24D118;20240426;EcritureLib_0148;;0,00;161,02;C;;;
BQ;Banque BQ;;20240426;51200000;CompteLib_0033;;;24D118;20240426;EcritureLib_0148;;161,02;0,00;D;;;
BQ;Banque BQ;;20240426;51100000;CompteLib_0032;;;24D119;20240426;EcritureLib_0149;;0,00;164,40;C;;;
BQ;Banque BQ;;20240426;51200000;CompteLib_0033;;;24D119;20240426;EcritureLib_0149;;164,40;0,00;D;;;
BQ;Banque BQ;;20240427;51100000;CompteLib_0032;;;24D120;20240427;EcritureLib_0150;;0,00;688,90;C;;;
BQ;Banque BQ;;20240427;51200000;CompteLib_0033;;;24D120;20240427;EcritureLib_0150;;688,90;0,00;D;;;
BQ;Banque BQ;;20240427;51100000;CompteLib_0032;;;24D121;20240427;EcritureLib_0151;;0,00;142,00;C;;;
BQ;Banque BQ;;20240427;51200000;CompteLib_0033;;;24D121;20240427;EcritureLib_0151;;142,00;0,00;D;;;
BQ;Banque BQ;;20240428;51100000;CompteLib_0032;;;24D122;20240428;EcritureLib_0152;;0,00;376,95;C;;;
BQ;Banque BQ;;20240428;51200000;CompteLib_0033;;;24D122;20240428;EcritureLib_0152;;376,95;0,00;D;;;
BQ;Banque BQ;;20240428;51100000;CompteLib_0032;;;24D123;20240428;EcritureLib_0153;;0,00;121,10;C;;;
BQ;Banque BQ;;20240428;51200000;CompteLib_0033;;;24D123;20240428;EcritureLib_0153;;121,10;0,00;D;;;
BQ;Banque BQ;;20240429;40100000;CompteLib_0011;FORANGE;ORANGE;24D124;20240429;EcritureLib_0154;;60,00;0,00;D;;;
BQ;Banque BQ;;20240429;51200000;CompteLib_0033;;;24D124;20240429;EcritureLib_0154;;0,00;60,00;C;;;
BQ;Banque BQ;;20240429;40100000;CompteLib_0011;FCARREFOUR;CARREFOUR;24D125;20240429;EcritureLib_0059;;33,89;0,00;D;;;
BQ;Banque BQ;;20240429;51200000;CompteLib_0033;;;24D125;20240429;EcritureLib_0059;;0,00;33,89;C;;;
BQ;Banque BQ;;20240429;40100000;CompteLib_0011;FCARREFOUR;CARREFOUR;24D126;20240429;EcritureLib_0059;;50,42;0,00;D;;;
BQ;Banque BQ;;20240429;51200000;CompteLib_0033;;;24D126;20240429;EcritureLib_0059;;0,00;50,42;C;;;
BQ;Banque BQ;;20240429;60100000;CompteLib_0038;;;24D127;20240429;EcritureLib_0155;;38,61;0,00;D;;;
BQ;Banque BQ;;20240429;51200000;CompteLib_0033;;;24D127;20240429;EcritureLib_0155;;0,00;38,61;C;;;
BQ;Banque BQ;;20240429;51100000;CompteLib_0032;;;24D128;20240429;EcritureLib_0156;;0,00;474,40;C;;;
BQ;Banque BQ;;20240429;51200000;CompteLib_0033;;;24D128;20240429;EcritureLib_0156;;474,40;0,00;D;;;
BQ;Banque BQ;;20240429;51100000;CompteLib_0032;;;24D129;20240429;EcritureLib_0157;;0,00;140,30;C;;;
BQ;Banque BQ;;20240429;51200000;CompteLib_0033;;;24D129;20240429;EcritureLib_0157;;140,30;0,00;D;;;
BQ;Banque BQ;;20240502;47100000;CompteLib_0043;;;24E1;20240502;EcritureLib_0158;;816,50;0,00;D;;;
BQ;Banque BQ;;20240502;51200000;CompteLib_0033;;;24E1;20240502;EcritureLib_0158;;0,00;816,50;C;;;
BQ;Banque BQ;;20240502;61600000;CompteLib_0042;;;24E2;20240502;EcritureLib_0159;;108,45;0,00;D;;;
BQ;Banque BQ;;20240502;51200000;CompteLib_0033;;;24E2;20240502;EcritureLib_0159;;0,00;108,45;C;;;
BQ;Banque BQ;;20240502;47100000;CompteLib_0043;;;24E3;20240502;EcritureLib_0160;;0,00;77,21;C;;;
BQ;Banque BQ;;20240502;51200000;CompteLib_0033;;;24E3;20240502;EcritureLib_0160;;77,21;0,00;D;;;
BQ;Banque BQ;;20240502;47100000;CompteLib_0043;;;24E4;20240502;EcritureLib_0161;;0,00;22,37;C;;;
BQ;Banque BQ;;20240502;51200000;CompteLib_0033;;;24E4;20240502;EcritureLib_0161;;22,37;0,00;D;;;
BQ;Banque BQ;;20240502;47100000;CompteLib_0043;;;24E5;20240502;EcritureLib_0162;;0,00;40,20;C;;;
BQ;Banque BQ;;20240502;51200000;CompteLib_0033;;;24E5;20240502;EcritureLib_0162;;40,20;0,00;D;;;
BQ;Banque BQ;;20240502;47100000;CompteLib_0043;;;24E6;20240502;EcritureLib_0163;;940,26;0,00;D;;;
BQ;Banque BQ;;20240502;51200000;CompteLib_0033;;;24E6;20240502;EcritureLib_0163;;0,00;940,26;C;;;
BQ;Banque BQ;;20240503;61600000;CompteLib_0042;;;24E7;20240503;EcritureLib_0164;;3,24;0,00;D;;;
BQ;Banque BQ;;20240503;51200000;CompteLib_0033;;;24E7;20240503;EcritureLib_0164;;0,00;3,24;C;;;
BQ;Banque BQ;;20240503;51140000;CompteLib_0044;;;24E8;20240503;EcritureLib_0165;;0,00;58,72;C;;;
BQ;Banque BQ;;20240503;51200000;CompteLib_0033;;;24E8;20240503;EcritureLib_0165;;58,72;0,00;D;;;
BQ;Banque BQ;;20240503;47100000;CompteLib_0043;;;24E9;20240503;EcritureLib_0166;;0,00;12,78;C;;;
BQ;Banque BQ;;20240503;51200000;CompteLib_0033;;;24E9;20240503;EcritureLib_0166;;12,78;0,00;D;;;
BQ;Banque BQ;;20240503;60100000;CompteLib_0038;;;24E10;20240503;EcritureLib_0155;;31,06;0,00;D;;;
BQ;Banque BQ;;20240503;51200000;CompteLib_0033;;;24E10;20240503;EcritureLib_0155;;0,00;31,06;C;;;
BQ;Banque BQ;;20240503;51100000;CompteLib_0032;;;24E11;20240503;EcritureLib_0167;;0,00;219,00;C;;;
BQ;Banque BQ;;20240503;51200000;CompteLib_0033;;;24E11;20240503;EcritureLib_0167;;219,00;0,00;D;;;
BQ;Banque BQ;;20240503;47100000;CompteLib_0043;;;24E12;20240503;EcritureLib_0168;;672,42;0,00;D;;;
BQ;Banque BQ;;20240503;51200000;CompteLib_0033;;;24E12;20240503;EcritureLib_0168;;0,00;672,42;C;;;
BQ;Banque BQ;;20240503;61600000;CompteLib_0042;;;24E13;20240503;EcritureLib_0169;;24,08;0,00;D;;;
BQ;Banque BQ;;20240503;51200000;CompteLib_0033;;;24E13;20240503;EcritureLib_0169;;0,00;24,08;C;;;
BQ;Banque BQ;;20240504;51100000;CompteLib_0032;;;24E14;20240504;EcritureLib_0170;;0,00;789,08;C;;;
BQ;Banque BQ;;20240504;51200000;CompteLib_0033;;;24E14;20240504;EcritureLib_0170;;789,08;0,00;D;;;
BQ;Banque BQ;;20240504;51100000;CompteLib_0032;;;24E15;20240504;EcritureLib_0171;;0,00;73,70;C;;;
BQ;Banque BQ;;20240504;51200000;CompteLib_0033;;;24E15;20240504;EcritureLib_0171;;73,70;0,00;D;;;
BQ;Banque BQ;;20240504;42100000;CompteLib_0012;;;24E16;20240504;EcritureLib_0172;;629,36;0,00;D;;;
BQ;Banque BQ;;20240504;51200000;CompteLib_0033;;;24E16;20240504;EcritureLib_0172;;0,00;629,36;C;;;
BQ;Banque BQ;;20240504;42100000;CompteLib_0012;;;24E17;20240504;EcritureLib_0173;;472,71;0,00;D;;;
BQ;Banque BQ;;20240504;51200000;CompteLib_0033;;;24E17;20240504;EcritureLib_0173;;0,00;472,71;C;;;
BQ;Banque BQ;;20240504;42100000;CompteLib_0012;;;24E18;20240504;EcritureLib_0174;;322,94;0,00;D;;;
BQ;Banque BQ;;20240504;51200000;CompteLib_0033;;;24E18;20240504;EcritureLib_0174;;0,00;322,94;C;;;
BQ;Banque BQ;;20240505;62700000;CompteLib_0045;;;24E19;20240505;EcritureLib_0175;;57,20;0,00;D;;;
BQ;Banque BQ;;20240505;44566100;CompteLib_0025;;;24E19;20240505;EcritureLib_0175;;11,44;0,00;D;;;
BQ;Banque BQ;;20240505;51200000;CompteLib_0033;;;24E19;20240505;EcritureLib_0175;;0,00;68,64;C;;;
BQ;Banque BQ;;20240505;51100000;CompteLib_0032;;;24E20;20240505;EcritureLib_0176;;0,00;576,80;C;;;
BQ;Banque BQ;;20240505;51200000;CompteLib_0033;;;24E20;20240505;EcritureLib_0176;;576,80;0,00;D;;;
BQ;Banque BQ;;20240505;51100000;CompteLib_0032;;;24E21;20240505;EcritureLib_0177;;0,00;232,50;C;;;
BQ;Banque BQ;;20240505;51200000;CompteLib_0033;;;24E21;20240505;EcritureLib_0177;;232,50;0,00;D;;;
BQ;Banque BQ;;20240506;61600000;CompteLib_0042;;;24E24;20240506;EcritureLib_0178;;63,43;0,00;D;;;
BQ;Banque BQ;;20240506;51200000;CompteLib_0033;;;24E24;20240506;EcritureLib_0178;;0,00;63,43;C;;;
BQ;Banque BQ;;20240506;47100000;CompteLib_0043;;;24E25;20240506;EcritureLib_0179;;6,35;0,00;D;;;
BQ;Banque BQ;;20240506;51200000;CompteLib_0033;;;24E25;20240506;EcritureLib_0179;;0,00;6,35;C;;;
BQ;Banque BQ;;20240506;47100000;CompteLib_0043;;;24E26;20240506;EcritureLib_0180;;89,00;0,00;D;;;
BQ;Banque BQ;;20240506;51200000;CompteLib_0033;;;24E26;20240506;EcritureLib_0180;;0,00;89,00;C;;;
BQ;Banque BQ;;20240506;47100000;CompteLib_0043;;;24E27;20240506;EcritureLib_0067;;0,00;130,00;C;;;
BQ;Banque BQ;;20240506;51200000;CompteLib_0033;;;24E27;20240506;EcritureLib_0067;;130,00;0,00;D;;;
BQ;Banque BQ;;20240506;61321000;CompteLib_0046;;;24E28;20240506;EcritureLib_0074;;1000,00;0,00;D;;;
BQ;Banque BQ;;20240506;44566100;CompteLib_0025;;;24E28;20240506;EcritureLib_0074;;200,00;0,00;D;;;
BQ;Banque BQ;;20240506;51200000;CompteLib_0033;;;24E28;20240506;EcritureLib_0074;;0,00;1200,00;C;;;
BQ;Banque BQ;;20240506;60100000;CompteLib_0038;;;24E29;20240506;EcritureLib_0155;;18,12;0,00;D;;;
BQ;Banque BQ;;20240506;51200000;CompteLib_0033;;;24E29;20240506;EcritureLib_0155;;0,00;18,12;C;;;
BQ;Banque BQ;;20240506;47100000;CompteLib_0043;;;24E30;20240506;EcritureLib_0181;;10,82;0,00;D;;;
BQ;Banque BQ;;20240506;51200000;CompteLib_0033;;;24E30;20240506;EcritureLib_0181;;0,00;10,82;C;;;
BQ;Banque BQ;;20240506;60100000;CompteLib_0038;;;24E31;20240506;EcritureLib_0155;;30,35;0,00;D;;;
BQ;Banque BQ;;20240506;51200000;CompteLib_0033;;;24E31;20240506;EcritureLib_0155;;0,00;30,35;C;;;
BQ;Banque BQ;;20240506;51100000;CompteLib_0032;;;24E32;20240506;EcritureLib_0182;;0,00;574,80;C;;;
BQ;Banque BQ;;20240506;51200000;CompteLib_0033;;;24E32;20240506;EcritureLib_0182;;574,80;0,00;D;;;
BQ;Banque BQ;;20240506;51100000;CompteLib_0032;;;24E33;20240506;EcritureLib_0183;;0,00;52,90;C;;;
BQ;Banque BQ;;20240506;51200000;CompteLib_0033;;;24E33;20240506;EcritureLib_0183;;52,90;0,00;D;;;
BQ;Banque BQ;;20240507;47100000;CompteLib_0043;;;24E34;20240507;EcritureLib_0184;;27,48;0,00;D;;;
BQ;Banque BQ;;20240507;51200000;CompteLib_0033;;;24E34;20240507;EcritureLib_0184;;0,00;27,48;C;;;
BQ;Banque BQ;;20240507;47100000;CompteLib_0043;;;24E35;20240507;EcritureLib_0185;;0,00;39,25;C;;;
BQ;Banque BQ;;20240507;51200000;CompteLib_0033;;;24E35;20240507;EcritureLib_0185;;39,25;0,00;D;;;
BQ;Banque BQ;;20240510;47100000;CompteLib_0043;;;24E37;20240510;EcritureLib_0186;;142,74;0,00;D;;;
BQ;Banque BQ;;20240510;51200000;CompteLib_0033;;;24E37;20240510;EcritureLib_0186;;0,00;142,74;C;;;
BQ;Banque BQ;;20240510;47100000;CompteLib_0043;;;24E38;20240510;EcritureLib_0187;;0,00;58,65;C;;;
BQ;Banque BQ;;20240510;51200000;CompteLib_0033;;;24E38;20240510;EcritureLib_0187;;58,65;0,00;D;;;
BQ;Banque BQ;;20240510;47100000;CompteLib_0043;;;24E39;20240510;EcritureLib_0188;;0,00;54,07;C;;;
BQ;Banque BQ;;20240510;51200000;CompteLib_0033;;;24E39;20240510;EcritureLib_0188;;54,07;0,00;D;;;
BQ;Banque BQ;;20240510;16400000;CompteLib_0005;;;24E40;20240510;EcritureLib_0189;;10,48;0,00;D;;;
BQ;Banque BQ;;20240510;51200000;CompteLib_0033;;;24E40;20240510;EcritureLib_0189;;0,00;10,48;C;;;
BQ;Banque BQ;;20240510;16400000;CompteLib_0005;;;24E41;20240510;EcritureLib_0190;;694,12;0,00;D;;;
BQ;Banque BQ;;20240510;51200000;CompteLib_0033;;;24E41;20240510;EcritureLib_0190;;0,00;694,12;C;;;
BQ;Banque BQ;;20240510;62700000;CompteLib_0045;;;24E42;20240510;EcritureLib_0092;;10,08;0,00;D;;;
BQ;Banque BQ;;20240510;44566100;CompteLib_0025;;;24E42;20240510;EcritureLib_0092;;2,02;0,00;D;;;
BQ;Banque BQ;;20240510;51200000;CompteLib_0033;;;24E42;20240510;EcritureLib_0092;;0,00;12,10;C;;;
BQ;Banque BQ;;20240511;51100000;CompteLib_0032;;;24E43;20240511;EcritureLib_0191;;0,00;416,20;C;;;
BQ;Banque BQ;;20240511;51200000;CompteLib_0033;;;24E43;20240511;EcritureLib_0191;;416,20;0,00;D;;;
BQ;Banque BQ;;20240511;51100000;CompteLib_0032;;;24E44;20240511;EcritureLib_0192;;0,00;19,20;C;;;
BQ;Banque BQ;;20240511;51200000;CompteLib_0033;;;24E44;20240511;EcritureLib_0192;;19,20;0,00;D;;;
BQ;Banque BQ;;20240512;51100000;CompteLib_0032;;;24E45;20240512;EcritureLib_0193;;0,00;521,41;C;;;
BQ;Banque BQ;;20240512;51200000;CompteLib_0033;;;24E45;20240512;EcritureLib_0193;;521,41;0,00;D;;;
BQ;Banque BQ;;20240512;51100000;CompteLib_0032;;;24E46;20240512;EcritureLib_0194;;0,00;37,00;C;;;
BQ;Banque BQ;;20240512;51200000;CompteLib_0033;;;24E46;20240512;EcritureLib_0194;;37,00;0,00;D;;;
BQ;Banque BQ;;20240513;40100000;CompteLib_0011;FCARREFOUR;CARREFOUR;24E47;20240513;EcritureLib_0059;;86,31;0,00;D;;;
BQ;Banque BQ;;20240513;51200000;CompteLib_0033;;;24E47;20240513;EcritureLib_0059;;0,00;86,31;C;;;
BQ;Banque BQ;;20240513;47100000;CompteLib_0043;;;24E48;20240513;EcritureLib_0195;;124,49;0,00;D;;;
BQ;Banque BQ;;20240513;51200000;CompteLib_0033;;;24E48;20240513;EcritureLib_0195;;0,00;124,49;C;;;
BQ;Banque BQ;;20240513;40100000;CompteLib_0011;FCARREFOUR;CARREFOUR;24E49;20240513;EcritureLib_0059;;203,00;0,00;D;;;
BQ;Banque BQ;;20240513;51200000;CompteLib_0033;;;24E49;20240513;EcritureLib_0059;;0,00;203,00;C;;;
BQ;Banque BQ;;20240513;60100000;CompteLib_0038;;;24E50;20240513;EcritureLib_0155;;28,42;0,00;D;;;
BQ;Banque BQ;;20240513;51200000;CompteLib_0033;;;24E50;20240513;EcritureLib_0155;;0,00;28,42;C;;;
BQ;Banque BQ;;20240513;51100000;CompteLib_0032;;;24E51;20240513;EcritureLib_0196;;0,00;457,41;C;;;
BQ;Banque BQ;;20240513;51200000;CompteLib_0033;;;24E51;20240513;EcritureLib_0196;;457,41;0,00;D;;;
BQ;Banque BQ;;20240513;51100000;CompteLib_0032;;;24E52;20240513;EcritureLib_0197;;0,00;106,10;C;;;
BQ;Banque BQ;;20240513;51200000;CompteLib_0033;;;24E52;20240513;EcritureLib_0197;;106,10;0,00;D;;;
BQ;Banque BQ;;20240514;51140000;CompteLib_0044;;;24E53;20240514;EcritureLib_0198;;0,00;76,87;C;;;
BQ;Banque BQ;;20240514;51200000;CompteLib_0033;;;24E53;20240514;EcritureLib_0198;;76,87;0,00;D;;;
BQ;Banque BQ;;20240514;40100000;CompteLib_0011;FCARBURANT;CARBURANT;24E54;20240514;EcritureLib_0111;;94,00;0,00;D;;;
BQ;Banque BQ;;20240514;51200000;CompteLib_0033;;;24E54;20240514;EcritureLib_0111;;0,00;94,00;C;;;
BQ;Banque BQ;;20240515;40100000;CompteLib_0011;FCARREFOUR;CARREFOUR;24E55;20240515;EcritureLib_0059;;85,77;0,00;D;;;
BQ;Banque BQ;;20240515;51200000;CompteLib_0033;;;24E55;20240515;EcritureLib_0059;;0,00;85,77;C;;;
BQ;Banque BQ;;20240515;51100000;CompteLib_0032;;;24E56;20240515;EcritureLib_0199;;0,00;197,70;C;;;
BQ;Banque BQ;;20240515;51200000;CompteLib_0033;;;24E56;20240515;EcritureLib_0199;;197,70;0,00;D;;;
BQ;Banque BQ;;20240515;51100000;CompteLib_0032;;;24E57;20240515;EcritureLib_0200;;0,00;10,80;C;;;
BQ;Banque BQ;;20240515;51200000;CompteLib_0033;;;24E57;20240515;EcritureLib_0200;;10,80;0,00;D;;;
BQ;Banque BQ;;20240516;47100000;CompteLib_0043;;;24E58;20240516;EcritureLib_0201;;962,00;0,00;D;;;
BQ;Banque BQ;;20240516;51200000;CompteLib_0033;;;24E58;20240516;EcritureLib_0201;;0,00;962,00;C;;;
BQ;Banque BQ;;20240516;51100000;CompteLib_0032;;;24E59;20240516;EcritureLib_0202;;0,00;427,60;C;;;
BQ;Banque BQ;;20240516;51200000;CompteLib_0033;;;24E59;20240516;EcritureLib_0202;;427,60;0,00;D;;;
BQ;Banque BQ;;20240516;51100000;CompteLib_0032;;;24E60;20240516;EcritureLib_0203;;0,00;10,00;C;;;
BQ;Banque BQ;;20240516;51200000;CompteLib_0033;;;24E60;20240516;EcritureLib_0203;;10,00;0,00;D;;;
BQ;Banque BQ;;20240517;40100000;CompteLib_0011;FCARREFOUR;CARREFOUR;24E61;20240517;EcritureLib_0059;;51,55;0,00;D;;;
BQ;Banque BQ;;20240517;51200000;CompteLib_0033;;;24E61;20240517;EcritureLib_0059;;0,00;51,55;C;;;
BQ;Banque BQ;;20240517;51100000;CompteLib_0032;;;24E62;20240517;EcritureLib_0204;;0,00;279,40;C;;;
BQ;Banque BQ;;20240517;51200000;CompteLib_0033;;;24E62;20240517;EcritureLib_0204;;279,40;0,00;D;;;
BQ;Banque BQ;;20240517;51100000;CompteLib_0032;;;24E63;20240517;EcritureLib_0205;;0,00;45,40;C;;;
BQ;Banque BQ;;20240517;51200000;CompteLib_0033;;;24E63;20240517;EcritureLib_0205;;45,40;0,00;D;;;
BQ;Banque BQ;;20240518;51100000;CompteLib_0032;;;24E64;20240518;EcritureLib_0206;;0,00;819,90;C;;;
BQ;Banque BQ;;20240518;51200000;CompteLib_0033;;;24E64;20240518;EcritureLib_0206;;819,90;0,00;D;;;
BQ;Banque BQ;;20240518;51100000;CompteLib_0032;;;24E65;20240518;EcritureLib_0207;;0,00;12,80;C;;;
BQ;Banque BQ;;20240518;51200000;CompteLib_0033;;;24E65;20240518;EcritureLib_0207;;12,80;0,00;D;;;
BQ;Banque BQ;;20240519;51100000;CompteLib_0032;;;24E66;20240519;EcritureLib_0208;;0,00;480,30;C;;;
BQ;Banque BQ;;20240519;51200000;CompteLib_0033;;;24E66;20240519;EcritureLib_0208;;480,30;0,00;D;;;
BQ;Banque BQ;;20240519;51100000;CompteLib_0032;;;24E67;20240519;EcritureLib_0209;;0,00;57,60;C;;;
BQ;Banque BQ;;20240519;51200000;CompteLib_0033;;;24E67;20240519;EcritureLib_0209;;57,60;0,00;D;;;
BQ;Banque BQ;;20240520;47100000;CompteLib_0043;;;24E68;20240520;EcritureLib_0210;;4,20;0,00;D;;;
BQ;Banque BQ;;20240520;51200000;CompteLib_0033;;;24E68;20240520;EcritureLib_0210;;0,00;4,20;C;;;
BQ;Banque BQ;;20240520;61600000;CompteLib_0042;;;24E69;20240520;EcritureLib_0211;;53,14;0,00;D;;;
BQ;Banque BQ;;20240520;51200000;CompteLib_0033;;;24E69;20240520;EcritureLib_0211;;0,00;53,14;C;;;
BQ;Banque BQ;;20240521;61200000;CompteLib_0047;;;24E70;20240521;EcritureLib_0212;;326,91;0,00;D;;;
BQ;Banque BQ;;20240521;51200000;CompteLib_0033;;;24E70;20240521;EcritureLib_0212;;0,00;326,91;C;;;
BQ;Banque BQ;;20240521;51140000;CompteLib_0044;;;24E71;20240521;EcritureLib_0213;;0,00;69,97;C;;;
BQ;Banque BQ;;20240521;51200000;CompteLib_0033;;;24E71;20240521;EcritureLib_0213;;69,97;0,00;D;;;
BQ;Banque BQ;;20240521;40100000;CompteLib_0011;FNOYEZTOUNAI;NOYEZ TOURNAI;24E72;20240521;EcritureLib_0214;;59,58;0,00;D;;;
BQ;Banque BQ;;20240521;51200000;CompteLib_0033;;;24E72;20240521;EcritureLib_0214;;0,00;59,58;C;;;
BQ;Banque BQ;;20240521;40100000;CompteLib_0011;FCARREFOUR;CARREFOUR;24E73;20240521;EcritureLib_0059;;52,40;0,00;D;;;
BQ;Banque BQ;;20240521;51200000;CompteLib_0033;;;24E73;20240521;EcritureLib_0059;;0,00;52,40;C;;;
BQ;Banque BQ;;20240521;40100000;CompteLib_0011;FCARREFOUR;CARREFOUR;24E74;20240521;EcritureLib_0059;;57,71;0,00;D;;;
BQ;Banque BQ;;20240521;51200000;CompteLib_0033;;;24E74;20240521;EcritureLib_0059;;0,00;57,71;C;;;
BQ;Banque BQ;;20240521;40100000;CompteLib_0011;FFLEURS;FLEURS;24E75;20240521;EcritureLib_0215;;75,90;0,00;D;;;
BQ;Banque BQ;;20240521;51200000;CompteLib_0033;;;24E75;20240521;EcritureLib_0215;;0,00;75,90;C;;;
BQ;Banque BQ;;20240521;40100000;CompteLib_0011;FNOYEZTOUNAI;NOYEZ TOURNAI;24E76;20240521;EcritureLib_0216;;262,79;0,00;D;;;
BQ;Banque BQ;;20240521;51200000;CompteLib_0033;;;24E76;20240521;EcritureLib_0216;;0,00;262,79;C;;;
BQ;Banque BQ;;20240521;47100000;CompteLib_0043;;;24E77;20240521;EcritureLib_0217;;716,40;0,00;D;;;
BQ;Banque BQ;;20240521;51200000;CompteLib_0033;;;24E77;20240521;EcritureLib_0217;;0,00;716,40;C;;;
BQ;Banque BQ;;20240521;47100000;CompteLib_0043;;;24E78;20240521;EcritureLib_0218;;165,94;0,00;D;;;
BQ;Banque BQ;;20240521;51200000;CompteLib_0033;;;24E78;20240521;EcritureLib_0218;;0,00;165,94;C;;;
BQ;Banque BQ;;20240521;47100000;CompteLib_0043;;;24E79;20240521;EcritureLib_0219;;868,26;0,00;D;;;
BQ;Banque BQ;;20240521;51200000;CompteLib_0033;;;24E79;20240521;EcritureLib_0219;;0,00;868,26;C;;;
BQ;Banque BQ;;20240522;62700000;CompteLib_0045;;;24E80;20240522;EcritureLib_0220;;3,36;0,00;D;;;
BQ;Banque BQ;;20240522;44566100;CompteLib_0025;;;24E80;20240522;EcritureLib_0220;;0,67;0,00;D;;;
BQ;Banque BQ;;20240522;51200000;CompteLib_0033;;;24E80;20240522;EcritureLib_0220;;0,00;4,03;C;;;
BQ;Banque BQ;;20240522;16400000;CompteLib_0005;;;24E81;20240522;EcritureLib_0221;;2,18;0,00;D;;;
BQ;Banque BQ;;20240522;51200000;CompteLib_0033;;;24E81;20240522;EcritureLib_0221;;0,00;2,18;C;;;
BQ;Banque BQ;;20240522;16400000;CompteLib_0005;;;24E82;20240522;EcritureLib_0222;;200,58;0,00;D;;;
BQ;Banque BQ;;20240522;51200000;CompteLib_0033;;;24E82;20240522;EcritureLib_0222;;0,00;200,58;C;;;
BQ;Banque BQ;;20240522;47100000;CompteLib_0043;;;24E83;20240522;EcritureLib_0223;;0,00;8,66;C;;;
BQ;Banque BQ;;20240522;51200000;CompteLib_0033;;;24E83;20240522;EcritureLib_0223;;8,66;0,00;D;;;
BQ;Banque BQ;;20240522;40100000;CompteLib_0011;FCARREFOUR;CARREFOUR;24E84;20240522;EcritureLib_0059;;57,27;0,00;D;;;
BQ;Banque BQ;;20240522;51200000;CompteLib_0033;;;24E84;20240522;EcritureLib_0059;;0,00;57,27;C;;;
BQ;Banque BQ;;20240522;51100000;CompteLib_0032;;;24E85;20240522;EcritureLib_0224;;0,00;109,80;C;;;
BQ;Banque BQ;;20240522;51200000;CompteLib_0033;;;24E85;20240522;EcritureLib_0224;;109,80;0,00;D;;;
BQ;Banque BQ;;20240523;44551000;CompteLib_0024;;;24E86;20240523;EcritureLib_0225;;1100,00;0,00;D;;B;20240923
BQ;Banque BQ;;20240523;51200000;CompteLib_0033;;;24E86;20240523;EcritureLib_0225;;0,00;1100,00;C;;;
BQ;Banque BQ;;20240523;40100000;CompteLib_0011;FSTC;STC;24E87;20240523;EcritureLib_0226;;238,80;0,00;D;;N;20240528
BQ;Banque BQ;;20240523;51200000;CompteLib_0033;;;24E87;20240523;EcritureLib_0226;;0,00;238,80;C;;;
BQ;Banque BQ;;20240523;40100000;CompteLib_0011;FSTC;STC;24E88;20240523;EcritureLib_0226;;309,60;0,00;D;;;
BQ;Banque BQ;;20240523;51200000;CompteLib_0033;;;24E88;20240523;EcritureLib_0226;;0,00;309,60;C;;;
BQ;Banque BQ;;20240523;40100000;CompteLib_0011;FCARREFOUR;CARREFOUR;24E89;20240523;EcritureLib_0059;;61,93;0,00;D;;;
BQ;Banque BQ;;20240523;51200000;CompteLib_0033;;;24E89;20240523;EcritureLib_0059;;0,00;61,93;C;;;
BQ;Banque BQ;;20240523;51100000;CompteLib_0032;;;24E90;20240523;EcritureLib_0227;;0,00;195,30;C;;;
BQ;Banque BQ;;20240523;51200000;CompteLib_0033;;;24E90;20240523;EcritureLib_0227;;195,30;0,00;D;;;
BQ;Banque BQ;;20240524;51140000;CompteLib_0044;;;24E91;20240524;EcritureLib_0228;;0,00;125,81;C;;;
BQ;Banque BQ;;20240524;51200000;CompteLib_0033;;;24E91;20240524;EcritureLib_0228;;125,81;0,00;D;;;
BQ;Banque BQ;;20240524;47100000;CompteLib_0043;;;24E92;20240524;EcritureLib_0229;;0,00;22,21;C;;;
BQ;Banque BQ;;20240524;51200000;CompteLib_0033;;;24E92;20240524;EcritureLib_0229;;22,21;0,00;D;;;
BQ;Banque BQ;;20240524;51100000;CompteLib_0032;;;24E93;20240524;EcritureLib_0230;;0,00;244,00;C;;;
BQ;Banque BQ;;20240524;51200000;CompteLib_0033;;;24E93;20240524;EcritureLib_0230;;244,00;0,00;D;;;
BQ;Banque BQ;;20240524;51100000;CompteLib_0032;;;24E94;20240524;EcritureLib_0231;;0,00;24,80;C;;;
BQ;Banque BQ;;20240524;51200000;CompteLib_0033;;;24E94;20240524;EcritureLib_0231;;24,80;0,00;D;;;
BQ;Banque BQ;;20240524;47100000;CompteLib_0043;;;24E95;20240524;EcritureLib_0232;;43,84;0,00;D;;;
BQ;Banque BQ;;20240524;51200000;CompteLib_0033;;;24E95;20240524;EcritureLib_0232;;0,00;43,84;C;;;
BQ;Banque BQ;;20240524;47100000;CompteLib_0043;;;24E96;20240524;EcritureLib_0233;;56,13;0,00;D;;;
BQ;Banque BQ;;20240524;51200000;CompteLib_0033;;;24E96;20240524;EcritureLib_0233;;0,00;56,13;C;;;
BQ;Banque BQ;;20240524;47100000;CompteLib_0043;;;24E97;20240524;EcritureLib_0234;;881,75;0,00;D;;;
BQ;Banque BQ;;20240524;51200000;CompteLib_0033;;;24E97;20240524;EcritureLib_0234;;0,00;881,75;C;;;
BQ;Banque BQ;;20240525;51100000;CompteLib_0032;;;24E98;20240525;EcritureLib_0235;;0,00;676,10;C;;;
BQ;Banque BQ;;20240525;51200000;CompteLib_0033;;;24E98;20240525;EcritureLib_0235;;676,10;0,00;D;;;
BQ;Banque BQ;;20240525;51100000;CompteLib_0032;;;24E99;20240525;EcritureLib_0236;;0,00;263,20;C;;;
BQ;Banque BQ;;20240525;51200000;CompteLib_0033;;;24E99;20240525;EcritureLib_0236;;263,20;0,00;D;;;
BQ;Banque BQ;;20240526;51100000;CompteLib_0032;;;24E100;20240526;EcritureLib_0237;;0,00;435,85;C;;;
BQ;Banque BQ;;20240526;51200000;CompteLib_0033;;;24E100;20240526;EcritureLib_0237;;435,85;0,00;D;;;
BQ;Banque BQ;;20240526;51100000;CompteLib_0032;;;24E101;20240526;EcritureLib_0238;;0,00;92,10;C;;;
BQ;Banque BQ;;20240526;51200000;CompteLib_0033;;;24E101;20240526;EcritureLib_0238;;92,10;0,00;D;;;
BQ;Banque BQ;;20240526;47100000;CompteLib_0043;;;24E102;20240526;EcritureLib_0239;;0,00;2000,00;C;;;
BQ;Banque BQ;;20240526;51200000;CompteLib_0033;;;24E102;20240526;EcritureLib_0239;;2000,00;0,00;D;;;
BQ;Banque BQ;;20240527;47100000;CompteLib_0043;;;24E103;20240527;EcritureLib_0240;;953,54;0,00;D;;;
BQ;Banque BQ;;20240527;51200000;CompteLib_0033;;;24E103;20240527;EcritureLib_0240;;0,00;953,54;C;;;
BQ;Banque BQ;;20240527;43703000;CompteLib_0017;;;24E104;20240527;EcritureLib_0241;;202,67;0,00;D;;;
BQ;Banque BQ;;20240527;51200000;CompteLib_0033;;;24E104;20240527;EcritureLib_0241;;0,00;202,67;C;;;
BQ;Banque BQ;;20240527;40100000;CompteLib_0011;FCARREFOUR;CARREFOUR;24E105;20240527;EcritureLib_0059;;68,13;0,00;D;;;
BQ;Banque BQ;;20240527;51200000;CompteLib_0033;;;24E105;20240527;EcritureLib_0059;;0,00;68,13;C;;;
BQ;Banque BQ;;20240527;40100000;CompteLib_0011;FCARREFOUR;CARREFOUR;24E106;20240527;EcritureLib_0059;;80,59;0,00;D;;;
BQ;Banque BQ;;20240527;51200000;CompteLib_0033;;;24E106;20240527;EcritureLib_0059;;0,00;80,59;C;;;
BQ;Banque BQ;;20240527;51100000;CompteLib_0032;;;24E107;20240527;EcritureLib_0242;;0,00;685,90;C;;;
BQ;Banque BQ;;20240527;51200000;CompteLib_0033;;;24E107;20240527;EcritureLib_0242;;685,90;0,00;D;;;
BQ;Banque BQ;;20240527;51100000;CompteLib_0032;;;24E108;20240527;EcritureLib_0243;;0,00;32,80;C;;;
BQ;Banque BQ;;20240527;51200000;CompteLib_0033;;;24E108;20240527;EcritureLib_0243;;32,80;0,00;D;;;
BQ;Banque BQ;;20240527;47100000;CompteLib_0043;;;24E109;20240527;EcritureLib_0244;;0,00;36,00;C;;;
BQ;Banque BQ;;20240527;51200000;CompteLib_0033;;;24E109;20240527;EcritureLib_0244;;36,00;0,00;D;;;
BQ;Banque BQ;;20240528;47100000;CompteLib_0043;;;24E110;20240528;EcritureLib_0245;;0,00;2500,00;C;;;
BQ;Banque BQ;;20240528;51200000;CompteLib_0033;;;24E110;20240528;EcritureLib_0245;;2500,00;0,00;D;;;
BQ;Banque BQ;;20240529;40100000;CompteLib_0011;FORANGE;ORANGE;24E111;20240529;EcritureLib_0246;;60,00;0,00;D;;;
BQ;Banque BQ;;20240529;51200000;CompteLib_0033;;;24E111;20240529;EcritureLib_0246;;0,00;60,00;C;;;
BQ;Banque BQ;;20240529;47100000;CompteLib_0043;;;24E112;20240529;EcritureLib_0247;;0,00;85,57;C;;;
BQ;Banque BQ;;20240529;51200000;CompteLib_0033;;;24E112;20240529;EcritureLib_0247;;85,57;0,00;D;;;
BQ;Banque BQ;;20240529;47100000;CompteLib_0043;;;24E113;20240529;EcritureLib_0248;;0,00;6,75;C;;;
BQ;Banque BQ;;20240529;51200000;CompteLib_0033;;;24E113;20240529;EcritureLib_0248;;6,75;0,00;D;;;
BQ;Banque BQ;;20240529;40100000;CompteLib_0011;FCARREFOUR;CARREFOUR;24E114;20240529;EcritureLib_0059;;75,17;0,00;D;;;
BQ;Banque BQ;;20240529;51200000;CompteLib_0033;;;24E114;20240529;EcritureLib_0059;;0,00;75,17;C;;;
BQ;Banque BQ;;20240529;51100000;CompteLib_0032;;;24E115;20240529;EcritureLib_0249;;0,00;252,70;C;;;
BQ;Banque BQ;;20240529;51200000;CompteLib_0033;;;24E115;20240529;EcritureLib_0249;;252,70;0,00;D;;;
BQ;Banque BQ;;20240529;51100000;CompteLib_0032;;;24E116;20240529;EcritureLib_0250;;0,00;19,20;C;;;
BQ;Banque BQ;;20240529;51200000;CompteLib_0033;;;24E116;20240529;EcritureLib_0250;;19,20;0,00;D;;;
BQ;Banque BQ;;20240529;47100000;CompteLib_0043;;;24E117;20240529;EcritureLib_0251;;0,00;47,73;C;;;
BQ;Banque BQ;;20240529;51200000;CompteLib_0033;;;24E117;20240529;EcritureLib_0251;;47,73;0,00;D;;;
BQ;Banque BQ;;20240530;47100000;CompteLib_0043;;;24E118;20240530;EcritureLib_0252;;0,00;23,80;C;;;
BQ;Banque BQ;;20240530;51200000;CompteLib_0033;;;24E118;20240530;EcritureLib_0252;;23,80;0,00;D;;;
BQ;Banque BQ;;20240530;40100000;CompteLib_0011;FCARREFOUR;CARREFOUR;24E119;20240530;EcritureLib_0059;;67,27;0,00;D;;;
BQ;Banque BQ;;20240530;51200000;CompteLib_0033;;;24E119;20240530;EcritureLib_0059;;0,00;67,27;C;;;
BQ;Banque BQ;;20240530;51100000;CompteLib_0032;;;24E120;20240530;EcritureLib_0253;;0,00;338,30;C;;;
BQ;Banque BQ;;20240530;51200000;CompteLib_0033;;;24E120;20240530;EcritureLib_0253;;338,30;0,00;D;;;
BQ;Banque BQ;;20240530;51100000;CompteLib_0032;;;24E121;20240530;EcritureLib_0254;;0,00;8,70;C;;;
BQ;Banque BQ;;20240530;51200000;CompteLib_0033;;;24E121;20240530;EcritureLib_0254;;8,70;0,00;D;;;
BQ;Banque BQ;;20240531;47100000;CompteLib_0043;;;24E122;20240531;EcritureLib_0255;;704,91;0,00;D;;;
BQ;Banque BQ;;20240531;51200000;CompteLib_0033;;;24E122;20240531;EcritureLib_0255;;0,00;704,91;C;;;
BQ;Banque BQ;;20240531;51140000;CompteLib_0044;;;24E123;20240531;EcritureLib_0256;;0,00;33,09;C;;;
BQ;Banque BQ;;20240531;51200000;CompteLib_0033;;;24E123;20240531;EcritureLib_0256;;33,09;0,00;D;;;
BQ;Banque BQ;;20240531;40100000;CompteLib_0011;FCARBURANT;CARBURANT;24E124;20240531;EcritureLib_0111;;96,00;0,00;D;;;
BQ;Banque BQ;;20240531;51200000;CompteLib_0033;;;24E124;20240531;EcritureLib_0111;;0,00;96,00;C;;;
BQ;Banque BQ;;20240531;51100000;CompteLib_0032;;;24E125;20240531;EcritureLib_0257;;0,00;200,50;C;;;
BQ;Banque BQ;;20240531;51200000;CompteLib_0033;;;24E125;20240531;EcritureLib_0257;;200,50;0,00;D;;;
BQ;Banque BQ;;20240531;51100000;CompteLib_0032;;;24E126;20240531;EcritureLib_0258;;0,00;34,60;C;;;
BQ;Banque BQ;;20240531;51200000;CompteLib_0033;;;24E126;20240531;EcritureLib_0258;;34,60;0,00;D;;;
BQ;Banque BQ;;20240601;51100000;CompteLib_0032;;;24F1;20240601;EcritureLib_0259;;0,00;993,18;C;;;
BQ;Banque BQ;;20240601;51200000;CompteLib_0033;;;24F1;20240601;EcritureLib_0259;;993,18;0,00;D;;;
BQ;Banque BQ;;20240601;51100000;CompteLib_0032;;;24F2;20240601;EcritureLib_0260;;0,00;120,00;C;;;
BQ;Banque BQ;;20240601;51200000;CompteLib_0033;;;24F2;20240601;EcritureLib_0260;;120,00;0,00;D;;;
BQ;Banque BQ;;20240601;45500000;CompteLib_0031;;;24F3;20240601;EcritureLib_0261;;3000,00;0,00;D;;;
BQ;Banque BQ;;20240601;51200000;CompteLib_0033;;;24F3;20240601;EcritureLib_0261;;0,00;3000,00;C;;;
BQ;Banque BQ;;20240602;51100000;CompteLib_0032;;;24F4;20240602;EcritureLib_0262;;0,00;567,69;C;;;
BQ;Banque BQ;;20240602;51200000;CompteLib_0033;;;24F4;20240602;EcritureLib_0262;;567,69;0,00;D;;;
BQ;Banque BQ;;20240602;51100000;CompteLib_0032;;;24F5;20240602;EcritureLib_0263;;0,00;213,20;C;;;
BQ;Banque BQ;;20240602;51200000;CompteLib_0033;;;24F5;20240602;EcritureLib_0263;;213,20;0,00;D;;;
BQ;Banque BQ;;20240603;61600000;CompteLib_0042;;;24F6;20240603;EcritureLib_0264;;108,45;0,00;D;;;
BQ;Banque BQ;;20240603;51200000;CompteLib_0033;;;24F6;20240603;EcritureLib_0264;;0,00;108,45;C;;;
BQ;Banque BQ;;20240603;40100000;CompteLib_0011;FCARREFOUR;CARREFOUR;24F7;20240603;EcritureLib_0059;;40,75;0,00;D;;;
BQ;Banque BQ;;20240603;51200000;CompteLib_0033;;;24F7;20240603;EcritureLib_0059;;0,00;40,75;C;;;
BQ;Banque BQ;;20240603;40100000;CompteLib_0011;FCARREFOUR;CARREFOUR;24F8;20240603;EcritureLib_0059;;92,89;0,00;D;;;
BQ;Banque BQ;;20240603;51200000;CompteLib_0033;;;24F8;20240603;EcritureLib_0059;;0,00;92,89;C;;;
BQ;Banque BQ;;20240603;51100000;CompteLib_0032;;;24F9;20240603;EcritureLib_0265;;0,00;522,20;C;;;
BQ;Banque BQ;;20240603;51200000;CompteLib_0033;;;24F9;20240603;EcritureLib_0265;;522,20;0,00;D;;;
BQ;Banque BQ;;20240603;51100000;CompteLib_0032;;;24F10;20240603;EcritureLib_0266;;0,00;256,10;C;;;
BQ;Banque BQ;;20240603;51200000;CompteLib_0033;;;24F10;20240603;EcritureLib_0266;;256,10;0,00;D;;;
BQ;Banque BQ;;20240603;42100000;CompteLib_0012;;;24F11;20240603;EcritureLib_0267;;630,24;0,00;D;;;
BQ;Banque BQ;;20240603;51200000;CompteLib_0033;;;24F11;20240603;EcritureLib_0267;;0,00;630,24;C;;;
BQ;Banque BQ;;20240603;42100000;CompteLib_0012;;;24F12;20240603;EcritureLib_0268;;648,19;0,00;D;;;
BQ;Banque BQ;;20240603;51200000;CompteLib_0033;;;24F12;20240603;EcritureLib_0268;;0,00;648,19;C;;;
BQ;Banque BQ;;20240603;42100000;CompteLib_0012;;;24F13;20240603;EcritureLib_0269;;466,50;0,00;D;;;
BQ;Banque BQ;;20240603;51200000;CompteLib_0033;;;24F13;20240603;EcritureLib_0269;;0,00;466,50;C;;;
BQ;Banque BQ;;20240604;47100000;CompteLib_0043;;;24F14;20240604;EcritureLib_0270;;5,33;0,00;D;;;
BQ;Banque BQ;;20240604;51200000;CompteLib_0033;;;24F14;20240604;EcritureLib_0270;;0,00;5,33;C;;;
BQ;Banque BQ;;20240604;47100000;CompteLib_0043;;;24F15;20240604;EcritureLib_0067;;0,00;130,00;C;;;
BQ;Banque BQ;;20240604;51200000;CompteLib_0033;;;24F15;20240604;EcritureLib_0067;;130,00;0,00;D;;;
BQ;Banque BQ;;20240604;47100000;CompteLib_0043;;;24F16;20240604;EcritureLib_0271;;75,75;0,00;D;;;
BQ;Banque BQ;;20240604;51200000;CompteLib_0033;;;24F16;20240604;EcritureLib_0271;;0,00;75,75;C;;;
BQ;Banque BQ;;20240604;40100000;CompteLib_0011;FCARREFOUR;CARREFOUR;24F17;20240604;EcritureLib_0059;;35,11;0,00;D;;;
BQ;Banque BQ;;20240604;51200000;CompteLib_0033;;;24F17;20240604;EcritureLib_0059;;0,00;35,11;C;;;
BQ;Banque BQ;;20240604;47100000;CompteLib_0043;;;24F18;20240604;EcritureLib_0195;;61,63;0,00;D;;;
BQ;Banque BQ;;20240604;51200000;CompteLib_0033;;;24F18;20240604;EcritureLib_0195;;0,00;61,63;C;;;
BQ;Banque BQ;;20240604;61600000;CompteLib_0042;;;24F19;20240604;EcritureLib_0272;;24,08;0,00;D;;;
BQ;Banque BQ;;20240604;51200000;CompteLib_0033;;;24F19;20240604;EcritureLib_0272;;0,00;24,08;C;;;
BQ;Banque BQ;;20240605;61600000;CompteLib_0042;;;24F20;20240605;EcritureLib_0273;;63,43;0,00;D;;;
BQ;Banque BQ;;20240605;51200000;CompteLib_0033;;;24F20;20240605;EcritureLib_0273;;0,00;63,43;C;;;
BQ;Banque BQ;;20240605;47100000;CompteLib_0043;;;24F21;20240605;EcritureLib_0274;;89,00;0,00;D;;;
BQ;Banque BQ;;20240605;51200000;CompteLib_0033;;;24F21;20240605;EcritureLib_0274;;0,00;89,00;C;;;
BQ;Banque BQ;;20240605;62700000;CompteLib_0045;;;24F22;20240605;EcritureLib_0275;;49,92;0,00;D;;;
BQ;Banque BQ;;20240605;44566100;CompteLib_0025;;;24F22;20240605;EcritureLib_0275;;9,98;0,00;D;;;
BQ;Banque BQ;;20240605;51200000;CompteLib_0033;;;24F22;20240605;EcritureLib_0275;;0,00;59,90;C;;;
BQ;Banque BQ;;20240605;47100000;CompteLib_0043;;;24F23;20240605;EcritureLib_0276;;0,00;23,41;C;;;
BQ;Banque BQ;;20240605;51200000;CompteLib_0033;;;24F23;20240605;EcritureLib_0276;;23,41;0,00;D;;;
BQ;Banque BQ;;20240605;61321000;CompteLib_0046;;;24F24;20240605;EcritureLib_0074;;1000,00;0,00;D;;;
BQ;Banque BQ;;20240605;44566100;CompteLib_0025;;;24F24;20240605;EcritureLib_0074;;200,00;0,00;D;;;
BQ;Banque BQ;;20240605;51200000;CompteLib_0033;;;24F24;20240605;EcritureLib_0074;;0,00;1200,00;C;;;
BQ;Banque BQ;;20240605;40100000;CompteLib_0011;FCARREFOUR;CARREFOUR;24F25;20240605;EcritureLib_0059;;9,46;0,00;D;;;
BQ;Banque BQ;;20240605;51200000;CompteLib_0033;;;24F25;20240605;EcritureLib_0059;;0,00;9,46;C;;;
BQ;Banque BQ;;20240605;47100000;CompteLib_0043;;;24F26;20240605;EcritureLib_0277;;50,00;0,00;D;;;
BQ;Banque BQ;;20240605;51200000;CompteLib_0033;;;24F26;20240605;EcritureLib_0277;;0,00;50,00;C;;;
BQ;Banque BQ;;20240605;51100000;CompteLib_0032;;;24F27;20240605;EcritureLib_0278;;0,00;354,50;C;;;
BQ;Banque BQ;;20240605;51200000;CompteLib_0033;;;24F27;20240605;EcritureLib_0278;;354,50;0,00;D;;;
BQ;Banque BQ;;20240605;51100000;CompteLib_0032;;;24F28;20240605;EcritureLib_0279;;0,00;42,60;C;;;
BQ;Banque BQ;;20240605;51200000;CompteLib_0033;;;24F28;20240605;EcritureLib_0279;;42,60;0,00;D;;;
BQ;Banque BQ;;20240605;47100000;CompteLib_0043;;;24F29;20240605;EcritureLib_0280;;778,24;0,00;D;;;
BQ;Banque BQ;;20240605;51200000;CompteLib_0033;;;24F29;20240605;EcritureLib_0280;;0,00;778,24;C;;;
BQ;Banque BQ;;20240605;47100000;CompteLib_0043;;;24F30;20240605;EcritureLib_0281;;56,80;0,00;D;;;
BQ;Banque BQ;;20240605;51200000;CompteLib_0033;;;24F30;20240605;EcritureLib_0281;;0,00;56,80;C;;;
BQ;Banque BQ;;20240606;47100000;CompteLib_0043;;;24F33;20240606;EcritureLib_0282;;27,48;0,00;D;;;
BQ;Banque BQ;;20240606;51200000;CompteLib_0033;;;24F33;20240606;EcritureLib_0282;;0,00;27,48;C;;;
BQ;Banque BQ;;20240606;47100000;CompteLib_0043;;;24F34;20240606;EcritureLib_0283;;0,00;34,27;C;;;
BQ;Banque BQ;;20240606;51200000;CompteLib_0033;;;24F34;20240606;EcritureLib_0283;;34,27;0,00;D;;;
BQ;Banque BQ;;20240606;47100000;CompteLib_0043;;;24F35;20240606;EcritureLib_0284;;0,00;14,44;C;;;
BQ;Banque BQ;;20240606;51200000;CompteLib_0033;;;24F35;20240606;EcritureLib_0284;;14,44;0,00;D;;;
BQ;Banque BQ;;20240606;47100000;CompteLib_0043;;;24F36;20240606;EcritureLib_0285;;0,00;14,95;C;;;
BQ;Banque BQ;;20240606;51200000;CompteLib_0033;;;24F36;20240606;EcritureLib_0285;;14,95;0,00;D;;;
BQ;Banque BQ;;20240606;47100000;CompteLib_0043;;;24F37;20240606;EcritureLib_0286;;0,00;46,44;C;;;
BQ;Banque BQ;;20240606;51200000;CompteLib_0033;;;24F37;20240606;EcritureLib_0286;;46,44;0,00;D;;;
BQ;Banque BQ;;20240606;40100000;CompteLib_0011;FCARREFOUR;CARREFOUR;24F38;20240606;EcritureLib_0059;;32,60;0,00;D;;;
BQ;Banque BQ;;20240606;51200000;CompteLib_0033;;;24F38;20240606;EcritureLib_0059;;0,00;32,60;C;;;
BQ;Banque BQ;;20240606;51100000;CompteLib_0032;;;24F39;20240606;EcritureLib_0287;;0,00;347,10;C;;;
BQ;Banque BQ;;20240606;51200000;CompteLib_0033;;;24F39;20240606;EcritureLib_0287;;347,10;0,00;D;;;
BQ;Banque BQ;;20240606;51100000;CompteLib_0032;;;24F40;20240606;EcritureLib_0288;;0,00;65,79;C;;;
BQ;Banque BQ;;20240606;51200000;CompteLib_0033;;;24F40;20240606;EcritureLib_0288;;65,79;0,00;D;;;
BQ;Banque BQ;;20240607;51140000;CompteLib_0044;;;24F41;20240607;EcritureLib_0289;;0,00;33,84;C;;;
BQ;Banque BQ;;20240607;51200000;CompteLib_0033;;;24F41;20240607;EcritureLib_0289;;33,84;0,00;D;;;
BQ;Banque BQ;;20240607;51100000;CompteLib_0032;;;24F42;20240607;EcritureLib_0290;;0,00;244,80;C;;;
BQ;Banque BQ;;20240607;51200000;CompteLib_0033;;;24F42;20240607;EcritureLib_0290;;244,80;0,00;D;;;
BQ;Banque BQ;;20240607;40100000;CompteLib_0011;FCHUBB;CHUBB;24F43;20240607;EcritureLib_0291;;109,20;0,00;D;;;
BQ;Banque BQ;;20240607;51200000;CompteLib_0033;;;24F43;20240607;EcritureLib_0291;;0,00;109,20;C;;;
BQ;Banque BQ;;20240608;51100000;CompteLib_0032;;;24F44;20240608;EcritureLib_0292;;0,00;830,48;C;;;
BQ;Banque BQ;;20240608;51200000;CompteLib_0033;;;24F44;20240608;EcritureLib_0292;;830,48;0,00;D;;;
BQ;Banque BQ;;20240608;51100000;CompteLib_0032;;;24F45;20240608;EcritureLib_0293;;0,00;122,20;C;;;
BQ;Banque BQ;;20240608;51200000;CompteLib_0033;;;24F45;20240608;EcritureLib_0293;;122,20;0,00;D;;;
BQ;Banque BQ;;20240609;51100000;CompteLib_0032;;;24F46;20240609;EcritureLib_0294;;0,00;441,60;C;;;
BQ;Banque BQ;;20240609;51200000;CompteLib_0033;;;24F46;20240609;EcritureLib_0294;;441,60;0,00;D;;;
BQ;Banque BQ;;20240609;51100000;CompteLib_0032;;;24F47;20240609;EcritureLib_0295;;0,00;164,40;C;;;
BQ;Banque BQ;;20240609;51200000;CompteLib_0033;;;24F47;20240609;EcritureLib_0295;;164,40;0,00;D;;;
BQ;Banque BQ;;20240610;47100000;CompteLib_0043;;;24F48;20240610;EcritureLib_0296;;143,46;0,00;D;;;
BQ;Banque BQ;;20240610;51200000;CompteLib_0033;;;24F48;20240610;EcritureLib_0296;;0,00;143,46;C;;;
BQ;Banque BQ;;20240610;40100000;CompteLib_0011;FCARREFOUR;CARREFOUR;24F49;20240610;EcritureLib_0059;;69,30;0,00;D;;;
BQ;Banque BQ;;20240610;51200000;CompteLib_0033;;;24F49;20240610;EcritureLib_0059;;0,00;69,30;C;;;
BQ;Banque BQ;;20240610;40100000;CompteLib_0011;FCARREFOUR;CARREFOUR;24F50;20240610;EcritureLib_0059;;115,83;0,00;D;;;
BQ;Banque BQ;;20240610;51200000;CompteLib_0033;;;24F50;20240610;EcritureLib_0059;;0,00;115,83;C;;;
BQ;Banque BQ;;20240610;51100000;CompteLib_0032;;;24F51;20240610;EcritureLib_0297;;0,00;464,30;C;;;
BQ;Banque BQ;;20240610;51200000;CompteLib_0033;;;24F51;20240610;EcritureLib_0297;;464,30;0,00;D;;;
BQ;Banque BQ;;20240610;51100000;CompteLib_0032;;;24F52;20240610;EcritureLib_0298;;0,00;61,80;C;;;
BQ;Banque BQ;;20240610;51200000;CompteLib_0033;;;24F52;20240610;EcritureLib_0298;;61,80;0,00;D;;;
BQ;Banque BQ;;20240610;40100000;CompteLib_0011;FNOYEZTOUNAI;NOYEZ TOURNAI;24F53;20240610;EcritureLib_0299;;336,65;0,00;D;;;
BQ;Banque BQ;;20240610;51200000;CompteLib_0033;;;24F53;20240610;EcritureLib_0299;;0,00;336,65;C;;;
BQ;Banque BQ;;20240610;47100000;CompteLib_0043;;;24F54;20240610;EcritureLib_0300;;732,16;0,00;D;;;
BQ;Banque BQ;;20240610;51200000;CompteLib_0033;;;24F54;20240610;EcritureLib_0300;;0,00;732,16;C;;;
BQ;Banque BQ;;20240610;16400000;CompteLib_0005;;;24F55;20240610;EcritureLib_0301;;9,79;0,00;D;;;
BQ;Banque BQ;;20240610;51200000;CompteLib_0033;;;24F55;20240610;EcritureLib_0301;;0,00;9,79;C;;;
BQ;Banque BQ;;20240610;16400000;CompteLib_0005;;;24F56;20240610;EcritureLib_0302;;694,81;0,00;D;;;
BQ;Banque BQ;;20240610;51200000;CompteLib_0033;;;24F56;20240610;EcritureLib_0302;;0,00;694,81;C;;;
BQ;Banque BQ;;20240610;62700000;CompteLib_0045;;;24F57;20240610;EcritureLib_0092;;10,08;0,00;D;;;
BQ;Banque BQ;;20240610;44566100;CompteLib_0025;;;24F57;20240610;EcritureLib_0092;;2,02;0,00;D;;;
BQ;Banque BQ;;20240610;51200000;CompteLib_0033;;;24F57;20240610;EcritureLib_0092;;0,00;12,10;C;;;
BQ;Banque BQ;;20240611;47100000;CompteLib_0043;;;24F58;20240611;EcritureLib_0303;;37,30;0,00;D;;;
BQ;Banque BQ;;20240611;51200000;CompteLib_0033;;;24F58;20240611;EcritureLib_0303;;0,00;37,30;C;;;
BQ;Banque BQ;;20240612;47100000;CompteLib_0043;;;24F59;20240612;EcritureLib_0304;;0,00;51,88;C;;;
BQ;Banque BQ;;20240612;51200000;CompteLib_0033;;;24F59;20240612;EcritureLib_0304;;51,88;0,00;D;;;
BQ;Banque BQ;;20240612;40100000;CompteLib_0011;FCARREFOUR;CARREFOUR;24F60;20240612;EcritureLib_0059;;130,33;0,00;D;;;
BQ;Banque BQ;;20240612;51200000;CompteLib_0033;;;24F60;20240612;EcritureLib_0059;;0,00;130,33;C;;;
BQ;Banque BQ;;20240612;51100000;CompteLib_0032;;;24F61;20240612;EcritureLib_0305;;0,00;134,70;C;;;
BQ;Banque BQ;;20240612;51200000;CompteLib_0033;;;24F61;20240612;EcritureLib_0305;;134,70;0,00;D;;;
BQ;Banque BQ;;20240612;51100000;CompteLib_0032;;;24F62;20240612;EcritureLib_0306;;0,00;13,00;C;;;
BQ;Banque BQ;;20240612;51200000;CompteLib_0033;;;24F62;20240612;EcritureLib_0306;;13,00;0,00;D;;;
BQ;Banque BQ;;20240613;47100000;CompteLib_0043;;;24F63;20240613;EcritureLib_0307;;0,00;20,27;C;;;
BQ;Banque BQ;;20240613;51200000;CompteLib_0033;;;24F63;20240613;EcritureLib_0307;;20,27;0,00;D;;;
BQ;Banque BQ;;20240613;47100000;CompteLib_0043;;;24F64;20240613;EcritureLib_0308;;0,00;30,33;C;;;
BQ;Banque BQ;;20240613;51200000;CompteLib_0033;;;24F64;20240613;EcritureLib_0308;;30,33;0,00;D;;;
BQ;Banque BQ;;20240613;40100000;CompteLib_0011;FCARREFOUR;CARREFOUR;24F65;20240613;EcritureLib_0059;;93,54;0,00;D;;;
BQ;Banque BQ;;20240613;51200000;CompteLib_0033;;;24F65;20240613;EcritureLib_0059;;0,00;93,54;C;;;
BQ;Banque BQ;;20240613;51100000;CompteLib_0032;;;24F66;20240613;EcritureLib_0309;;0,00;406,00;C;;;
BQ;Banque BQ;;20240613;51200000;CompteLib_0033;;;24F66;20240613;EcritureLib_0309;;406,00;0,00;D;;;
BQ;Banque BQ;;20240613;51100000;CompteLib_0032;;;24F67;20240613;EcritureLib_0310;;0,00;106,70;C;;;
BQ;Banque BQ;;20240613;51200000;CompteLib_0033;;;24F67;20240613;EcritureLib_0310;;106,70;0,00;D;;;
BQ;Banque BQ;;20240614;51140000;CompteLib_0044;;;24F68;20240614;EcritureLib_0311;;0,00;90,39;C;;;
BQ;Banque BQ;;20240614;51200000;CompteLib_0033;;;24F68;20240614;EcritureLib_0311;;90,39;0,00;D;;;
BQ;Banque BQ;;20240614;47100000;CompteLib_0043;;;24F69;20240614;EcritureLib_0312;;0,00;34,04;C;;;
BQ;Banque BQ;;20240614;51200000;CompteLib_0033;;;24F69;20240614;EcritureLib_0312;;34,04;0,00;D;;;
BQ;Banque BQ;;20240614;40100000;CompteLib_0011;FCARREFOUR;CARREFOUR;24F70;20240614;EcritureLib_0059;;60,09;0,00;D;;;
BQ;Banque BQ;;20240614;51200000;CompteLib_0033;;;24F70;20240614;EcritureLib_0059;;0,00;60,09;C;;;
BQ;Banque BQ;;20240614;51100000;CompteLib_0032;;;24F71;20240614;EcritureLib_0313;;0,00;327,12;C;;;
BQ;Banque BQ;;20240614;51200000;CompteLib_0033;;;24F71;20240614;EcritureLib_0313;;327,12;0,00;D;;;
BQ;Banque BQ;;20240614;47100000;CompteLib_0043;;;24F72;20240614;EcritureLib_0314;;935,99;0,00;D;;;
BQ;Banque BQ;;20240614;51200000;CompteLib_0033;;;24F72;20240614;EcritureLib_0314;;0,00;935,99;C;;;
BQ;Banque BQ;;20240615;51100000;CompteLib_0032;;;24F73;20240615;EcritureLib_0315;;0,00;678,60;C;;;
BQ;Banque BQ;;20240615;51200000;CompteLib_0033;;;24F73;20240615;EcritureLib_0315;;678,60;0,00;D;;;
BQ;Banque BQ;;20240615;51100000;CompteLib_0032;;;24F74;20240615;EcritureLib_0316;;0,00;238,20;C;;;
BQ;Banque BQ;;20240615;51200000;CompteLib_0033;;;24F74;20240615;EcritureLib_0316;;238,20;0,00;D;;;
BQ;Banque BQ;;20240615;60630000;CompteLib_0048;;;24F75;20240615;EcritureLib_0317;;296,28;0,00;D;;;
BQ;Banque BQ;;20240615;51200000;CompteLib_0033;;;24F75;20240615;EcritureLib_0317;;0,00;296,28;C;;;
BQ;Banque BQ;;20240616;51100000;CompteLib_0032;;;24F76;20240616;EcritureLib_0318;;0,00;478,30;C;;;
BQ;Banque BQ;;20240616;51200000;CompteLib_0033;;;24F76;20240616;EcritureLib_0318;;478,30;0,00;D;;;
BQ;Banque BQ;;20240617;40100000;CompteLib_0011;FCARBURANT;CARBURANT;24F77;20240617;EcritureLib_0111;;95,01;0,00;D;;;
BQ;Banque BQ;;20240617;51200000;CompteLib_0033;;;24F77;20240617;EcritureLib_0111;;0,00;95,01;C;;;
BQ;Banque BQ;;20240617;40100000;CompteLib_0011;FCARREFOUR;CARREFOUR;24F78;20240617;EcritureLib_0059;;37,79;0,00;D;;;
BQ;Banque BQ;;20240617;51200000;CompteLib_0033;;;24F78;20240617;EcritureLib_0059;;0,00;37,79;C;;;
BQ;Banque BQ;;20240617;40100000;CompteLib_0011;FCARREFOUR;CARREFOUR;24F79;20240617;EcritureLib_0059;;21,76;0,00;D;;;
BQ;Banque BQ;;20240617;51200000;CompteLib_0033;;;24F79;20240617;EcritureLib_0059;;0,00;21,76;C;;;
BQ;Banque BQ;;20240617;51100000;CompteLib_0032;;;24F80;20240617;EcritureLib_0319;;0,00;553,76;C;;;
BQ;Banque BQ;;20240617;51200000;CompteLib_0033;;;24F80;20240617;EcritureLib_0319;;553,76;0,00;D;;;
BQ;Banque BQ;;20240617;51100000;CompteLib_0032;;;24F81;20240617;EcritureLib_0320;;0,00;140,40;C;;;
BQ;Banque BQ;;20240617;51200000;CompteLib_0033;;;24F81;20240617;EcritureLib_0320;;140,40;0,00;D;;;
BQ;Banque BQ;;20240618;47100000;CompteLib_0043;;;24F82;20240618;EcritureLib_0321;;5,62;0,00;D;;;
BQ;Banque BQ;;20240618;51200000;CompteLib_0033;;;24F82;20240618;EcritureLib_0321;;0,00;5,62;C;;;
BQ;Banque BQ;;20240618;47100000;CompteLib_0043;;;24F83;20240618;EcritureLib_0322;;663,00;0,00;D;;;
BQ;Banque BQ;;20240618;51200000;CompteLib_0033;;;24F83;20240618;EcritureLib_0322;;0,00;663,00;C;;;
BQ;Banque BQ;;20240618;40100000;CompteLib_0011;FMETRO;METRO;24F84;20240618;EcritureLib_0195;;149,11;0,00;D;;;
BQ;Banque BQ;;20240618;51200000;CompteLib_0033;;;24F84;20240618;EcritureLib_0195;;0,00;149,11;C;;;
BQ;Banque BQ;;20240618;40100000;CompteLib_0011;FMETRO;METRO;24F85;20240618;EcritureLib_0323;;109,49;0,00;D;;;
BQ;Banque BQ;;20240618;51200000;CompteLib_0033;;;24F85;20240618;EcritureLib_0323;;0,00;109,49;C;;;
BQ;Banque BQ;;20240619;47100000;CompteLib_0043;;;24F86;20240619;EcritureLib_0324;;0,00;48,45;C;;;
BQ;Banque BQ;;20240619;51200000;CompteLib_0033;;;24F86;20240619;EcritureLib_0324;;48,45;0,00;D;;;
BQ;Banque BQ;;20240619;47100000;CompteLib_0043;;;24F87;20240619;EcritureLib_0325;;0,00;29,50;C;;;
BQ;Banque BQ;;20240619;51200000;CompteLib_0033;;;24F87;20240619;EcritureLib_0325;;29,50;0,00;D;;;
BQ;Banque BQ;;20240619;40100000;CompteLib_0011;FCARREFOUR;CARREFOUR;24F88;20240619;EcritureLib_0059;;116,35;0,00;D;;;
BQ;Banque BQ;;20240619;51200000;CompteLib_0033;;;24F88;20240619;EcritureLib_0059;;0,00;116,35;C;;;
BQ;Banque BQ;;20240619;51100000;CompteLib_0032;;;24F89;20240619;EcritureLib_0326;;0,00;69,60;C;;;
BQ;Banque BQ;;20240619;51200000;CompteLib_0033;;;24F89;20240619;EcritureLib_0326;;69,60;0,00;D;;;
BQ;Banque BQ;;20240619;51100000;CompteLib_0032;;;24F90;20240619;EcritureLib_0327;;0,00;42,00;C;;;
BQ;Banque BQ;;20240619;51200000;CompteLib_0033;;;24F90;20240619;EcritureLib_0327;;42,00;0,00;D;;;
BQ;Banque BQ;;20240619;40100000;CompteLib_0011;FNOYEZTOUNAI;NOYEZ TOURNAI;24F91;20240619;EcritureLib_0328;;280,40;0,00;D;;;
BQ;Banque BQ;;20240619;51200000;CompteLib_0033;;;24F91;20240619;EcritureLib_0328;;0,00;280,40;C;;;
BQ;Banque BQ;;20240620;61200000;CompteLib_0047;;;24F92;20240620;EcritureLib_0329;;326,91;0,00;D;;;
BQ;Banque BQ;;20240620;51200000;CompteLib_0033;;;24F92;20240620;EcritureLib_0329;;0,00;326,91;C;;;
BQ;Banque BQ;;20240620;47100000;CompteLib_0043;;;24F93;20240620;EcritureLib_0330;;0,00;55,20;C;;;
BQ;Banque BQ;;20240620;51200000;CompteLib_0033;;;24F93;20240620;EcritureLib_0330;;55,20;0,00;D;;;
BQ;Banque BQ;;20240620;40100000;CompteLib_0011;FCARREFOUR;CARREFOUR;24F94;20240620;EcritureLib_0059;;28,67;0,00;D;;;
BQ;Banque BQ;;20240620;51200000;CompteLib_0033;;;24F94;20240620;EcritureLib_0059;;0,00;28,67;C;;;
BQ;Banque BQ;;20240620;51100000;CompteLib_0032;;;24F95;20240620;EcritureLib_0331;;0,00;127,00;C;;;
BQ;Banque BQ;;20240620;51200000;CompteLib_0033;;;24F95;20240620;EcritureLib_0331;;127,00;0,00;D;;;
BQ;Banque BQ;;20240620;51100000;CompteLib_0032;;;24F96;20240620;EcritureLib_0332;;0,00;23,70;C;;;
BQ;Banque BQ;;20240620;51200000;CompteLib_0033;;;24F96;20240620;EcritureLib_0332;;23,70;0,00;D;;;
BQ;Banque BQ;;20240621;44551000;CompteLib_0024;;;24F97;20240621;EcritureLib_0333;;874,00;0,00;D;;C;20240923
BQ;Banque BQ;;20240621;51200000;CompteLib_0033;;;24F97;20240621;EcritureLib_0333;;0,00;874,00;C;;;
BQ;Banque BQ;;20240621;51140000;CompteLib_0044;;;24F98;20240621;EcritureLib_0334;;0,00;65,35;C;;;
BQ;Banque BQ;;20240621;51200000;CompteLib_0033;;;24F98;20240621;EcritureLib_0334;;65,35;0,00;D;;;
BQ;Banque BQ;;20240621;51100000;CompteLib_0032;;;24F99;20240621;EcritureLib_0335;;0,00;61,10;C;;;
BQ;Banque BQ;;20240621;51200000;CompteLib_0033;;;24F99;20240621;EcritureLib_0335;;61,10;0,00;D;;;
BQ;Banque BQ;;20240621;51100000;CompteLib_0032;;;24F100;20240621;EcritureLib_0336;;0,00;21,80;C;;;
BQ;Banque BQ;;20240621;51200000;CompteLib_0033;;;24F100;20240621;EcritureLib_0336;;21,80;0,00;D;;;
BQ;Banque BQ;;20240621;47100000;CompteLib_0043;;;24F101;20240621;EcritureLib_0337;;720,33;0,00;D;;;
BQ;Banque BQ;;20240621;51200000;CompteLib_0033;;;24F101;20240621;EcritureLib_0337;;0,00;720,33;C;;;
BQ;Banque BQ;;20240621;47100000;CompteLib_0043;;;24F102;20240621;EcritureLib_0338;;26,22;0,00;D;;;
BQ;Banque BQ;;20240621;51200000;CompteLib_0033;;;24F102;20240621;EcritureLib_0338;;0,00;26,22;C;;;
BQ;Banque BQ;;20240622;62700000;CompteLib_0045;;;24F103;20240622;EcritureLib_0339;;3,22;0,00;D;;;
BQ;Banque BQ;;20240622;44566100;CompteLib_0025;;;24F103;20240622;EcritureLib_0339;;0,65;0,00;D;;;
BQ;Banque BQ;;20240622;51200000;CompteLib_0033;;;24F103;20240622;EcritureLib_0339;;0,00;3,87;C;;;
BQ;Banque BQ;;20240622;16400000;CompteLib_0005;;;24F104;20240622;EcritureLib_0340;;2,09;0,00;D;;;
BQ;Banque BQ;;20240622;51200000;CompteLib_0033;;;24F104;20240622;EcritureLib_0340;;0,00;2,09;C;;;
BQ;Banque BQ;;20240622;16400000;CompteLib_0005;;;24F105;20240622;EcritureLib_0341;;200,67;0,00;D;;;
BQ;Banque BQ;;20240622;51200000;CompteLib_0033;;;24F105;20240622;EcritureLib_0341;;0,00;200,67;C;;;
BQ;Banque BQ;;20240622;51100000;CompteLib_0032;;;24F106;20240622;EcritureLib_0342;;0,00;768,30;C;;;
BQ;Banque BQ;;20240622;51200000;CompteLib_0033;;;24F106;20240622;EcritureLib_0342;;768,30;0,00;D;;;
BQ;Banque BQ;;20240622;51100000;CompteLib_0032;;;24F107;20240622;EcritureLib_0343;;0,00;89,70;C;;;
BQ;Banque BQ;;20240622;51200000;CompteLib_0033;;;24F107;20240622;EcritureLib_0343;;89,70;0,00;D;;;
BQ;Banque BQ;;20240623;51100000;CompteLib_0032;;;24F108;20240623;EcritureLib_0344;;0,00;639,59;C;;;
BQ;Banque BQ;;20240623;51200000;CompteLib_0033;;;24F108;20240623;EcritureLib_0344;;639,59;0,00;D;;;
BQ;Banque BQ;;20240623;51100000;CompteLib_0032;;;24F109;20240623;EcritureLib_0345;;0,00;20,40;C;;;
BQ;Banque BQ;;20240623;51200000;CompteLib_0033;;;24F109;20240623;EcritureLib_0345;;20,40;0,00;D;;;
BQ;Banque BQ;;20240624;40100000;CompteLib_0011;FCARREFOUR;CARREFOUR;24F110;20240624;EcritureLib_0059;;32,65;0,00;D;;;
BQ;Banque BQ;;20240624;51200000;CompteLib_0033;;;24F110;20240624;EcritureLib_0059;;0,00;32,65;C;;;
BQ;Banque BQ;;20240624;40100000;CompteLib_0011;FCARREFOUR;CARREFOUR;24F111;20240624;EcritureLib_0059;;13,20;0,00;D;;;
BQ;Banque BQ;;20240624;51200000;CompteLib_0033;;;24F111;20240624;EcritureLib_0059;;0,00;13,20;C;;;
BQ;Banque BQ;;20240624;51100000;CompteLib_0032;;;24F112;20240624;EcritureLib_0346;;0,00;608,60;C;;;
BQ;Banque BQ;;20240624;51200000;CompteLib_0033;;;24F112;20240624;EcritureLib_0346;;608,60;0,00;D;;;
BQ;Banque BQ;;20240624;51100000;CompteLib_0032;;;24F113;20240624;EcritureLib_0347;;0,00;114,20;C;;;
BQ;Banque BQ;;20240624;51200000;CompteLib_0033;;;24F113;20240624;EcritureLib_0347;;114,20;0,00;D;;;
BQ;Banque BQ;;20240625;43703000;CompteLib_0017;;;24F114;20240625;EcritureLib_0348;;145,49;0,00;D;;;
BQ;Banque BQ;;20240625;51200000;CompteLib_0033;;;24F114;20240625;EcritureLib_0348;;0,00;145,49;C;;;
BQ;Banque BQ;;20240625;40100000;CompteLib_0011;FSTC;STC;24F115;20240625;EcritureLib_0349;;238,80;0,00;D;;;
BQ;Banque BQ;;20240625;51200000;CompteLib_0033;;;24F115;20240625;EcritureLib_0349;;0,00;238,80;C;;;
BQ;Banque BQ;;20240625;40100000;CompteLib_0011;FSTC;STC;24F116;20240625;EcritureLib_0349;;70,20;0,00;D;;;
BQ;Banque BQ;;20240625;51200000;CompteLib_0033;;;24F116;20240625;EcritureLib_0349;;0,00;70,20;C;;;
BQ;Banque BQ;;20240625;47100000;CompteLib_0043;;;24F117;20240625;EcritureLib_0350;;0,00;28,61;C;;;
BQ;Banque BQ;;20240625;51200000;CompteLib_0033;;;24F117;20240625;EcritureLib_0350;;28,61;0,00;D;;;
BQ;Banque BQ;;20240626;47100000;CompteLib_0043;;;24F118;20240626;EcritureLib_0351;;0,00;48,26;C;;;
BQ;Banque BQ;;20240626;51200000;CompteLib_0033;;;24F118;20240626;EcritureLib_0351;;48,26;0,00;D;;;
BQ;Banque BQ;;20240626;40100000;CompteLib_0011;FCARREFOUR;CARREFOUR;24F119;20240626;EcritureLib_0059;;56,33;0,00;D;;;
BQ;Banque BQ;;20240626;51200000;CompteLib_0033;;;24F119;20240626;EcritureLib_0059;;0,00;56,33;C;;;
BQ;Banque BQ;;20240626;51100000;CompteLib_0032;;;24F120;20240626;EcritureLib_0352;;0,00;149,80;C;;;
BQ;Banque BQ;;20240626;51200000;CompteLib_0033;;;24F120;20240626;EcritureLib_0352;;149,80;0,00;D;;;
BQ;Banque BQ;;20240626;51100000;CompteLib_0032;;;24F121;20240626;EcritureLib_0353;;0,00;14,50;C;;;
BQ;Banque BQ;;20240626;51200000;CompteLib_0033;;;24F121;20240626;EcritureLib_0353;;14,50;0,00;D;;;
BQ;Banque BQ;;20240627;47100000;CompteLib_0043;;;24F122;20240627;EcritureLib_0354;;0,00;2,89;C;;;
BQ;Banque BQ;;20240627;51200000;CompteLib_0033;;;24F122;20240627;EcritureLib_0354;;2,89;0,00;D;;;
BQ;Banque BQ;;20240627;47100000;CompteLib_0043;;;24F123;20240627;EcritureLib_0355;;225,27;0,00;D;;;
BQ;Banque BQ;;20240627;51200000;CompteLib_0033;;;24F123;20240627;EcritureLib_0355;;0,00;225,27;C;;;
BQ;Banque BQ;;20240627;51100000;CompteLib_0032;;;24F124;20240627;EcritureLib_0356;;0,00;196,20;C;;;
BQ;Banque BQ;;20240627;51200000;CompteLib_0033;;;24F124;20240627;EcritureLib_0356;;196,20;0,00;D;;;
BQ;Banque BQ;;20240627;51100000;CompteLib_0032;;;24F125;20240627;EcritureLib_0357;;0,00;13,30;C;;;
BQ;Banque BQ;;20240627;51200000;CompteLib_0033;;;24F125;20240627;EcritureLib_0357;;13,30;0,00;D;;;
BQ;Banque BQ;;20240628;40100000;CompteLib_0011;FORANGE;ORANGE;24F126;20240628;EcritureLib_0358;;60,00;0,00;D;;;
BQ;Banque BQ;;20240628;51200000;CompteLib_0033;;;24F126;20240628;EcritureLib_0358;;0,00;60,00;C;;;
BQ;Banque BQ;;20240628;47100000;CompteLib_0043;;;24F127;20240628;EcritureLib_0359;;0,00;56,61;C;;;
BQ;Banque BQ;;20240628;51200000;CompteLib_0033;;;24F127;20240628;EcritureLib_0359;;56,61;0,00;D;;;
BQ;Banque BQ;;20240628;40100000;CompteLib_0011;FCARREFOUR;CARREFOUR;24F128;20240628;EcritureLib_0059;;54,52;0,00;D;;;
BQ;Banque BQ;;20240628;51200000;CompteLib_0033;;;24F128;20240628;EcritureLib_0059;;0,00;54,52;C;;;
BQ;Banque BQ;;20240628;51100000;CompteLib_0032;;;24F129;20240628;EcritureLib_0360;;0,00;87,80;C;;;
BQ;Banque BQ;;20240628;51200000;CompteLib_0033;;;24F129;20240628;EcritureLib_0360;;87,80;0,00;D;;;
BQ;Banque BQ;;20240629;51100000;CompteLib_0032;;;24F130;20240629;EcritureLib_0361;;0,00;799,60;C;;;
BQ;Banque BQ;;20240629;51200000;CompteLib_0033;;;24F130;20240629;EcritureLib_0361;;799,60;0,00;D;;;
BQ;Banque BQ;;20240629;51100000;CompteLib_0032;;;24F131;20240629;EcritureLib_0362;;0,00;186,70;C;;;
BQ;Banque BQ;;20240629;51200000;CompteLib_0033;;;24F131;20240629;EcritureLib_0362;;186,70;0,00;D;;;
BQ;Banque BQ;;20240630;51100000;CompteLib_0032;;;24F132;20240630;EcritureLib_0363;;0,00;398,00;C;;;
BQ;Banque BQ;;20240630;51200000;CompteLib_0033;;;24F132;20240630;EcritureLib_0363;;398,00;0,00;D;;;
BQ;Banque BQ;;20240630;51100000;CompteLib_0032;;;24F133;20240630;EcritureLib_0364;;0,00;50,30;C;;;
BQ;Banque BQ;;20240630;51200000;CompteLib_0033;;;24F133;20240630;EcritureLib_0364;;50,30;0,00;D;;;
BQ;Banque BQ;;20240701;61600000;CompteLib_0042;;;24G1;20240701;EcritureLib_0365;;108,45;0,00;D;;;
BQ;Banque BQ;;20240701;51200000;CompteLib_0033;;;24G1;20240701;EcritureLib_0365;;0,00;108,45;C;;;
BQ;Banque BQ;;20240701;51140000;CompteLib_0044;;;24G2;20240701;EcritureLib_0366;;0,00;5,93;C;;;
BQ;Banque BQ;;20240701;51200000;CompteLib_0033;;;24G2;20240701;EcritureLib_0366;;5,93;0,00;D;;;
BQ;Banque BQ;;20240701;40100000;CompteLib_0011;FCARREFOUR;CARREFOUR;24G3;20240701;EcritureLib_0059;;41,01;0,00;D;;;
BQ;Banque BQ;;20240701;51200000;CompteLib_0033;;;24G3;20240701;EcritureLib_0059;;0,00;41,01;C;;;
BQ;Banque BQ;;20240701;40100000;CompteLib_0011;FCARREFOUR;CARREFOUR;24G4;20240701;EcritureLib_0059;;52,53;0,00;D;;;
BQ;Banque BQ;;20240701;51200000;CompteLib_0033;;;24G4;20240701;EcritureLib_0059;;0,00;52,53;C;;;
BQ;Banque BQ;;20240701;51100000;CompteLib_0032;;;24G5;20240701;EcritureLib_0367;;0,00;421,40;C;;;
BQ;Banque BQ;;20240701;51200000;CompteLib_0033;;;24G5;20240701;EcritureLib_0367;;421,40;0,00;D;;;
BQ;Banque BQ;;20240701;51100000;CompteLib_0032;;;24G6;20240701;EcritureLib_0368;;0,00;205,60;C;;;
BQ;Banque BQ;;20240701;51200000;CompteLib_0033;;;24G6;20240701;EcritureLib_0368;;205,60;0,00;D;;;
BQ;Banque BQ;;20240701;47100000;CompteLib_0043;;;24G7;20240701;EcritureLib_0369;;0,00;2910,00;C;;;
BQ;Banque BQ;;20240701;51200000;CompteLib_0033;;;24G7;20240701;EcritureLib_0369;;2910,00;0,00;D;;;
BQ;Banque BQ;;20240702;47100000;CompteLib_0043;;;24G8;20240702;EcritureLib_0370;;580,71;0,00;D;;;
BQ;Banque BQ;;20240702;51200000;CompteLib_0033;;;24G8;20240702;EcritureLib_0370;;0,00;580,71;C;;;
BQ;Banque BQ;;20240702;40100000;CompteLib_0011;FCARBURANT;CARBURANT;24G9;20240702;EcritureLib_0111;;103,00;0,00;D;;;
BQ;Banque BQ;;20240702;51200000;CompteLib_0033;;;24G9;20240702;EcritureLib_0111;;0,00;103,00;C;;;
BQ;Banque BQ;;20240702;47100000;CompteLib_0043;;;24G10;20240702;EcritureLib_0371;;971,61;0,00;D;;;
BQ;Banque BQ;;20240702;51200000;CompteLib_0033;;;24G10;20240702;EcritureLib_0371;;0,00;971,61;C;;;
BQ;Banque BQ;;20240702;47100000;CompteLib_0043;;;24G11;20240702;EcritureLib_0181;;24,08;0,00;D;;;
BQ;Banque BQ;;20240702;51200000;CompteLib_0033;;;24G11;20240702;EcritureLib_0181;;0,00;24,08;C;;;
BQ;Banque BQ;;20240702;61600000;CompteLib_0042;;;24G12;20240702;EcritureLib_0372;;24,08;0,00;D;;;
BQ;Banque BQ;;20240702;51200000;CompteLib_0033;;;24G12;20240702;EcritureLib_0372;;0,00;24,08;C;;;
BQ;Banque BQ;;20240703;47100000;CompteLib_0043;;;24G13;20240703;EcritureLib_0373;;2,52;0,00;D;;;
BQ;Banque BQ;;20240703;51200000;CompteLib_0033;;;24G13;20240703;EcritureLib_0373;;0,00;2,52;C;;;
BQ;Banque BQ;;20240703;47100000;CompteLib_0043;;;24G14;20240703;EcritureLib_0374;;0,00;17,13;C;;;
BQ;Banque BQ;;20240703;51200000;CompteLib_0033;;;24G14;20240703;EcritureLib_0374;;17,13;0,00;D;;;
BQ;Banque BQ;;20240703;40100000;CompteLib_0011;FCARREFOUR;CARREFOUR;24G15;20240703;EcritureLib_0059;;57,17;0,00;D;;;
BQ;Banque BQ;;20240703;51200000;CompteLib_0033;;;24G15;20240703;EcritureLib_0059;;0,00;57,17;C;;;
BQ;Banque BQ;;20240703;51100000;CompteLib_0032;;;24G16;20240703;EcritureLib_0375;;0,00;193,79;C;;;
BQ;Banque BQ;;20240703;51200000;CompteLib_0033;;;24G16;20240703;EcritureLib_0375;;193,79;0,00;D;;;
BQ;Banque BQ;;20240703;51100000;CompteLib_0032;;;24G17;20240703;EcritureLib_0376;;0,00;26,10;C;;;
BQ;Banque BQ;;20240703;51200000;CompteLib_0033;;;24G17;20240703;EcritureLib_0376;;26,10;0,00;D;;;
BQ;Banque BQ;;20240703;42100000;CompteLib_0012;;;24G18;20240703;EcritureLib_0377;;107,67;0,00;D;;;
BQ;Banque BQ;;20240703;51200000;CompteLib_0033;;;24G18;20240703;EcritureLib_0377;;0,00;107,67;C;;;
BQ;Banque BQ;;20240703;42100000;CompteLib_0012;;;24G19;20240703;EcritureLib_0378;;629,70;0,00;D;;;
BQ;Banque BQ;;20240703;51200000;CompteLib_0033;;;24G19;20240703;EcritureLib_0378;;0,00;629,70;C;;;
BQ;Banque BQ;;20240703;42100000;CompteLib_0012;;;24G20;20240703;EcritureLib_0379;;522,11;0,00;D;;;
BQ;Banque BQ;;20240703;51200000;CompteLib_0033;;;24G20;20240703;EcritureLib_0379;;0,00;522,11;C;;;
BQ;Banque BQ;;20240703;42100000;CompteLib_0012;;;24G21;20240703;EcritureLib_0380;;630,23;0,00;D;;;
BQ;Banque BQ;;20240703;51200000;CompteLib_0033;;;24G21;20240703;EcritureLib_0380;;0,00;630,23;C;;;
BQ;Banque BQ;;20240704;47100000;CompteLib_0043;;;24G22;20240704;EcritureLib_0381;;0,00;42,87;C;;;
BQ;Banque BQ;;20240704;51200000;CompteLib_0033;;;24G22;20240704;EcritureLib_0381;;42,87;0,00;D;;;
BQ;Banque BQ;;20240704;47100000;CompteLib_0043;;;24G23;20240704;EcritureLib_0382;;0,00;23,80;C;;;
BQ;Banque BQ;;20240704;51200000;CompteLib_0033;;;24G23;20240704;EcritureLib_0382;;23,80;0,00;D;;;
BQ;Banque BQ;;20240704;47100000;CompteLib_0043;;;24G24;20240704;EcritureLib_0067;;0,00;130,00;C;;;
BQ;Banque BQ;;20240704;51200000;CompteLib_0033;;;24G24;20240704;EcritureLib_0067;;130,00;0,00;D;;;
BQ;Banque BQ;;20240704;47100000;CompteLib_0043;;;24G25;20240704;EcritureLib_0383;;0,00;52,09;C;;;
BQ;Banque BQ;;20240704;51200000;CompteLib_0033;;;24G25;20240704;EcritureLib_0383;;52,09;0,00;D;;;
BQ;Banque BQ;;20240704;40100000;CompteLib_0011;FCARREFOUR;CARREFOUR;24G26;20240704;EcritureLib_0059;;26,22;0,00;D;;;
BQ;Banque BQ;;20240704;51200000;CompteLib_0033;;;24G26;20240704;EcritureLib_0059;;0,00;26,22;C;;;
BQ;Banque BQ;;20240704;40100000;CompteLib_0011;FAMAZON;AMAZON;24G27;20240704;EcritureLib_0181;;42,56;0,00;D;;;
BQ;Banque BQ;;20240704;51200000;CompteLib_0033;;;24G27;20240704;EcritureLib_0181;;0,00;42,56;C;;;
BQ;Banque BQ;;20240704;40100000;CompteLib_0011;FAMAZON;AMAZON;24G28;20240704;EcritureLib_0181;;14,61;0,00;D;;;
BQ;Banque BQ;;20240704;51200000;CompteLib_0033;;;24G28;20240704;EcritureLib_0181;;0,00;14,61;C;;;
BQ;Banque BQ;;20240704;51100000;CompteLib_0032;;;24G29;20240704;EcritureLib_0384;;0,00;269,70;C;;;
BQ;Banque BQ;;20240704;51200000;CompteLib_0033;;;24G29;20240704;EcritureLib_0384;;269,70;0,00;D;;;
BQ;Banque BQ;;20240704;51100000;CompteLib_0032;;;24G30;20240704;EcritureLib_0385;;0,00;21,10;C;;;
BQ;Banque BQ;;20240704;51200000;CompteLib_0033;;;24G30;20240704;EcritureLib_0385;;21,10;0,00;D;;;
BQ;Banque BQ;;20240705;61600000;CompteLib_0042;;;24G31;20240705;EcritureLib_0386;;82,65;0,00;D;;;
BQ;Banque BQ;;20240705;51200000;CompteLib_0033;;;24G31;20240705;EcritureLib_0386;;0,00;82,65;C;;;
BQ;Banque BQ;;20240705;47100000;CompteLib_0043;;;24G32;20240705;EcritureLib_0387;;89,00;0,00;D;;;
BQ;Banque BQ;;20240705;51200000;CompteLib_0033;;;24G32;20240705;EcritureLib_0387;;0,00;89,00;C;;;
BQ;Banque BQ;;20240705;62700000;CompteLib_0045;;;24G33;20240705;EcritureLib_0388;;70,13;0,00;D;;;
BQ;Banque BQ;;20240705;44566100;CompteLib_0025;;;24G33;20240705;EcritureLib_0388;;14,03;0,00;D;;;
BQ;Banque BQ;;20240705;51200000;CompteLib_0033;;;24G33;20240705;EcritureLib_0388;;0,00;84,16;C;;;
BQ;Banque BQ;;20240705;61321000;CompteLib_0046;;;24G34;20240705;EcritureLib_0074;;1000,00;0,00;D;;;
BQ;Banque BQ;;20240705;44566100;CompteLib_0025;;;24G34;20240705;EcritureLib_0074;;200,00;0,00;D;;;
BQ;Banque BQ;;20240705;51200000;CompteLib_0033;;;24G34;20240705;EcritureLib_0074;;0,00;1200,00;C;;;
BQ;Banque BQ;;20240705;51100000;CompteLib_0032;;;24G35;20240705;EcritureLib_0389;;0,00;283,80;C;;;
BQ;Banque BQ;;20240705;51200000;CompteLib_0033;;;24G35;20240705;EcritureLib_0389;;283,80;0,00;D;;;
BQ;Banque BQ;;20240705;51100000;CompteLib_0032;;;24G36;20240705;EcritureLib_0390;;0,00;13,20;C;;;
BQ;Banque BQ;;20240705;51200000;CompteLib_0033;;;24G36;20240705;EcritureLib_0390;;13,20;0,00;D;;;
BQ;Banque BQ;;20240706;51100000;CompteLib_0032;;;24G39;20240706;EcritureLib_0391;;0,00;837,15;C;;;
BQ;Banque BQ;;20240706;51200000;CompteLib_0033;;;24G39;20240706;EcritureLib_0391;;837,15;0,00;D;;;
BQ;Banque BQ;;20240707;51100000;CompteLib_0032;;;24G40;20240707;EcritureLib_0392;;0,00;299,80;C;;;
BQ;Banque BQ;;20240707;51200000;CompteLib_0033;;;24G40;20240707;EcritureLib_0392;;299,80;0,00;D;;;
BQ;Banque BQ;;20240707;51100000;CompteLib_0032;;;24G41;20240707;EcritureLib_0393;;0,00;73,80;C;;;
BQ;Banque BQ;;20240707;51200000;CompteLib_0033;;;24G41;20240707;EcritureLib_0393;;73,80;0,00;D;;;
BQ;Banque BQ;;20240708;40100000;CompteLib_0011;FCARREFOUR;CARREFOUR;24G42;20240708;EcritureLib_0059;;50,50;0,00;D;;;
BQ;Banque BQ;;20240708;51200000;CompteLib_0033;;;24G42;20240708;EcritureLib_0059;;0,00;50,50;C;;;
BQ;Banque BQ;;20240708;40100000;CompteLib_0011;FCARREFOUR;CARREFOUR;24G43;20240708;EcritureLib_0059;;28,60;0,00;D;;;
BQ;Banque BQ;;20240708;51200000;CompteLib_0033;;;24G43;20240708;EcritureLib_0059;;0,00;28,60;C;;;
BQ;Banque BQ;;20240708;51100000;CompteLib_0032;;;24G44;20240708;EcritureLib_0394;;0,00;518,70;C;;;
BQ;Banque BQ;;20240708;51200000;CompteLib_0033;;;24G44;20240708;EcritureLib_0394;;518,70;0,00;D;;;
BQ;Banque BQ;;20240708;51100000;CompteLib_0032;;;24G45;20240708;EcritureLib_0395;;0,00;171,80;C;;;
BQ;Banque BQ;;20240708;51200000;CompteLib_0033;;;24G45;20240708;EcritureLib_0395;;171,80;0,00;D;;;
BQ;Banque BQ;;20240708;47100000;CompteLib_0043;;;24G46;20240708;EcritureLib_0396;;673,92;0,00;D;;;
BQ;Banque BQ;;20240708;51200000;CompteLib_0033;;;24G46;20240708;EcritureLib_0396;;0,00;673,92;C;;;
BQ;Banque BQ;;20240709;51140000;CompteLib_0044;;;24G47;20240709;EcritureLib_0397;;0,00;54,46;C;;;
BQ;Banque BQ;;20240709;51200000;CompteLib_0033;;;24G47;20240709;EcritureLib_0397;;54,46;0,00;D;;;
BQ;Banque BQ;;20240710;47100000;CompteLib_0043;;;24G48;20240710;EcritureLib_0398;;142,74;0,00;D;;;
BQ;Banque BQ;;20240710;51200000;CompteLib_0033;;;24G48;20240710;EcritureLib_0398;;0,00;142,74;C;;;
BQ;Banque BQ;;20240710;47100000;CompteLib_0043;;;24G49;20240710;EcritureLib_0399;;160,20;0,00;D;;;
BQ;Banque BQ;;20240710;51200000;CompteLib_0033;;;24G49;20240710;EcritureLib_0399;;0,00;160,20;C;;;
BQ;Banque BQ;;20240710;16400000;CompteLib_0005;;;24G50;20240710;EcritureLib_0400;;9,10;0,00;D;;;
BQ;Banque BQ;;20240710;51200000;CompteLib_0033;;;24G50;20240710;EcritureLib_0400;;0,00;9,10;C;;;
BQ;Banque BQ;;20240710;16400000;CompteLib_0005;;;24G51;20240710;EcritureLib_0401;;695,50;0,00;D;;;
BQ;Banque BQ;;20240710;51200000;CompteLib_0033;;;24G51;20240710;EcritureLib_0401;;0,00;695,50;C;;;
BQ;Banque BQ;;20240710;47100000;CompteLib_0043;;;24G52;20240710;EcritureLib_0402;;0,00;32,95;C;;;
BQ;Banque BQ;;20240710;51200000;CompteLib_0033;;;24G52;20240710;EcritureLib_0402;;32,95;0,00;D;;;
BQ;Banque BQ;;20240710;47100000;CompteLib_0043;;;24G53;20240710;EcritureLib_0403;;0,00;54,37;C;;;
BQ;Banque BQ;;20240710;51200000;CompteLib_0033;;;24G53;20240710;EcritureLib_0403;;54,37;0,00;D;;;
BQ;Banque BQ;;20240710;40100000;CompteLib_0011;FCARREFOUR;CARREFOUR;24G54;20240710;EcritureLib_0059;;15,33;0,00;D;;;
BQ;Banque BQ;;20240710;51200000;CompteLib_0033;;;24G54;20240710;EcritureLib_0059;;0,00;15,33;C;;;
BQ;Banque BQ;;20240710;51100000;CompteLib_0032;;;24G55;20240710;EcritureLib_0404;;0,00;166,20;C;;;
BQ;Banque BQ;;20240710;51200000;CompteLib_0033;;;24G55;20240710;EcritureLib_0404;;166,20;0,00;D;;;
BQ;Banque BQ;;20240710;51100000;CompteLib_0032;;;24G56;20240710;EcritureLib_0405;;0,00;46,80;C;;;
BQ;Banque BQ;;20240710;51200000;CompteLib_0033;;;24G56;20240710;EcritureLib_0405;;46,80;0,00;D;;;
BQ;Banque BQ;;20240710;47100000;CompteLib_0043;;;24G57;20240710;EcritureLib_0406;;0,00;46,33;C;;;
BQ;Banque BQ;;20240710;51200000;CompteLib_0033;;;24G57;20240710;EcritureLib_0406;;46,33;0,00;D;;;
BQ;Banque BQ;;20240710;62700000;CompteLib_0045;;;24G58;20240710;EcritureLib_0092;;10,08;0,00;D;;;
BQ;Banque BQ;;20240710;44566100;CompteLib_0025;;;24G58;20240710;EcritureLib_0092;;2,02;0,00;D;;;
BQ;Banque BQ;;20240710;51200000;CompteLib_0033;;;24G58;20240710;EcritureLib_0092;;0,00;12,10;C;;;
BQ;Banque BQ;;20240711;40100000;CompteLib_0011;FCARREFOUR;CARREFOUR;24G59;20240711;EcritureLib_0059;;12,45;0,00;D;;;
BQ;Banque BQ;;20240711;51200000;CompteLib_0033;;;24G59;20240711;EcritureLib_0059;;0,00;12,45;C;;;
BQ;Banque BQ;;20240711;51100000;CompteLib_0032;;;24G60;20240711;EcritureLib_0407;;0,00;208,70;C;;;
BQ;Banque BQ;;20240711;51200000;CompteLib_0033;;;24G60;20240711;EcritureLib_0407;;208,70;0,00;D;;;
BQ;Banque BQ;;20240712;47100000;CompteLib_0043;;;24G61;20240712;EcritureLib_0408;;27,48;0,00;D;;;
BQ;Banque BQ;;20240712;51200000;CompteLib_0033;;;24G61;20240712;EcritureLib_0408;;0,00;27,48;C;;;
BQ;Banque BQ;;20240712;47100000;CompteLib_0043;;;24G62;20240712;EcritureLib_0409;;0,00;42,21;C;;;
BQ;Banque BQ;;20240712;51200000;CompteLib_0033;;;24G62;20240712;EcritureLib_0409;;42,21;0,00;D;;;
BQ;Banque BQ;;20240712;47100000;CompteLib_0043;;;24G63;20240712;EcritureLib_0410;;0,00;17,69;C;;;
BQ;Banque BQ;;20240712;51200000;CompteLib_0033;;;24G63;20240712;EcritureLib_0410;;17,69;0,00;D;;;
BQ;Banque BQ;;20240712;51100000;CompteLib_0032;;;24G64;20240712;EcritureLib_0411;;0,00;118,16;C;;;
BQ;Banque BQ;;20240712;51200000;CompteLib_0033;;;24G64;20240712;EcritureLib_0411;;118,16;0,00;D;;;
BQ;Banque BQ;;20240712;47100000;CompteLib_0043;;;24G65;20240712;EcritureLib_0412;;709,78;0,00;D;;;
BQ;Banque BQ;;20240712;51200000;CompteLib_0033;;;24G65;20240712;EcritureLib_0412;;0,00;709,78;C;;;
BQ;Banque BQ;;20240712;47100000;CompteLib_0043;;;24G66;20240712;EcritureLib_0413;;126,80;0,00;D;;;
BQ;Banque BQ;;20240712;51200000;CompteLib_0033;;;24G66;20240712;EcritureLib_0413;;0,00;126,80;C;;;
BQ;Banque BQ;;20240713;51100000;CompteLib_0032;;;24G68;20240713;EcritureLib_0414;;0,00;154,54;C;;;
BQ;Banque BQ;;20240713;51200000;CompteLib_0033;;;24G68;20240713;EcritureLib_0414;;154,54;0,00;D;;;
BQ;Banque BQ;;20240713;51100000;CompteLib_0032;;;24G69;20240713;EcritureLib_0415;;0,00;518,73;C;;;
BQ;Banque BQ;;20240713;51200000;CompteLib_0033;;;24G69;20240713;EcritureLib_0415;;518,73;0,00;D;;;
BQ;Banque BQ;;20240715;51100000;CompteLib_0032;;;24G70;20240715;EcritureLib_0416;;0,00;361,40;C;;;
BQ;Banque BQ;;20240715;51200000;CompteLib_0033;;;24G70;20240715;EcritureLib_0416;;361,40;0,00;D;;;
BQ;Banque BQ;;20240715;51100000;CompteLib_0032;;;24G71;20240715;EcritureLib_0417;;0,00;101,50;C;;;
BQ;Banque BQ;;20240715;51200000;CompteLib_0033;;;24G71;20240715;EcritureLib_0417;;101,50;0,00;D;;;
BQ;Banque BQ;;20240715;40100000;CompteLib_0011;FCARREFOUR;CARREFOUR;24G72;20240715;EcritureLib_0059;;29,16;0,00;D;;;
BQ;Banque BQ;;20240715;51200000;CompteLib_0033;;;24G72;20240715;EcritureLib_0059;;0,00;29,16;C;;;
BQ;Banque BQ;;20240715;40100000;CompteLib_0011;FCARREFOUR;CARREFOUR;24G73;20240715;EcritureLib_0059;;38,09;0,00;D;;;
BQ;Banque BQ;;20240715;51200000;CompteLib_0033;;;24G73;20240715;EcritureLib_0059;;0,00;38,09;C;;;
BQ;Banque BQ;;20240715;51100000;CompteLib_0032;;;24G74;20240715;EcritureLib_0418;;0,00;382,85;C;;;
BQ;Banque BQ;;20240715;51200000;CompteLib_0033;;;24G74;20240715;EcritureLib_0418;;382,85;0,00;D;;;
BQ;Banque BQ;;20240715;51100000;CompteLib_0032;;;24G75;20240715;EcritureLib_0419;;0,00;91,60;C;;;
BQ;Banque BQ;;20240715;51200000;CompteLib_0033;;;24G75;20240715;EcritureLib_0419;;91,60;0,00;D;;;
BQ;Banque BQ;;20240716;47100000;CompteLib_0043;;;24G76;20240716;EcritureLib_0420;;452,00;0,00;D;;;
BQ;Banque BQ;;20240716;51200000;CompteLib_0033;;;24G76;20240716;EcritureLib_0420;;0,00;452,00;C;;;
BQ;Banque BQ;;20240716;47100000;CompteLib_0043;;;24G77;20240716;EcritureLib_0421;;649,00;0,00;D;;;
BQ;Banque BQ;;20240716;51200000;CompteLib_0033;;;24G77;20240716;EcritureLib_0421;;0,00;649,00;C;;;
BQ;Banque BQ;;20240716;47100000;CompteLib_0043;;;24G78;20240716;EcritureLib_0422;;116,00;0,00;D;;;
BQ;Banque BQ;;20240716;51200000;CompteLib_0033;;;24G78;20240716;EcritureLib_0422;;0,00;116,00;C;;;
BQ;Banque BQ;;20240716;51140000;CompteLib_0044;;;24G79;20240716;EcritureLib_0423;;0,00;70,03;C;;;
BQ;Banque BQ;;20240716;51200000;CompteLib_0033;;;24G79;20240716;EcritureLib_0423;;70,03;0,00;D;;;
BQ;Banque BQ;;20240716;40100000;CompteLib_0011;FNOYEZTOUNAI;NOYEZ TOURNAI;24G80;20240716;EcritureLib_0424;;290,66;0,00;D;;;
BQ;Banque BQ;;20240716;51200000;CompteLib_0033;;;24G80;20240716;EcritureLib_0424;;0,00;290,66;C;;;
BQ;Banque BQ;;20240718;40100000;CompteLib_0011;FSWILE;SWILE;24G81;20240718;EcritureLib_0425;;2,95;0,00;D;;;
BQ;Banque BQ;;20240718;51200000;CompteLib_0033;;;24G81;20240718;EcritureLib_0425;;0,00;2,95;C;;;
BQ;Banque BQ;;20240718;47100000;CompteLib_0043;;;24G82;20240718;EcritureLib_0426;;0,00;18,36;C;;;
BQ;Banque BQ;;20240718;51200000;CompteLib_0033;;;24G82;20240718;EcritureLib_0426;;18,36;0,00;D;;;
BQ;Banque BQ;;20240718;47100000;CompteLib_0043;;;24G83;20240718;EcritureLib_0427;;0,00;16,36;C;;;
BQ;Banque BQ;;20240718;51200000;CompteLib_0033;;;24G83;20240718;EcritureLib_0427;;16,36;0,00;D;;;
BQ;Banque BQ;;20240719;51140000;CompteLib_0044;;;24G85;20240719;EcritureLib_0428;;0,00;110,59;C;;;
BQ;Banque BQ;;20240719;51200000;CompteLib_0033;;;24G85;20240719;EcritureLib_0428;;110,59;0,00;D;;;
BQ;Banque BQ;;20240719;47100000;CompteLib_0043;;;24G86;20240719;EcritureLib_0429;;551,54;0,00;D;;;
BQ;Banque BQ;;20240719;51200000;CompteLib_0033;;;24G86;20240719;EcritureLib_0429;;0,00;551,54;C;;;
BQ;Banque BQ;;20240720;51100000;CompteLib_0032;;;24G87;20240720;EcritureLib_0430;;0,00;141,47;C;;;
BQ;Banque BQ;;20240720;51200000;CompteLib_0033;;;24G87;20240720;EcritureLib_0430;;141,47;0,00;D;;;
BQ;Banque BQ;;20240720;51100000;CompteLib_0032;;;24G88;20240720;EcritureLib_0431;;0,00;282,40;C;;;
BQ;Banque BQ;;20240720;51200000;CompteLib_0033;;;24G88;20240720;EcritureLib_0431;;282,40;0,00;D;;;
BQ;Banque BQ;;20240721;51100000;CompteLib_0032;;;24G89;20240721;EcritureLib_0432;;0,00;200,78;C;;;
BQ;Banque BQ;;20240721;51200000;CompteLib_0033;;;24G89;20240721;EcritureLib_0432;;200,78;0,00;D;;;
BQ;Banque BQ;;20240721;51100000;CompteLib_0032;;;24G90;20240721;EcritureLib_0433;;0,00;140,20;C;;;
BQ;Banque BQ;;20240721;51200000;CompteLib_0033;;;24G90;20240721;EcritureLib_0433;;140,20;0,00;D;;;
BQ;Banque BQ;;20240722;61200000;CompteLib_0047;;;24G91;20240722;EcritureLib_0434;;326,91;0,00;D;;;
BQ;Banque BQ;;20240722;51200000;CompteLib_0033;;;24G91;20240722;EcritureLib_0434;;0,00;326,91;C;;;
BQ;Banque BQ;;20240722;40100000;CompteLib_0011;FCARREFOUR;CARREFOUR;24G92;20240722;EcritureLib_0059;;41,63;0,00;D;;;
BQ;Banque BQ;;20240722;51200000;CompteLib_0033;;;24G92;20240722;EcritureLib_0059;;0,00;41,63;C;;;
BQ;Banque BQ;;20240722;40100000;CompteLib_0011;FCARBURANT;CARBURANT;24G93;20240722;EcritureLib_0111;;91,01;0,00;D;;;
BQ;Banque BQ;;20240722;51200000;CompteLib_0033;;;24G93;20240722;EcritureLib_0111;;0,00;91,01;C;;;
BQ;Banque BQ;;20240722;40100000;CompteLib_0011;FCARREFOUR;CARREFOUR;24G94;20240722;EcritureLib_0059;;13,93;0,00;D;;;
BQ;Banque BQ;;20240722;51200000;CompteLib_0033;;;24G94;20240722;EcritureLib_0059;;0,00;13,93;C;;;
BQ;Banque BQ;;20240722;51100000;CompteLib_0032;;;24G95;20240722;EcritureLib_0435;;0,00;408,10;C;;;
BQ;Banque BQ;;20240722;51200000;CompteLib_0033;;;24G95;20240722;EcritureLib_0435;;408,10;0,00;D;;;
BQ;Banque BQ;;20240722;51100000;CompteLib_0032;;;24G96;20240722;EcritureLib_0436;;0,00;43,20;C;;;
BQ;Banque BQ;;20240722;51200000;CompteLib_0033;;;24G96;20240722;EcritureLib_0436;;43,20;0,00;D;;;
BQ;Banque BQ;;20240722;62700000;CompteLib_0045;;;24G97;20240722;EcritureLib_0437;;3,08;0,00;D;;;
BQ;Banque BQ;;20240722;44566100;CompteLib_0025;;;24G97;20240722;EcritureLib_0437;;0,62;0,00;D;;;
BQ;Banque BQ;;20240722;51200000;CompteLib_0033;;;24G97;20240722;EcritureLib_0437;;0,00;3,70;C;;;
BQ;Banque BQ;;20240722;16400000;CompteLib_0005;;;24G98;20240722;EcritureLib_0438;;2,00;0,00;D;;;
BQ;Banque BQ;;20240722;51200000;CompteLib_0033;;;24G98;20240722;EcritureLib_0438;;0,00;2,00;C;;;
BQ;Banque BQ;;20240722;16400000;CompteLib_0005;;;24G99;20240722;EcritureLib_0439;;200,76;0,00;D;;;
BQ;Banque BQ;;20240722;51200000;CompteLib_0033;;;24G99;20240722;EcritureLib_0439;;0,00;200,76;C;;;
BQ;Banque BQ;;20240723;47100000;CompteLib_0043;;;24G100;20240723;EcritureLib_0440;;690,00;0,00;D;;;
BQ;Banque BQ;;20240723;51200000;CompteLib_0033;;;24G100;20240723;EcritureLib_0440;;0,00;690,00;C;;;
BQ;Banque BQ;;20240723;47100000;CompteLib_0043;;;24G101;20240723;EcritureLib_0441;;271,80;0,00;D;;;
BQ;Banque BQ;;20240723;51200000;CompteLib_0033;;;24G101;20240723;EcritureLib_0441;;0,00;271,80;C;;;
BQ;Banque BQ;;20240724;44551000;CompteLib_0024;;;24G102;20240724;EcritureLib_0442;;1294,00;0,00;D;;D;20240923
BQ;Banque BQ;;20240724;51200000;CompteLib_0033;;;24G102;20240724;EcritureLib_0442;;0,00;1294,00;C;;;
BQ;Banque BQ;;20240724;64600000;CompteLib_0049;;;24G103;20240724;EcritureLib_0443;;130,47;0,00;D;;;
BQ;Banque BQ;;20240724;51200000;CompteLib_0033;;;24G103;20240724;EcritureLib_0443;;0,00;130,47;C;;;
BQ;Banque BQ;;20240724;40100000;CompteLib_0011;FSACEM;SACEM / SPRE;24G104;20240724;EcritureLib_0444;;103,83;0,00;D;;;
BQ;Banque BQ;;20240724;51200000;CompteLib_0033;;;24G104;20240724;EcritureLib_0444;;0,00;103,83;C;;;
BQ;Banque BQ;;20240724;47100000;CompteLib_0043;;;24G105;20240724;EcritureLib_0445;;36,74;0,00;D;;;
BQ;Banque BQ;;20240724;51200000;CompteLib_0033;;;24G105;20240724;EcritureLib_0445;;0,00;36,74;C;;;
BQ;Banque BQ;;20240725;43703000;CompteLib_0017;;;24G106;20240725;EcritureLib_0446;;150,10;0,00;D;;;
BQ;Banque BQ;;20240725;51200000;CompteLib_0033;;;24G106;20240725;EcritureLib_0446;;0,00;150,10;C;;;
BQ;Banque BQ;;20240725;47100000;CompteLib_0043;;;24G107;20240725;EcritureLib_0447;;0,00;39,60;C;;;
BQ;Banque BQ;;20240725;51200000;CompteLib_0033;;;24G107;20240725;EcritureLib_0447;;39,60;0,00;D;;;
BQ;Banque BQ;;20240725;47100000;CompteLib_0043;;;24G108;20240725;EcritureLib_0448;;0,00;12,49;C;;;
BQ;Banque BQ;;20240725;51200000;CompteLib_0033;;;24G108;20240725;EcritureLib_0448;;12,49;0,00;D;;;
BQ;Banque BQ;;20240726;40100000;CompteLib_0011;FSTC;STC;24G109;20240726;EcritureLib_0449;;225,00;0,00;D;;;
BQ;Banque BQ;;20240726;51200000;CompteLib_0033;;;24G109;20240726;EcritureLib_0449;;0,00;225,00;C;;;
BQ;Banque BQ;;20240726;40100000;CompteLib_0011;FSTC;STC;24G110;20240726;EcritureLib_0449;;238,80;0,00;D;;;
BQ;Banque BQ;;20240726;51200000;CompteLib_0033;;;24G110;20240726;EcritureLib_0449;;0,00;238,80;C;;;
BQ;Banque BQ;;20240726;51140000;CompteLib_0044;;;24G111;20240726;EcritureLib_0450;;0,00;62,88;C;;;
BQ;Banque BQ;;20240726;51200000;CompteLib_0033;;;24G111;20240726;EcritureLib_0450;;62,88;0,00;D;;;
BQ;Banque BQ;;20240726;47100000;CompteLib_0043;;;24G112;20240726;EcritureLib_0271;;202,53;0,00;D;;;
BQ;Banque BQ;;20240726;51200000;CompteLib_0033;;;24G112;20240726;EcritureLib_0271;;0,00;202,53;C;;;
BQ;Banque BQ;;20240726;40100000;CompteLib_0011;FCASTORAMA;CASTORAMA;24G113;20240726;EcritureLib_0281;;43,80;0,00;D;;;
BQ;Banque BQ;;20240726;51200000;CompteLib_0033;;;24G113;20240726;EcritureLib_0281;;0,00;43,80;C;;;
BQ;Banque BQ;;20240727;51100000;CompteLib_0032;;;24G114;20240727;EcritureLib_0451;;0,00;455,60;C;;;
BQ;Banque BQ;;20240727;51200000;CompteLib_0033;;;24G114;20240727;EcritureLib_0451;;455,60;0,00;D;;;
BQ;Banque BQ;;20240727;51100000;CompteLib_0032;;;24G115;20240727;EcritureLib_0452;;0,00;61,80;C;;;
BQ;Banque BQ;;20240727;51200000;CompteLib_0033;;;24G115;20240727;EcritureLib_0452;;61,80;0,00;D;;;
BQ;Banque BQ;;20240728;51100000;CompteLib_0032;;;24G116;20240728;EcritureLib_0453;;0,00;384,50;C;;;
BQ;Banque BQ;;20240728;51200000;CompteLib_0033;;;24G116;20240728;EcritureLib_0453;;384,50;0,00;D;;;
BQ;Banque BQ;;20240728;51100000;CompteLib_0032;;;24G117;20240728;EcritureLib_0454;;0,00;166,00;C;;;
BQ;Banque BQ;;20240728;51200000;CompteLib_0033;;;24G117;20240728;EcritureLib_0454;;166,00;0,00;D;;;
BQ;Banque BQ;;20240729;40100000;CompteLib_0011;FORANGE;ORANGE;24G118;20240729;EcritureLib_0455;;60,00;0,00;D;;;
BQ;Banque BQ;;20240729;51200000;CompteLib_0033;;;24G118;20240729;EcritureLib_0455;;0,00;60,00;C;;;
BQ;Banque BQ;;20240729;47100000;CompteLib_0043;;;24G119;20240729;EcritureLib_0456;;225,27;0,00;D;;;
BQ;Banque BQ;;20240729;51200000;CompteLib_0033;;;24G119;20240729;EcritureLib_0456;;0,00;225,27;C;;;
BQ;Banque BQ;;20240729;40100000;CompteLib_0011;FCARREFOUR;CARREFOUR;24G120;20240729;EcritureLib_0059;;20,69;0,00;D;;;
BQ;Banque BQ;;20240729;51200000;CompteLib_0033;;;24G120;20240729;EcritureLib_0059;;0,00;20,69;C;;;
BQ;Banque BQ;;20240729;40100000;CompteLib_0011;FCARREFOUR;CARREFOUR;24G121;20240729;EcritureLib_0059;;17,66;0,00;D;;;
BQ;Banque BQ;;20240729;51200000;CompteLib_0033;;;24G121;20240729;EcritureLib_0059;;0,00;17,66;C;;;
BQ;Banque BQ;;20240729;51100000;CompteLib_0032;;;24G122;20240729;EcritureLib_0457;;0,00;677,70;C;;;
BQ;Banque BQ;;20240729;51200000;CompteLib_0033;;;24G122;20240729;EcritureLib_0457;;677,70;0,00;D;;;
BQ;Banque BQ;;20240729;51100000;CompteLib_0032;;;24G123;20240729;EcritureLib_0458;;0,00;68,40;C;;;
BQ;Banque BQ;;20240729;51200000;CompteLib_0033;;;24G123;20240729;EcritureLib_0458;;68,40;0,00;D;;;
BQ;Banque BQ;;20240729;47100000;CompteLib_0043;;;24G124;20240729;EcritureLib_0459;;0,00;56,00;C;;;
BQ;Banque BQ;;20240729;51200000;CompteLib_0033;;;24G124;20240729;EcritureLib_0459;;56,00;0,00;D;;;
BQ;Banque BQ;;20240729;47100000;CompteLib_0043;;;24G125;20240729;EcritureLib_0460;;0,00;1580,00;C;;;
BQ;Banque BQ;;20240729;51200000;CompteLib_0033;;;24G125;20240729;EcritureLib_0460;;1580,00;0,00;D;;;
BQ;Banque BQ;;20240731;47100000;CompteLib_0043;;;24G127;20240731;EcritureLib_0461;;0,00;40,80;C;;;
BQ;Banque BQ;;20240731;51200000;CompteLib_0033;;;24G127;20240731;EcritureLib_0461;;40,80;0,00;D;;;
BQ;Banque BQ;;20240801;47100000;CompteLib_0043;;;24H1;20240801;EcritureLib_0462;;528,08;0,00;D;;;
BQ;Banque BQ;;20240801;51200000;CompteLib_0033;;;24H1;20240801;EcritureLib_0462;;0,00;528,08;C;;;
BQ;Banque BQ;;20240801;61600000;CompteLib_0042;;;24H2;20240801;EcritureLib_0463;;108,45;0,00;D;;;
BQ;Banque BQ;;20240801;51200000;CompteLib_0033;;;24H2;20240801;EcritureLib_0463;;0,00;108,45;C;;;
BQ;Banque BQ;;20240802;47100000;CompteLib_0043;;;24H3;20240802;EcritureLib_0464;;0,00;59,19;C;;;
BQ;Banque BQ;;20240802;51200000;CompteLib_0033;;;24H3;20240802;EcritureLib_0464;;59,19;0,00;D;;;
BQ;Banque BQ;;20240802;61600000;CompteLib_0042;;;24H4;20240802;EcritureLib_0465;;24,08;0,00;D;;;
BQ;Banque BQ;;20240802;51200000;CompteLib_0033;;;24H4;20240802;EcritureLib_0465;;0,00;24,08;C;;;
BQ;Banque BQ;;20240804;42100000;CompteLib_0012;;;24H5;20240804;EcritureLib_0466;;468,23;0,00;D;;;
BQ;Banque BQ;;20240804;51200000;CompteLib_0033;;;24H5;20240804;EcritureLib_0466;;0,00;468,23;C;;;
BQ;Banque BQ;;20240804;42100000;CompteLib_0012;;;24H6;20240804;EcritureLib_0467;;517,93;0,00;D;;;
BQ;Banque BQ;;20240804;51200000;CompteLib_0033;;;24H6;20240804;EcritureLib_0467;;0,00;517,93;C;;;
BQ;Banque BQ;;20240804;42100000;CompteLib_0012;;;24H7;20240804;EcritureLib_0468;;581,94;0,00;D;;;
BQ;Banque BQ;;20240804;51200000;CompteLib_0033;;;24H7;20240804;EcritureLib_0468;;0,00;581,94;C;;;
BQ;Banque BQ;;20240804;42100000;CompteLib_0012;;;24H8;20240804;EcritureLib_0469;;756,50;0,00;D;;;
BQ;Banque BQ;;20240804;51200000;CompteLib_0033;;;24H8;20240804;EcritureLib_0469;;0,00;756,50;C;;;
BQ;Banque BQ;;20240804;47100000;CompteLib_0043;;;24H9;20240804;EcritureLib_0470;;0,00;2000,00;C;;;
BQ;Banque BQ;;20240804;51200000;CompteLib_0033;;;24H9;20240804;EcritureLib_0470;;2000,00;0,00;D;;;
BQ;Banque BQ;;20240805;61350000;CompteLib_0050;;;24H10;20240805;EcritureLib_0471;;27,48;0,00;D;;;
BQ;Banque BQ;;20240805;51200000;CompteLib_0033;;;24H10;20240805;EcritureLib_0471;;0,00;27,48;C;;;
BQ;Banque BQ;;20240805;47100000;CompteLib_0043;;;24H11;20240805;EcritureLib_0472;;4,08;0,00;D;;;
BQ;Banque BQ;;20240805;51200000;CompteLib_0033;;;24H11;20240805;EcritureLib_0472;;0,00;4,08;C;;;
BQ;Banque BQ;;20240805;61600000;CompteLib_0042;;;24H12;20240805;EcritureLib_0473;;76,14;0,00;D;;;
BQ;Banque BQ;;20240805;51200000;CompteLib_0033;;;24H12;20240805;EcritureLib_0473;;0,00;76,14;C;;;
BQ;Banque BQ;;20240805;47100000;CompteLib_0043;;;24H13;20240805;EcritureLib_0474;;89,00;0,00;D;;;
BQ;Banque BQ;;20240805;51200000;CompteLib_0033;;;24H13;20240805;EcritureLib_0474;;0,00;89,00;C;;;
BQ;Banque BQ;;20240805;62700000;CompteLib_0045;;;24H14;20240805;EcritureLib_0475;;41,42;0,00;D;;;
BQ;Banque BQ;;20240805;44566100;CompteLib_0025;;;24H14;20240805;EcritureLib_0475;;8,28;0,00;D;;;
BQ;Banque BQ;;20240805;51200000;CompteLib_0033;;;24H14;20240805;EcritureLib_0475;;0,00;49,70;C;;;
BQ;Banque BQ;;20240805;51140000;CompteLib_0044;;;24H15;20240805;EcritureLib_0476;;0,00;67,19;C;;;
BQ;Banque BQ;;20240805;51200000;CompteLib_0033;;;24H15;20240805;EcritureLib_0476;;67,19;0,00;D;;;
BQ;Banque BQ;;20240805;61321000;CompteLib_0046;;;24H16;20240805;EcritureLib_0074;;1000,00;0,00;D;;;
BQ;Banque BQ;;20240805;44566100;CompteLib_0025;;;24H16;20240805;EcritureLib_0074;;200,00;0,00;D;;;
BQ;Banque BQ;;20240805;51200000;CompteLib_0033;;;24H16;20240805;EcritureLib_0074;;0,00;1200,00;C;;;
BQ;Banque BQ;;20240806;61600000;CompteLib_0042;;;24H18;20240806;EcritureLib_0477;;4,51;0,00;D;;;
BQ;Banque BQ;;20240806;51200000;CompteLib_0033;;;24H18;20240806;EcritureLib_0477;;0,00;4,51;C;;;
BQ;Banque BQ;;20240806;47100000;CompteLib_0043;;;24H19;20240806;EcritureLib_0067;;0,00;130,00;C;;;
BQ;Banque BQ;;20240806;51200000;CompteLib_0033;;;24H19;20240806;EcritureLib_0067;;130,00;0,00;D;;;
BQ;Banque BQ;;20240807;47100000;CompteLib_0043;;;24H20;20240807;EcritureLib_0478;;0,00;368,54;C;;;
BQ;Banque BQ;;20240807;51200000;CompteLib_0033;;;24H20;20240807;EcritureLib_0478;;368,54;0,00;D;;;
BQ;Banque BQ;;20240807;47100000;CompteLib_0043;;;24H21;20240807;EcritureLib_0479;;0,00;44,08;C;;;
BQ;Banque BQ;;20240807;51200000;CompteLib_0033;;;24H21;20240807;EcritureLib_0479;;44,08;0,00;D;;;
BQ;Banque BQ;;20240807;47100000;CompteLib_0043;;;24H22;20240807;EcritureLib_0480;;0,00;113,94;C;;;
BQ;Banque BQ;;20240807;51200000;CompteLib_0033;;;24H22;20240807;EcritureLib_0480;;113,94;0,00;D;;;
BQ;Banque BQ;;20240808;47100000;CompteLib_0043;;;24H23;20240808;EcritureLib_0481;;0,00;783,26;C;;;
BQ;Banque BQ;;20240808;51200000;CompteLib_0033;;;24H23;20240808;EcritureLib_0481;;783,26;0,00;D;;;
BQ;Banque BQ;;20240809;51140000;CompteLib_0044;;;24H24;20240809;EcritureLib_0482;;0,00;456,83;C;;;
BQ;Banque BQ;;20240809;51200000;CompteLib_0033;;;24H24;20240809;EcritureLib_0482;;456,83;0,00;D;;;
BQ;Banque BQ;;20240810;16400000;CompteLib_0005;;;24H25;20240810;EcritureLib_0483;;8,40;0,00;D;;;
BQ;Banque BQ;;20240810;51200000;CompteLib_0033;;;24H25;20240810;EcritureLib_0483;;0,00;8,40;C;;;
BQ;Banque BQ;;20240810;16400000;CompteLib_0005;;;24H26;20240810;EcritureLib_0484;;696,20;0,00;D;;;
BQ;Banque BQ;;20240810;51200000;CompteLib_0033;;;24H26;20240810;EcritureLib_0484;;0,00;696,20;C;;;
BQ;Banque BQ;;20240812;62700000;CompteLib_0045;;;24H27;20240812;EcritureLib_0092;;10,08;0,00;D;;;
BQ;Banque BQ;;20240812;44566100;CompteLib_0025;;;24H27;20240812;EcritureLib_0092;;2,02;0,00;D;;;
BQ;Banque BQ;;20240812;51200000;CompteLib_0033;;;24H27;20240812;EcritureLib_0092;;0,00;12,10;C;;;
BQ;Banque BQ;;20240812;40100000;CompteLib_0011;FJDC;JDC;24H28;20240812;EcritureLib_0485;;142,74;0,00;D;;;
BQ;Banque BQ;;20240812;51200000;CompteLib_0033;;;24H28;20240812;EcritureLib_0485;;0,00;142,74;C;;;
BQ;Banque BQ;;20240812;40100000;CompteLib_0011;FLOSC;LOSC;24H29;20240812;EcritureLib_0486;;112,00;0,00;D;;;
BQ;Banque BQ;;20240812;51200000;CompteLib_0033;;;24H29;20240812;EcritureLib_0486;;0,00;112,00;C;;;
BQ;Banque BQ;;20240813;40100000;CompteLib_0011;FSTC;STC;24H30;20240813;EcritureLib_0487;;238,80;0,00;D;;A;20240817
BQ;Banque BQ;;20240813;51200000;CompteLib_0033;;;24H30;20240813;EcritureLib_0487;;0,00;238,80;C;;;
BQ;Banque BQ;;20240813;40100000;CompteLib_0011;FSTC;STC;24H31;20240813;EcritureLib_0487;;70,20;0,00;D;;;
BQ;Banque BQ;;20240813;51200000;CompteLib_0033;;;24H31;20240813;EcritureLib_0487;;0,00;70,20;C;;;
BQ;Banque BQ;;20240819;47100000;CompteLib_0043;;;24H32;20240819;EcritureLib_0488;;950,00;0,00;D;;;
BQ;Banque BQ;;20240819;51200000;CompteLib_0033;;;24H32;20240819;EcritureLib_0488;;0,00;950,00;C;;;
BQ;Banque BQ;;20240820;61200000;CompteLib_0047;;;24H33;20240820;EcritureLib_0489;;326,91;0,00;D;;;
BQ;Banque BQ;;20240820;51200000;CompteLib_0033;;;24H33;20240820;EcritureLib_0489;;0,00;326,91;C;;;
BQ;Banque BQ;;20240821;44551000;CompteLib_0024;;;24H34;20240821;EcritureLib_0490;;1035,00;0,00;D;;E;20240923
BQ;Banque BQ;;20240821;51200000;CompteLib_0033;;;24H34;20240821;EcritureLib_0490;;0,00;1035,00;C;;;
BQ;Banque BQ;;20240821;40100000;CompteLib_0011;FCARBURANT;CARBURANT;24H35;20240821;EcritureLib_0111;;87,01;0,00;D;;;
BQ;Banque BQ;;20240821;51200000;CompteLib_0033;;;24H35;20240821;EcritureLib_0111;;0,00;87,01;C;;;
BQ;Banque BQ;;20240822;62700000;CompteLib_0045;;;24H36;20240822;EcritureLib_0491;;2,94;0,00;D;;;
BQ;Banque BQ;;20240822;44566100;CompteLib_0025;;;24H36;20240822;EcritureLib_0491;;0,59;0,00;D;;;
BQ;Banque BQ;;20240822;51200000;CompteLib_0033;;;24H36;20240822;EcritureLib_0491;;0,00;3,53;C;;;
BQ;Banque BQ;;20240822;16400000;CompteLib_0005;;;24H37;20240822;EcritureLib_0492;;1,91;0,00;D;;;
BQ;Banque BQ;;20240822;51200000;CompteLib_0033;;;24H37;20240822;EcritureLib_0492;;0,00;1,91;C;;;
BQ;Banque BQ;;20240822;16400000;CompteLib_0005;;;24H38;20240822;EcritureLib_0493;;200,85;0,00;D;;;
BQ;Banque BQ;;20240822;51200000;CompteLib_0033;;;24H38;20240822;EcritureLib_0493;;0,00;200,85;C;;;
BQ;Banque BQ;;20240822;40100000;CompteLib_0011;FCARREFOUR;CARREFOUR;24H39;20240822;EcritureLib_0059;;102,53;0,00;D;;;
BQ;Banque BQ;;20240822;51200000;CompteLib_0033;;;24H39;20240822;EcritureLib_0059;;0,00;102,53;C;;;
BQ;Banque BQ;;20240822;47100000;CompteLib_0043;;;24H40;20240822;EcritureLib_0494;;0,00;1000,00;C;;;
BQ;Banque BQ;;20240822;51200000;CompteLib_0033;;;24H40;20240822;EcritureLib_0494;;1000,00;0,00;D;;;
BQ;Banque BQ;;20240824;51100000;CompteLib_0032;;;24H43;20240824;EcritureLib_0495;;0,00;591,20;C;;;
BQ;Banque BQ;;20240824;51200000;CompteLib_0033;;;24H43;20240824;EcritureLib_0495;;591,20;0,00;D;;;
BQ;Banque BQ;;20240824;51100000;CompteLib_0032;;;24H44;20240824;EcritureLib_0496;;0,00;137,00;C;;;
BQ;Banque BQ;;20240824;51200000;CompteLib_0033;;;24H44;20240824;EcritureLib_0496;;137,00;0,00;D;;;
BQ;Banque BQ;;20240825;51100000;CompteLib_0032;;;24H45;20240825;EcritureLib_0497;;0,00;428,30;C;;;
BQ;Banque BQ;;20240825;51200000;CompteLib_0033;;;24H45;20240825;EcritureLib_0497;;428,30;0,00;D;;;
BQ;Banque BQ;;20240825;51100000;CompteLib_0032;;;24H46;20240825;EcritureLib_0498;;0,00;80,30;C;;;
BQ;Banque BQ;;20240825;51200000;CompteLib_0033;;;24H46;20240825;EcritureLib_0498;;80,30;0,00;D;;;
BQ;Banque BQ;;20240826;43703000;CompteLib_0017;;;24H47;20240826;EcritureLib_0499;;201,97;0,00;D;;;
BQ;Banque BQ;;20240826;51200000;CompteLib_0033;;;24H47;20240826;EcritureLib_0499;;0,00;201,97;C;;;
BQ;Banque BQ;;20240826;40100000;CompteLib_0011;FCARREFOUR;CARREFOUR;24H48;20240826;EcritureLib_0059;;17,69;0,00;D;;;
BQ;Banque BQ;;20240826;51200000;CompteLib_0033;;;24H48;20240826;EcritureLib_0059;;0,00;17,69;C;;;
BQ;Banque BQ;;20240826;40100000;CompteLib_0011;FCARREFOUR;CARREFOUR;24H49;20240826;EcritureLib_0059;;23,92;0,00;D;;;
BQ;Banque BQ;;20240826;51200000;CompteLib_0033;;;24H49;20240826;EcritureLib_0059;;0,00;23,92;C;;;
BQ;Banque BQ;;20240826;51100000;CompteLib_0032;;;24H50;20240826;EcritureLib_0500;;0,00;650,30;C;;;
BQ;Banque BQ;;20240826;51200000;CompteLib_0033;;;24H50;20240826;EcritureLib_0500;;650,30;0,00;D;;;
BQ;Banque BQ;;20240826;51100000;CompteLib_0032;;;24H51;20240826;EcritureLib_0501;;0,00;101,70;C;;;
BQ;Banque BQ;;20240826;51200000;CompteLib_0033;;;24H51;20240826;EcritureLib_0501;;101,70;0,00;D;;;
BQ;Banque BQ;;20240827;47100000;CompteLib_0043;;;24H52;20240827;EcritureLib_0456;;225,27;0,00;D;;;
BQ;Banque BQ;;20240827;51200000;CompteLib_0033;;;24H52;20240827;EcritureLib_0456;;0,00;225,27;C;;;
BQ;Banque BQ;;20240828;40100000;CompteLib_0011;FCARREFOUR;CARREFOUR;24H53;20240828;EcritureLib_0059;;113,94;0,00;D;;;
BQ;Banque BQ;;20240828;51200000;CompteLib_0033;;;24H53;20240828;EcritureLib_0059;;0,00;113,94;C;;;
BQ;Banque BQ;;20240828;51100000;CompteLib_0032;;;24H54;20240828;EcritureLib_0502;;0,00;110,49;C;;;
BQ;Banque BQ;;20240828;51200000;CompteLib_0033;;;24H54;20240828;EcritureLib_0502;;110,49;0,00;D;;;
BQ;Banque BQ;;20240828;51100000;CompteLib_0032;;;24H55;20240828;EcritureLib_0503;;0,00;132,30;C;;;
BQ;Banque BQ;;20240828;51200000;CompteLib_0033;;;24H55;20240828;EcritureLib_0503;;132,30;0,00;D;;;
BQ;Banque BQ;;20240828;40100000;CompteLib_0011;FSPUNTINI;SPUNTINI FOOD'S;24H56;20240828;EcritureLib_0504;;355,44;0,00;D;;DV;20251119
BQ;Banque BQ;;20240828;51200000;CompteLib_0033;;;24H56;20240828;EcritureLib_0504;;0,00;355,44;C;;;
BQ;Banque BQ;;20240828;40100000;CompteLib_0011;FNOYEZ;NOYEZ;24H57;20240828;EcritureLib_0505;;275,52;0,00;D;;AD;20250709
BQ;Banque BQ;;20240828;51200000;CompteLib_0033;;;24H57;20240828;EcritureLib_0505;;0,00;275,52;C;;;
BQ;Banque BQ;;20240829;51140000;CompteLib_0044;;;24H58;20240829;EcritureLib_0506;;0,00;22,89;C;;;
BQ;Banque BQ;;20240829;51200000;CompteLib_0033;;;24H58;20240829;EcritureLib_0506;;22,89;0,00;D;;;
BQ;Banque BQ;;20240829;40100000;CompteLib_0011;FCARREFOUR;CARREFOUR;24H59;20240829;EcritureLib_0059;;16,52;0,00;D;;;
BQ;Banque BQ;;20240829;51200000;CompteLib_0033;;;24H59;20240829;EcritureLib_0059;;0,00;16,52;C;;;
BQ;Banque BQ;;20240829;51100000;CompteLib_0032;;;24H60;20240829;EcritureLib_0507;;0,00;85,10;C;;;
BQ;Banque BQ;;20240829;51200000;CompteLib_0033;;;24H60;20240829;EcritureLib_0507;;85,10;0,00;D;;;
BQ;Banque BQ;;20240830;40100000;CompteLib_0011;FORANGE;ORANGE;24H62;20240830;EcritureLib_0508;;60,00;0,00;D;;;
BQ;Banque BQ;;20240830;51200000;CompteLib_0033;;;24H62;20240830;EcritureLib_0508;;0,00;60,00;C;;;
BQ;Banque BQ;;20240830;51140000;CompteLib_0044;;;24H63;20240830;EcritureLib_0509;;0,00;27,86;C;;;
BQ;Banque BQ;;20240830;51200000;CompteLib_0033;;;24H63;20240830;EcritureLib_0509;;27,86;0,00;D;;;
BQ;Banque BQ;;20240830;51140000;CompteLib_0044;;;24H64;20240830;EcritureLib_0510;;0,00;83,08;C;;;
BQ;Banque BQ;;20240830;51200000;CompteLib_0033;;;24H64;20240830;EcritureLib_0510;;83,08;0,00;D;;;
BQ;Banque BQ;;20240830;40100000;CompteLib_0011;FCARREFOUR;CARREFOUR;24H65;20240830;EcritureLib_0059;;22,58;0,00;D;;;
BQ;Banque BQ;;20240830;51200000;CompteLib_0033;;;24H65;20240830;EcritureLib_0059;;0,00;22,58;C;;;
BQ;Banque BQ;;20240830;51100000;CompteLib_0032;;;24H66;20240830;EcritureLib_0511;;0,00;146,90;C;;;
BQ;Banque BQ;;20240830;51200000;CompteLib_0033;;;24H66;20240830;EcritureLib_0511;;146,90;0,00;D;;;
BQ;Banque BQ;;20240830;51100000;CompteLib_0032;;;24H67;20240830;EcritureLib_0512;;0,00;15,30;C;;;
BQ;Banque BQ;;20240830;51200000;CompteLib_0033;;;24H67;20240830;EcritureLib_0512;;15,30;0,00;D;;;
BQ;Banque BQ;;20240831;51100000;CompteLib_0032;;;24H68;20240831;EcritureLib_0513;;0,00;487,64;C;;;
BQ;Banque BQ;;20240831;51200000;CompteLib_0033;;;24H68;20240831;EcritureLib_0513;;487,64;0,00;D;;;
BQ;Banque BQ;;20240831;51100000;CompteLib_0032;;;24H69;20240831;EcritureLib_0514;;0,00;277,35;C;;;
BQ;Banque BQ;;20240831;51200000;CompteLib_0033;;;24H69;20240831;EcritureLib_0514;;277,35;0,00;D;;;
BQ;Banque BQ;;20240901;51100000;CompteLib_0032;;;24I1;20240901;EcritureLib_0515;;0,00;526,90;C;;;
BQ;Banque BQ;;20240901;51200000;CompteLib_0033;;;24I1;20240901;EcritureLib_0515;;526,90;0,00;D;;;
BQ;Banque BQ;;20240901;51100000;CompteLib_0032;;;24I2;20240901;EcritureLib_0516;;0,00;139,20;C;;;
BQ;Banque BQ;;20240901;51200000;CompteLib_0033;;;24I2;20240901;EcritureLib_0516;;139,20;0,00;D;;;
BQ;Banque BQ;;20240902;47100000;CompteLib_0043;;;24I3;20240902;EcritureLib_0517;;307,71;0,00;D;;;
BQ;Banque BQ;;20240902;51200000;CompteLib_0033;;;24I3;20240902;EcritureLib_0517;;0,00;307,71;C;;;
BQ;Banque BQ;;20240902;61600000;CompteLib_0042;;;24I4;20240902;EcritureLib_0518;;108,45;0,00;D;;;
BQ;Banque BQ;;20240902;51200000;CompteLib_0033;;;24I4;20240902;EcritureLib_0518;;0,00;108,45;C;;;
BQ;Banque BQ;;20240902;40100000;CompteLib_0011;FCARREFOUR;CARREFOUR;24I5;20240902;EcritureLib_0059;;39,87;0,00;D;;;
BQ;Banque BQ;;20240902;51200000;CompteLib_0033;;;24I5;20240902;EcritureLib_0059;;0,00;39,87;C;;;
BQ;Banque BQ;;20240902;40100000;CompteLib_0011;FCARREFOUR;CARREFOUR;24I6;20240902;EcritureLib_0059;;22,02;0,00;D;;;
BQ;Banque BQ;;20240902;51200000;CompteLib_0033;;;24I6;20240902;EcritureLib_0059;;0,00;22,02;C;;;
BQ;Banque BQ;;20240902;51100000;CompteLib_0032;;;24I7;20240902;EcritureLib_0519;;0,00;361,20;C;;;
BQ;Banque BQ;;20240902;51200000;CompteLib_0033;;;24I7;20240902;EcritureLib_0519;;361,20;0,00;D;;;
BQ;Banque BQ;;20240902;51100000;CompteLib_0032;;;24I8;20240902;EcritureLib_0520;;0,00;21,40;C;;;
BQ;Banque BQ;;20240902;51200000;CompteLib_0033;;;24I8;20240902;EcritureLib_0520;;21,40;0,00;D;;;
BQ;Banque BQ;;20240902;40100000;CompteLib_0011;FSPUNTINI;SPUNTINI FOOD'S;24I9;20240902;EcritureLib_0521;;1023,15;0,00;D;;DU;20251119
BQ;Banque BQ;;20240902;51200000;CompteLib_0033;;;24I9;20240902;EcritureLib_0521;;0,00;1023,15;C;;;
BQ;Banque BQ;;20240903;40100000;CompteLib_0011;FSWILE;SWILE;24I10;20240903;EcritureLib_0522;;2,32;0,00;D;;;
BQ;Banque BQ;;20240903;51200000;CompteLib_0033;;;24I10;20240903;EcritureLib_0522;;0,00;2,32;C;;;
BQ;Banque BQ;;20240903;61600000;CompteLib_0042;;;24I11;20240903;EcritureLib_0523;;24,08;0,00;D;;;
BQ;Banque BQ;;20240903;51200000;CompteLib_0033;;;24I11;20240903;EcritureLib_0523;;0,00;24,08;C;;;
BQ;Banque BQ;;20240904;51140000;CompteLib_0044;;;24I12;20240904;EcritureLib_0524;;0,00;15,80;C;;;
BQ;Banque BQ;;20240904;51200000;CompteLib_0033;;;24I12;20240904;EcritureLib_0524;;15,80;0,00;D;;;
BQ;Banque BQ;;20240904;51140000;CompteLib_0044;;;24I13;20240904;EcritureLib_0525;;0,00;4,62;C;;;
BQ;Banque BQ;;20240904;51200000;CompteLib_0033;;;24I13;20240904;EcritureLib_0525;;4,62;0,00;D;;;
BQ;Banque BQ;;20240904;60612000;CompteLib_0041;;;24I14;20240904;EcritureLib_0067;;0,00;130,00;C;;;
BQ;Banque BQ;;20240904;51200000;CompteLib_0033;;;24I14;20240904;EcritureLib_0067;;130,00;0,00;D;;;
BQ;Banque BQ;;20240904;40100000;CompteLib_0011;FCARREFOUR;CARREFOUR;24I15;20240904;EcritureLib_0059;;77,21;0,00;D;;;
BQ;Banque BQ;;20240904;51200000;CompteLib_0033;;;24I15;20240904;EcritureLib_0059;;0,00;77,21;C;;;
BQ;Banque BQ;;20240904;51100000;CompteLib_0032;;;24I16;20240904;EcritureLib_0526;;0,00;165,30;C;;;
BQ;Banque BQ;;20240904;51200000;CompteLib_0033;;;24I16;20240904;EcritureLib_0526;;165,30;0,00;D;;;
BQ;Banque BQ;;20240904;51100000;CompteLib_0032;;;24I17;20240904;EcritureLib_0527;;0,00;11,50;C;;;
BQ;Banque BQ;;20240904;51200000;CompteLib_0033;;;24I17;20240904;EcritureLib_0527;;11,50;0,00;D;;;
BQ;Banque BQ;;20240904;62700000;CompteLib_0045;;;24I18;20240904;EcritureLib_0528;;0,23;0,00;D;;;
BQ;Banque BQ;;20240904;44566100;CompteLib_0025;;;24I18;20240904;EcritureLib_0528;;0,05;0,00;D;;;
BQ;Banque BQ;;20240904;51200000;CompteLib_0033;;;24I18;20240904;EcritureLib_0528;;0,00;0,28;C;;;
BQ;Banque BQ;;20240905;61600000;CompteLib_0042;;;24I19;20240905;EcritureLib_0529;;76,14;0,00;D;;;
BQ;Banque BQ;;20240905;51200000;CompteLib_0033;;;24I19;20240905;EcritureLib_0529;;0,00;76,14;C;;;
BQ;Banque BQ;;20240905;40100000;CompteLib_0011;FIM2;IM2 MONETIQUE;24I20;20240905;EcritureLib_0530;;27,48;0,00;D;;;
BQ;Banque BQ;;20240905;51200000;CompteLib_0033;;;24I20;20240905;EcritureLib_0530;;0,00;27,48;C;;;
BQ;Banque BQ;;20240905;47100000;CompteLib_0043;;;24I21;20240905;EcritureLib_0531;;89,00;0,00;D;;;
BQ;Banque BQ;;20240905;51200000;CompteLib_0033;;;24I21;20240905;EcritureLib_0531;;0,00;89,00;C;;;
BQ;Banque BQ;;20240905;62700000;CompteLib_0045;;;24I22;20240905;EcritureLib_0532;;15,29;0,00;D;;;
BQ;Banque BQ;;20240905;44566100;CompteLib_0025;;;24I22;20240905;EcritureLib_0532;;3,06;0,00;D;;;
BQ;Banque BQ;;20240905;51200000;CompteLib_0033;;;24I22;20240905;EcritureLib_0532;;0,00;18,35;C;;;
BQ;Banque BQ;;20240905;51140000;CompteLib_0044;;;24I23;20240905;EcritureLib_0533;;0,00;27,66;C;;;
BQ;Banque BQ;;20240905;51200000;CompteLib_0033;;;24I23;20240905;EcritureLib_0533;;27,66;0,00;D;;;
BQ;Banque BQ;;20240905;61321000;CompteLib_0046;;;24I24;20240905;EcritureLib_0074;;1000,00;0,00;D;;;
BQ;Banque BQ;;20240905;44566100;CompteLib_0025;;;24I24;20240905;EcritureLib_0074;;200,00;0,00;D;;;
BQ;Banque BQ;;20240905;51200000;CompteLib_0033;;;24I24;20240905;EcritureLib_0074;;0,00;1200,00;C;;;
BQ;Banque BQ;;20240905;51140000;CompteLib_0044;;;24I25;20240905;EcritureLib_0534;;0,00;30,98;C;;;
BQ;Banque BQ;;20240905;51200000;CompteLib_0033;;;24I25;20240905;EcritureLib_0534;;30,98;0,00;D;;;
BQ;Banque BQ;;20240905;40100000;CompteLib_0011;FCARREFOUR;CARREFOUR;24I26;20240905;EcritureLib_0059;;27,88;0,00;D;;;
BQ;Banque BQ;;20240905;51200000;CompteLib_0033;;;24I26;20240905;EcritureLib_0059;;0,00;27,88;C;;;
BQ;Banque BQ;;20240905;40100000;CompteLib_0011;FLOSC;LOSC;24I27;20240905;EcritureLib_0535;;362,50;0,00;D;;;
BQ;Banque BQ;;20240905;51200000;CompteLib_0033;;;24I27;20240905;EcritureLib_0535;;0,00;362,50;C;;;
BQ;Banque BQ;;20240905;51100000;CompteLib_0032;;;24I28;20240905;EcritureLib_0536;;0,00;287,00;C;;;
BQ;Banque BQ;;20240905;51200000;CompteLib_0033;;;24I28;20240905;EcritureLib_0536;;287,00;0,00;D;;;
BQ;Banque BQ;;20240905;51100000;CompteLib_0032;;;24I29;20240905;EcritureLib_0537;;0,00;134,70;C;;;
BQ;Banque BQ;;20240905;51200000;CompteLib_0033;;;24I29;20240905;EcritureLib_0537;;134,70;0,00;D;;;
BQ;Banque BQ;;20240906;51140000;CompteLib_0044;;;24I31;20240906;EcritureLib_0538;;0,00;7,73;C;;;
BQ;Banque BQ;;20240906;51200000;CompteLib_0033;;;24I31;20240906;EcritureLib_0538;;7,73;0,00;D;;;
BQ;Banque BQ;;20240906;51100000;CompteLib_0032;;;24I32;20240906;EcritureLib_0539;;0,00;204,50;C;;;
BQ;Banque BQ;;20240906;51200000;CompteLib_0033;;;24I32;20240906;EcritureLib_0539;;204,50;0,00;D;;;
BQ;Banque BQ;;20240906;51100000;CompteLib_0032;;;24I33;20240906;EcritureLib_0540;;0,00;70,20;C;;;
BQ;Banque BQ;;20240906;51200000;CompteLib_0033;;;24I33;20240906;EcritureLib_0540;;70,20;0,00;D;;;
BQ;Banque BQ;;20240906;40100000;CompteLib_0011;FCARREFOUR;CARREFOUR;24I34;20240906;EcritureLib_0059;;32,86;0,00;D;;;
BQ;Banque BQ;;20240906;51200000;CompteLib_0033;;;24I34;20240906;EcritureLib_0059;;0,00;32,86;C;;;
BQ;Banque BQ;;20240907;51100000;CompteLib_0032;;;24I36;20240907;EcritureLib_0541;;0,00;690,30;C;;;
BQ;Banque BQ;;20240907;51200000;CompteLib_0033;;;24I36;20240907;EcritureLib_0541;;690,30;0,00;D;;;
BQ;Banque BQ;;20240907;51100000;CompteLib_0032;;;24I37;20240907;EcritureLib_0542;;0,00;77,60;C;;;
BQ;Banque BQ;;20240907;51200000;CompteLib_0033;;;24I37;20240907;EcritureLib_0542;;77,60;0,00;D;;;
BQ;Banque BQ;;20240908;51100000;CompteLib_0032;;;24I38;20240908;EcritureLib_0543;;0,00;206,10;C;;;
BQ;Banque BQ;;20240908;51200000;CompteLib_0033;;;24I38;20240908;EcritureLib_0543;;206,10;0,00;D;;;
BQ;Banque BQ;;20240908;51100000;CompteLib_0032;;;24I39;20240908;EcritureLib_0544;;0,00;244,00;C;;;
BQ;Banque BQ;;20240908;51200000;CompteLib_0033;;;24I39;20240908;EcritureLib_0544;;244,00;0,00;D;;;
BQ;Banque BQ;;20240909;40100000;CompteLib_0011;FCARREFOUR;CARREFOUR;24I40;20240909;EcritureLib_0059;;35,72;0,00;D;;;
BQ;Banque BQ;;20240909;51200000;CompteLib_0033;;;24I40;20240909;EcritureLib_0059;;0,00;35,72;C;;;
BQ;Banque BQ;;20240909;40100000;CompteLib_0011;FCARREFOUR;CARREFOUR;24I41;20240909;EcritureLib_0059;;71,42;0,00;D;;;
BQ;Banque BQ;;20240909;51200000;CompteLib_0033;;;24I41;20240909;EcritureLib_0059;;0,00;71,42;C;;;
BQ;Banque BQ;;20240909;51100000;CompteLib_0032;;;24I42;20240909;EcritureLib_0545;;0,00;592,90;C;;;
BQ;Banque BQ;;20240909;51200000;CompteLib_0033;;;24I42;20240909;EcritureLib_0545;;592,90;0,00;D;;;
BQ;Banque BQ;;20240909;51100000;CompteLib_0032;;;24I43;20240909;EcritureLib_0546;;0,00;93,90;C;;;
BQ;Banque BQ;;20240909;51200000;CompteLib_0033;;;24I43;20240909;EcritureLib_0546;;93,90;0,00;D;;;
BQ;Banque BQ;;20240910;40100000;CompteLib_0011;FJDC;JDC;24I44;20240910;EcritureLib_0547;;142,74;0,00;D;;;
BQ;Banque BQ;;20240910;51200000;CompteLib_0033;;;24I44;20240910;EcritureLib_0547;;0,00;142,74;C;;;
BQ;Banque BQ;;20240910;16400000;CompteLib_0005;;;24I45;20240910;EcritureLib_0548;;7,70;0,00;D;;;
BQ;Banque BQ;;20240910;51200000;CompteLib_0033;;;24I45;20240910;EcritureLib_0548;;0,00;7,70;C;;;
BQ;Banque BQ;;20240910;16400000;CompteLib_0005;;;24I46;20240910;EcritureLib_0549;;696,90;0,00;D;;;
BQ;Banque BQ;;20240910;51200000;CompteLib_0033;;;24I46;20240910;EcritureLib_0549;;0,00;696,90;C;;;
BQ;Banque BQ;;20240910;62700000;CompteLib_0045;;;24I47;20240910;EcritureLib_0092;;56,04;0,00;D;;;
BQ;Banque BQ;;20240910;44566100;CompteLib_0025;;;24I47;20240910;EcritureLib_0092;;11,21;0,00;D;;;
BQ;Banque BQ;;20240910;51200000;CompteLib_0033;;;24I47;20240910;EcritureLib_0092;;0,00;67,25;C;;;
BQ;Banque BQ;;20240911;42100000;CompteLib_0012;;;24I48;20240911;EcritureLib_0550;;502,95;0,00;D;;;
BQ;Banque BQ;;20240911;51200000;CompteLib_0033;;;24I48;20240911;EcritureLib_0550;;0,00;502,95;C;;;
BQ;Banque BQ;;20240911;42100000;CompteLib_0012;;;24I49;20240911;EcritureLib_0551;;635,05;0,00;D;;;
BQ;Banque BQ;;20240911;51200000;CompteLib_0033;;;24I49;20240911;EcritureLib_0551;;0,00;635,05;C;;;
BQ;Banque BQ;;20240911;51140000;CompteLib_0044;;;24I50;20240911;EcritureLib_0552;;0,00;33,80;C;;;
BQ;Banque BQ;;20240911;51200000;CompteLib_0033;;;24I50;20240911;EcritureLib_0552;;33,80;0,00;D;;;
BQ;Banque BQ;;20240911;51100000;CompteLib_0032;;;24I51;20240911;EcritureLib_0553;;0,00;132,80;C;;;
BQ;Banque BQ;;20240911;51200000;CompteLib_0033;;;24I51;20240911;EcritureLib_0553;;132,80;0,00;D;;;
BQ;Banque BQ;;20240911;51100000;CompteLib_0032;;;24I52;20240911;EcritureLib_0554;;0,00;92,00;C;;;
BQ;Banque BQ;;20240911;51200000;CompteLib_0033;;;24I52;20240911;EcritureLib_0554;;92,00;0,00;D;;;
BQ;Banque BQ;;20240912;47100000;CompteLib_0043;;;24I53;20240912;EcritureLib_0555;;112,00;0,00;D;;;
BQ;Banque BQ;;20240912;51200000;CompteLib_0033;;;24I53;20240912;EcritureLib_0555;;0,00;112,00;C;;;
BQ;Banque BQ;;20240912;51140000;CompteLib_0044;;;24I54;20240912;EcritureLib_0556;;0,00;23,80;C;;;
BQ;Banque BQ;;20240912;51200000;CompteLib_0033;;;24I54;20240912;EcritureLib_0556;;23,80;0,00;D;;;
BQ;Banque BQ;;20240912;51140000;CompteLib_0044;;;24I55;20240912;EcritureLib_0557;;0,00;10,41;C;;;
BQ;Banque BQ;;20240912;51200000;CompteLib_0033;;;24I55;20240912;EcritureLib_0557;;10,41;0,00;D;;;
BQ;Banque BQ;;20240912;51140000;CompteLib_0044;;;24I56;20240912;EcritureLib_0558;;0,00;35,61;C;;;
BQ;Banque BQ;;20240912;51200000;CompteLib_0033;;;24I56;20240912;EcritureLib_0558;;35,61;0,00;D;;;
BQ;Banque BQ;;20240912;51100000;CompteLib_0032;;;24I57;20240912;EcritureLib_0559;;0,00;231,70;C;;;
BQ;Banque BQ;;20240912;51200000;CompteLib_0033;;;24I57;20240912;EcritureLib_0559;;231,70;0,00;D;;;
BQ;Banque BQ;;20240912;51100000;CompteLib_0032;;;24I58;20240912;EcritureLib_0560;;0,00;41,90;C;;;
BQ;Banque BQ;;20240912;51200000;CompteLib_0033;;;24I58;20240912;EcritureLib_0560;;41,90;0,00;D;;;
BQ;Banque BQ;;20240912;47100000;CompteLib_0043;;;24I59;20240912;EcritureLib_0561;;105,28;0,00;D;;;
BQ;Banque BQ;;20240912;51200000;CompteLib_0033;;;24I59;20240912;EcritureLib_0561;;0,00;105,28;C;;;
BQ;Banque BQ;;20240913;51140000;CompteLib_0044;;;24I61;20240913;EcritureLib_0562;;0,00;96,99;C;;;
BQ;Banque BQ;;20240913;51200000;CompteLib_0033;;;24I61;20240913;EcritureLib_0562;;96,99;0,00;D;;;
BQ;Banque BQ;;20240913;51100000;CompteLib_0032;;;24I62;20240913;EcritureLib_0563;;0,00;230,50;C;;;
BQ;Banque BQ;;20240913;51200000;CompteLib_0033;;;24I62;20240913;EcritureLib_0563;;230,50;0,00;D;;;
BQ;Banque BQ;;20240913;51100000;CompteLib_0032;;;24I63;20240913;EcritureLib_0564;;0,00;191,90;C;;;
BQ;Banque BQ;;20240913;51200000;CompteLib_0033;;;24I63;20240913;EcritureLib_0564;;191,90;0,00;D;;;
BQ;Banque BQ;;20240913;60100000;CompteLib_0038;;;24I64;20240913;EcritureLib_0155;;13,21;0,00;D;;;
BQ;Banque BQ;;20240913;51200000;CompteLib_0033;;;24I64;20240913;EcritureLib_0155;;0,00;13,21;C;;;
BQ;Banque BQ;;20240914;51100000;CompteLib_0032;;;24I65;20240914;EcritureLib_0565;;0,00;848,21;C;;;
BQ;Banque BQ;;20240914;51200000;CompteLib_0033;;;24I65;20240914;EcritureLib_0565;;848,21;0,00;D;;;
BQ;Banque BQ;;20240914;51100000;CompteLib_0032;;;24I66;20240914;EcritureLib_0566;;0,00;207,70;C;;;
BQ;Banque BQ;;20240914;51200000;CompteLib_0033;;;24I66;20240914;EcritureLib_0566;;207,70;0,00;D;;;
BQ;Banque BQ;;20240915;42100000;CompteLib_0012;;;24I67;20240915;EcritureLib_0567;;743,25;0,00;D;;;
BQ;Banque BQ;;20240915;51200000;CompteLib_0033;;;24I67;20240915;EcritureLib_0567;;0,00;743,25;C;;;
BQ;Banque BQ;;20240916;60100000;CompteLib_0038;;;24I68;20240916;EcritureLib_0155;;50,08;0,00;D;;;
BQ;Banque BQ;;20240916;51200000;CompteLib_0033;;;24I68;20240916;EcritureLib_0155;;0,00;50,08;C;;;
BQ;Banque BQ;;20240916;40100000;CompteLib_0011;FCARREFOUR;CARREFOUR;24I69;20240916;EcritureLib_0059;;28,30;0,00;D;;;
BQ;Banque BQ;;20240916;51200000;CompteLib_0033;;;24I69;20240916;EcritureLib_0059;;0,00;28,30;C;;;
BQ;Banque BQ;;20240916;51100000;CompteLib_0032;;;24I70;20240916;EcritureLib_0568;;0,00;506,40;C;;;
BQ;Banque BQ;;20240916;51200000;CompteLib_0033;;;24I70;20240916;EcritureLib_0568;;506,40;0,00;D;;;
BQ;Banque BQ;;20240916;51100000;CompteLib_0032;;;24I71;20240916;EcritureLib_0569;;0,00;21,70;C;;;
BQ;Banque BQ;;20240916;51200000;CompteLib_0033;;;24I71;20240916;EcritureLib_0569;;21,70;0,00;D;;;
BQ;Banque BQ;;20240916;40100000;CompteLib_0011;FSPUNTINI;SPUNTINI FOOD'S;24I72;20240916;EcritureLib_0570;;704,50;0,00;D;;DN;20251119
BQ;Banque BQ;;20240916;51200000;CompteLib_0033;;;24I72;20240916;EcritureLib_0570;;0,00;704,50;C;;;
BQ;Banque BQ;;20240916;40100000;CompteLib_0011;FSPUNTINI;SPUNTINI FOOD'S;24I73;20240916;EcritureLib_0571;;19,18;0,00;D;;CJ;20250708
BQ;Banque BQ;;20240916;51200000;CompteLib_0033;;;24I73;20240916;EcritureLib_0571;;0,00;19,18;C;;;
BQ;Banque BQ;;20240917;40100000;CompteLib_0011;FSWILE;SWILE;24I74;20240917;EcritureLib_0572;;2,50;0,00;D;;;
BQ;Banque BQ;;20240917;51200000;CompteLib_0033;;;24I74;20240917;EcritureLib_0572;;0,00;2,50;C;;;
BQ;Banque BQ;;20240917;47100000;CompteLib_0043;;;24I75;20240917;EcritureLib_0573;;765,00;0,00;D;;;
BQ;Banque BQ;;20240917;51200000;CompteLib_0033;;;24I75;20240917;EcritureLib_0573;;0,00;765,00;C;;;
BQ;Banque BQ;;20240918;51140000;CompteLib_0044;;;24I76;20240918;EcritureLib_0574;;0,00;7,13;C;;;
BQ;Banque BQ;;20240918;51200000;CompteLib_0033;;;24I76;20240918;EcritureLib_0574;;7,13;0,00;D;;;
BQ;Banque BQ;;20240918;40100000;CompteLib_0011;FCARREFOUR;CARREFOUR;24I77;20240918;EcritureLib_0059;;110,10;0,00;D;;;
BQ;Banque BQ;;20240918;51200000;CompteLib_0033;;;24I77;20240918;EcritureLib_0059;;0,00;110,10;C;;;
BQ;Banque BQ;;20240918;51100000;CompteLib_0032;;;24I78;20240918;EcritureLib_0575;;0,00;251,90;C;;;
BQ;Banque BQ;;20240918;51200000;CompteLib_0033;;;24I78;20240918;EcritureLib_0575;;251,90;0,00;D;;;
BQ;Banque BQ;;20240918;51100000;CompteLib_0032;;;24I79;20240918;EcritureLib_0576;;0,00;32,80;C;;;
BQ;Banque BQ;;20240918;51200000;CompteLib_0033;;;24I79;20240918;EcritureLib_0576;;32,80;0,00;D;;;
BQ;Banque BQ;;20240919;51140000;CompteLib_0044;;;24I80;20240919;EcritureLib_0577;;0,00;90,69;C;;;
BQ;Banque BQ;;20240919;51200000;CompteLib_0033;;;24I80;20240919;EcritureLib_0577;;90,69;0,00;D;;;
BQ;Banque BQ;;20240919;51100000;CompteLib_0032;;;24I81;20240919;EcritureLib_0578;;0,00;208,60;C;;;
BQ;Banque BQ;;20240919;51200000;CompteLib_0033;;;24I81;20240919;EcritureLib_0578;;208,60;0,00;D;;;
BQ;Banque BQ;;20240919;51100000;CompteLib_0032;;;24I82;20240919;EcritureLib_0579;;0,00;79,20;C;;;
BQ;Banque BQ;;20240919;51200000;CompteLib_0033;;;24I82;20240919;EcritureLib_0579;;79,20;0,00;D;;;
BQ;Banque BQ;;20240919;40100000;CompteLib_0011;FCARREFOUR;CARREFOUR;24I83;20240919;EcritureLib_0059;;90,06;0,00;D;;;
BQ;Banque BQ;;20240919;51200000;CompteLib_0033;;;24I83;20240919;EcritureLib_0059;;0,00;90,06;C;;;
BQ;Banque BQ;;20240920;61200000;CompteLib_0047;;;24I85;20240920;EcritureLib_0580;;326,91;0,00;D;;;
BQ;Banque BQ;;20240920;51200000;CompteLib_0033;;;24I85;20240920;EcritureLib_0580;;0,00;326,91;C;;;
BQ;Banque BQ;;20240920;51140000;CompteLib_0044;;;24I86;20240920;EcritureLib_0581;;0,00;21,86;C;;;
BQ;Banque BQ;;20240920;51200000;CompteLib_0033;;;24I86;20240920;EcritureLib_0581;;21,86;0,00;D;;;
BQ;Banque BQ;;20240920;51100000;CompteLib_0032;;;24I87;20240920;EcritureLib_0582;;0,00;165,00;C;;;
BQ;Banque BQ;;20240920;51200000;CompteLib_0033;;;24I87;20240920;EcritureLib_0582;;165,00;0,00;D;;;
BQ;Banque BQ;;20240920;40100000;CompteLib_0011;FSPUNTINI;SPUNTINI FOOD'S;24I88;20240920;EcritureLib_0583;;719,91;0,00;D;;DP;20251119
BQ;Banque BQ;;20240920;51200000;CompteLib_0033;;;24I88;20240920;EcritureLib_0583;;0,00;719,91;C;;;
BQ;Banque BQ;;20240920;40100000;CompteLib_0011;FCARREFOUR;CARREFOUR;24I89;20240920;EcritureLib_0059;;77,76;0,00;D;;;
BQ;Banque BQ;;20240920;51200000;CompteLib_0033;;;24I89;20240920;EcritureLib_0059;;0,00;77,76;C;;;
BQ;Banque BQ;;20240920;40100000;CompteLib_0011;FCARREFOUR;CARREFOUR;24I90;20240920;EcritureLib_0059;;11,00;0,00;D;;;
BQ;Banque BQ;;20240920;51200000;CompteLib_0033;;;24I90;20240920;EcritureLib_0059;;0,00;11,00;C;;;
BQ;Banque BQ;;20240921;51100000;CompteLib_0032;;;24I93;20240921;EcritureLib_0584;;0,00;782,79;C;;;
BQ;Banque BQ;;20240921;51200000;CompteLib_0033;;;24I93;20240921;EcritureLib_0584;;782,79;0,00;D;;;
BQ;Banque BQ;;20240921;51100000;CompteLib_0032;;;24I94;20240921;EcritureLib_0585;;0,00;223,40;C;;;
BQ;Banque BQ;;20240921;51200000;CompteLib_0033;;;24I94;20240921;EcritureLib_0585;;223,40;0,00;D;;;
BQ;Banque BQ;;20240922;51100000;CompteLib_0032;;;24I95;20240922;EcritureLib_0586;;0,00;511,90;C;;;
BQ;Banque BQ;;20240922;51200000;CompteLib_0033;;;24I95;20240922;EcritureLib_0586;;511,90;0,00;D;;;
BQ;Banque BQ;;20240922;51100000;CompteLib_0032;;;24I96;20240922;EcritureLib_0587;;0,00;146,70;C;;;
BQ;Banque BQ;;20240922;51200000;CompteLib_0033;;;24I96;20240922;EcritureLib_0587;;146,70;0,00;D;;;
BQ;Banque BQ;;20240922;62700000;CompteLib_0045;;;24I97;20240922;EcritureLib_0588;;2,80;0,00;D;;;
BQ;Banque BQ;;20240922;44566100;CompteLib_0025;;;24I97;20240922;EcritureLib_0588;;0,56;0,00;D;;;
BQ;Banque BQ;;20240922;51200000;CompteLib_0033;;;24I97;20240922;EcritureLib_0588;;0,00;3,36;C;;;
BQ;Banque BQ;;20240922;16400000;CompteLib_0005;;;24I98;20240922;EcritureLib_0589;;1,82;0,00;D;;;
BQ;Banque BQ;;20240922;51200000;CompteLib_0033;;;24I98;20240922;EcritureLib_0589;;0,00;1,82;C;;;
BQ;Banque BQ;;20240922;16400000;CompteLib_0005;;;24I99;20240922;EcritureLib_0590;;200,94;0,00;D;;;
BQ;Banque BQ;;20240922;51200000;CompteLib_0033;;;24I99;20240922;EcritureLib_0590;;0,00;200,94;C;;;
BQ;Banque BQ;;20240923;51140000;CompteLib_0044;;;24I100;20240923;EcritureLib_0591;;0,00;20,65;C;;;
BQ;Banque BQ;;20240923;51200000;CompteLib_0033;;;24I100;20240923;EcritureLib_0591;;20,65;0,00;D;;;
BQ;Banque BQ;;20240923;51100000;CompteLib_0032;;;24I101;20240923;EcritureLib_0592;;0,00;508,00;C;;;
BQ;Banque BQ;;20240923;51200000;CompteLib_0033;;;24I101;20240923;EcritureLib_0592;;508,00;0,00;D;;;
BQ;Banque BQ;;20240923;51100000;CompteLib_0032;;;24I102;20240923;EcritureLib_0593;;0,00;120,70;C;;;
BQ;Banque BQ;;20240923;51200000;CompteLib_0033;;;24I102;20240923;EcritureLib_0593;;120,70;0,00;D;;;
BQ;Banque BQ;;20240923;40100000;CompteLib_0011;FLOTQU;LOT QUALITE;24I103;20240923;EcritureLib_0594;;1291,32;0,00;D;;;
BQ;Banque BQ;;20240923;51200000;CompteLib_0033;;;24I103;20240923;EcritureLib_0594;;0,00;1291,32;C;;;
BQ;Banque BQ;;20240923;40100000;CompteLib_0011;FCARREFOUR;CARREFOUR;24I104;20240923;EcritureLib_0059;;36,70;0,00;D;;;
BQ;Banque BQ;;20240923;51200000;CompteLib_0033;;;24I104;20240923;EcritureLib_0059;;0,00;36,70;C;;;
BQ;Banque BQ;;20240923;40100000;CompteLib_0011;FCARREFOUR;CARREFOUR;24I105;20240923;EcritureLib_0059;;29,12;0,00;D;;;
BQ;Banque BQ;;20240923;51200000;CompteLib_0033;;;24I105;20240923;EcritureLib_0059;;0,00;29,12;C;;;
BQ;Banque BQ;;20240923;40100000;CompteLib_0011;FALDI;ALDI;24I106;20240923;EcritureLib_0595;;37,95;0,00;D;;;
BQ;Banque BQ;;20240923;51200000;CompteLib_0033;;;24I106;20240923;EcritureLib_0595;;0,00;37,95;C;;;
BQ;Banque BQ;;20240924;40100000;CompteLib_0011;FSTC;STC;24I107;20240924;EcritureLib_0596;;70,20;0,00;D;;;
BQ;Banque BQ;;20240924;51200000;CompteLib_0033;;;24I107;20240924;EcritureLib_0596;;0,00;70,20;C;;;
BQ;Banque BQ;;20240924;40100000;CompteLib_0011;FSTC;STC;24I108;20240924;EcritureLib_0596;;253,20;0,00;D;;;
BQ;Banque BQ;;20240924;51200000;CompteLib_0033;;;24I108;20240924;EcritureLib_0596;;0,00;253,20;C;;;
BQ;Banque BQ;;20240924;40100000;CompteLib_0011;FNOYEZ;NOYEZ;24I109;20240924;EcritureLib_0597;;272,00;0,00;D;;AB;20250709
BQ;Banque BQ;;20240924;51200000;CompteLib_0033;;;24I109;20240924;EcritureLib_0597;;0,00;272,00;C;;;
BQ;Banque BQ;;20240925;43703000;CompteLib_0017;;;24I110;20240925;EcritureLib_0598;;165,71;0,00;D;;;
BQ;Banque BQ;;20240925;51200000;CompteLib_0033;;;24I110;20240925;EcritureLib_0598;;0,00;165,71;C;;;
BQ;Banque BQ;;20240925;51140000;CompteLib_0044;;;24I111;20240925;EcritureLib_0599;;0,00;23,04;C;;;
BQ;Banque BQ;;20240925;51200000;CompteLib_0033;;;24I111;20240925;EcritureLib_0599;;23,04;0,00;D;;;
BQ;Banque BQ;;20240925;51140000;CompteLib_0044;;;24I112;20240925;EcritureLib_0600;;0,00;23,80;C;;;
BQ;Banque BQ;;20240925;51200000;CompteLib_0033;;;24I112;20240925;EcritureLib_0600;;23,80;0,00;D;;;
BQ;Banque BQ;;20240925;51100000;CompteLib_0032;;;24I113;20240925;EcritureLib_0601;;0,00;130,90;C;;;
BQ;Banque BQ;;20240925;51200000;CompteLib_0033;;;24I113;20240925;EcritureLib_0601;;130,90;0,00;D;;;
BQ;Banque BQ;;20240925;51220000;CompteLib_0034;;;24I114;20240925;EcritureLib_0602;;0,00;300,00;C;;;
BQ;Banque BQ;;20240925;51200000;CompteLib_0033;;;24I114;20240925;EcritureLib_0602;;300,00;0,00;D;;;
BQ;Banque BQ;;20240926;44551000;CompteLib_0024;;;24I115;20240926;EcritureLib_0603;;424,00;0,00;D;;F;20241021
BQ;Banque BQ;;20240926;51200000;CompteLib_0033;;;24I115;20240926;EcritureLib_0603;;0,00;424,00;C;;;
BQ;Banque BQ;;20240926;51140000;CompteLib_0044;;;24I116;20240926;EcritureLib_0604;;0,00;96,76;C;;;
BQ;Banque BQ;;20240926;51200000;CompteLib_0033;;;24I116;20240926;EcritureLib_0604;;96,76;0,00;D;;;
BQ;Banque BQ;;20240926;51140000;CompteLib_0044;;;24I117;20240926;EcritureLib_0605;;0,00;6,73;C;;;
BQ;Banque BQ;;20240926;51200000;CompteLib_0033;;;24I117;20240926;EcritureLib_0605;;6,73;0,00;D;;;
BQ;Banque BQ;;20240926;51140000;CompteLib_0044;;;24I118;20240926;EcritureLib_0606;;0,00;45,50;C;;;
BQ;Banque BQ;;20240926;51200000;CompteLib_0033;;;24I118;20240926;EcritureLib_0606;;45,50;0,00;D;;;
BQ;Banque BQ;;20240926;51100000;CompteLib_0032;;;24I119;20240926;EcritureLib_0607;;0,00;289,30;C;;;
BQ;Banque BQ;;20240926;51200000;CompteLib_0033;;;24I119;20240926;EcritureLib_0607;;289,30;0,00;D;;;
BQ;Banque BQ;;20240926;51100000;CompteLib_0032;;;24I120;20240926;EcritureLib_0608;;0,00;13,30;C;;;
BQ;Banque BQ;;20240926;51200000;CompteLib_0033;;;24I120;20240926;EcritureLib_0608;;13,30;0,00;D;;;
BQ;Banque BQ;;20240927;51100000;CompteLib_0032;;;24I123;20240927;EcritureLib_0609;;0,00;272,40;C;;;
BQ;Banque BQ;;20240927;51200000;CompteLib_0033;;;24I123;20240927;EcritureLib_0609;;272,40;0,00;D;;;
BQ;Banque BQ;;20240927;40100000;CompteLib_0011;FSPUNTINI;SPUNTINI FOOD'S;24I124;20240927;EcritureLib_0610;;622,89;0,00;D;;DQ;20251119
BQ;Banque BQ;;20240927;51200000;CompteLib_0033;;;24I124;20240927;EcritureLib_0610;;0,00;622,89;C;;;
BQ;Banque BQ;;20240927;40100000;CompteLib_0011;FFOURNI;FOURNI RESTO;24I125;20240927;EcritureLib_0456;;225,27;0,00;D;;;
BQ;Banque BQ;;20240927;51200000;CompteLib_0033;;;24I125;20240927;EcritureLib_0456;;0,00;225,27;C;;;
BQ;Banque BQ;;20240927;40100000;CompteLib_0011;FCARREFOUR;CARREFOUR;24I126;20240927;EcritureLib_0059;;55,27;0,00;D;;;
BQ;Banque BQ;;20240927;51200000;CompteLib_0033;;;24I126;20240927;EcritureLib_0059;;0,00;55,27;C;;;
BQ;Banque BQ;;20240927;40100000;CompteLib_0011;FCARBURANT;CARBURANT;24I127;20240927;EcritureLib_0611;;89,00;0,00;D;;;
BQ;Banque BQ;;20240927;51200000;CompteLib_0033;;;24I127;20240927;EcritureLib_0611;;0,00;89,00;C;;;
BQ;Banque BQ;;20240928;51100000;CompteLib_0032;;;24I128;20240928;EcritureLib_0612;;0,00;701,56;C;;;
BQ;Banque BQ;;20240928;51200000;CompteLib_0033;;;24I128;20240928;EcritureLib_0612;;701,56;0,00;D;;;
BQ;Banque BQ;;20240928;51100000;CompteLib_0032;;;24I129;20240928;EcritureLib_0613;;0,00;172,50;C;;;
BQ;Banque BQ;;20240928;51200000;CompteLib_0033;;;24I129;20240928;EcritureLib_0613;;172,50;0,00;D;;;
BQ;Banque BQ;;20240929;51100000;CompteLib_0032;;;24I130;20240929;EcritureLib_0614;;0,00;323,70;C;;;
BQ;Banque BQ;;20240929;51200000;CompteLib_0033;;;24I130;20240929;EcritureLib_0614;;323,70;0,00;D;;;
BQ;Banque BQ;;20240929;51100000;CompteLib_0032;;;24I131;20240929;EcritureLib_0615;;0,00;50,90;C;;;
BQ;Banque BQ;;20240929;51200000;CompteLib_0033;;;24I131;20240929;EcritureLib_0615;;50,90;0,00;D;;;
BQ;Banque BQ;;20240930;40100000;CompteLib_0011;FORANGE;ORANGE;24I132;20240930;EcritureLib_0616;;60,00;0,00;D;;;
BQ;Banque BQ;;20240930;51200000;CompteLib_0033;;;24I132;20240930;EcritureLib_0616;;0,00;60,00;C;;;
BQ;Banque BQ;;20240930;51100000;CompteLib_0032;;;24I133;20240930;EcritureLib_0617;;0,00;612,23;C;;;
BQ;Banque BQ;;20240930;51200000;CompteLib_0033;;;24I133;20240930;EcritureLib_0617;;612,23;0,00;D;;;
BQ;Banque BQ;;20240930;51100000;CompteLib_0032;;;24I134;20240930;EcritureLib_0618;;0,00;96,80;C;;;
BQ;Banque BQ;;20240930;51200000;CompteLib_0033;;;24I134;20240930;EcritureLib_0618;;96,80;0,00;D;;;
BQ;Banque BQ;;20240930;40100000;CompteLib_0011;FCARREFOUR;CARREFOUR;24I135;20240930;EcritureLib_0059;;66,26;0,00;D;;;
BQ;Banque BQ;;20240930;51200000;CompteLib_0033;;;24I135;20240930;EcritureLib_0059;;0,00;66,26;C;;;
BQ;Banque BQ;;20240930;40100000;CompteLib_0011;FCARREFOUR;CARREFOUR;24I136;20240930;EcritureLib_0059;;39,59;0,00;D;;;
BQ;Banque BQ;;20240930;51200000;CompteLib_0033;;;24I136;20240930;EcritureLib_0059;;0,00;39,59;C;;;
BQ;Banque BQ;;20241001;47100000;CompteLib_0043;;;24J1;20241001;EcritureLib_0619;;526,02;0,00;D;;;
BQ;Banque BQ;;20241001;51200000;CompteLib_0033;;;24J1;20241001;EcritureLib_0619;;0,00;526,02;C;;;
BQ;Banque BQ;;20241001;61600000;CompteLib_0042;;;24J2;20241001;EcritureLib_0620;;108,45;0,00;D;;;
BQ;Banque BQ;;20241001;51200000;CompteLib_0033;;;24J2;20241001;EcritureLib_0620;;0,00;108,45;C;;;
BQ;Banque BQ;;20241002;51100000;CompteLib_0032;;;24J3;20241002;EcritureLib_0621;;0,00;239,70;C;;;
BQ;Banque BQ;;20241002;51200000;CompteLib_0033;;;24J3;20241002;EcritureLib_0621;;239,70;0,00;D;;;
BQ;Banque BQ;;20241002;51140000;CompteLib_0044;;;24J4;20241002;EcritureLib_0622;;0,00;42,84;C;;;
BQ;Banque BQ;;20241002;51200000;CompteLib_0033;;;24J4;20241002;EcritureLib_0622;;42,84;0,00;D;;;
BQ;Banque BQ;;20241002;40100000;CompteLib_0011;FSWILE;SWILE;24J5;20241002;EcritureLib_0623;;5,12;0,00;D;;;
BQ;Banque BQ;;20241002;51200000;CompteLib_0033;;;24J5;20241002;EcritureLib_0623;;0,00;5,12;C;;;
BQ;Banque BQ;;20241002;61600000;CompteLib_0042;;;24J6;20241002;EcritureLib_0624;;24,08;0,00;D;;;
BQ;Banque BQ;;20241002;51200000;CompteLib_0033;;;24J6;20241002;EcritureLib_0624;;0,00;24,08;C;;;
BQ;Banque BQ;;20241003;51140000;CompteLib_0044;;;24J7;20241003;EcritureLib_0625;;0,00;51,89;C;;;
BQ;Banque BQ;;20241003;51200000;CompteLib_0033;;;24J7;20241003;EcritureLib_0625;;51,89;0,00;D;;;
BQ;Banque BQ;;20241003;40100000;CompteLib_0011;FCARREFOUR;CARREFOUR;24J8;20241003;EcritureLib_0626;;38,12;0,00;D;;;
BQ;Banque BQ;;20241003;51200000;CompteLib_0033;;;24J8;20241003;EcritureLib_0626;;0,00;38,12;C;;;
BQ;Banque BQ;;20241003;51100000;CompteLib_0032;;;24J9;20241003;EcritureLib_0627;;0,00;201,90;C;;;
BQ;Banque BQ;;20241003;51200000;CompteLib_0033;;;24J9;20241003;EcritureLib_0627;;201,90;0,00;D;;;
BQ;Banque BQ;;20241003;51100000;CompteLib_0032;;;24J10;20241003;EcritureLib_0628;;0,00;16,60;C;;;
BQ;Banque BQ;;20241003;51200000;CompteLib_0033;;;24J10;20241003;EcritureLib_0628;;16,60;0,00;D;;;
BQ;Banque BQ;;20241004;60612000;CompteLib_0041;;;24J12;20241004;EcritureLib_0067;;0,00;130,00;C;;;
BQ;Banque BQ;;20241004;51200000;CompteLib_0033;;;24J12;20241004;EcritureLib_0067;;130,00;0,00;D;;;
BQ;Banque BQ;;20241004;51140000;CompteLib_0044;;;24J13;20241004;EcritureLib_0629;;0,00;74,86;C;;;
BQ;Banque BQ;;20241004;51200000;CompteLib_0033;;;24J13;20241004;EcritureLib_0629;;74,86;0,00;D;;;
BQ;Banque BQ;;20241004;51140000;CompteLib_0044;;;24J14;20241004;EcritureLib_0630;;0,00;12,18;C;;;
BQ;Banque BQ;;20241004;51200000;CompteLib_0033;;;24J14;20241004;EcritureLib_0630;;12,18;0,00;D;;;
BQ;Banque BQ;;20241004;40100000;CompteLib_0011;FCARREFOUR;CARREFOUR;24J15;20241004;EcritureLib_0626;;48,43;0,00;D;;;
BQ;Banque BQ;;20241004;51200000;CompteLib_0033;;;24J15;20241004;EcritureLib_0626;;0,00;48,43;C;;;
BQ;Banque BQ;;20241004;51100000;CompteLib_0032;;;24J16;20241004;EcritureLib_0631;;0,00;163,50;C;;;
BQ;Banque BQ;;20241004;51200000;CompteLib_0033;;;24J16;20241004;EcritureLib_0631;;163,50;0,00;D;;;
BQ;Banque BQ;;20241004;40100000;CompteLib_0011;FSPUNTINI;SPUNTINI FOOD'S;24J17;20241004;EcritureLib_0632;;753,30;0,00;D;;;
BQ;Banque BQ;;20241004;51200000;CompteLib_0033;;;24J17;20241004;EcritureLib_0632;;0,00;753,30;C;;;
BQ;Banque BQ;;20241005;62700000;CompteLib_0045;;;24J18;20241005;EcritureLib_0633;;59,62;0,00;D;;;
BQ;Banque BQ;;20241005;44566100;CompteLib_0025;;;24J18;20241005;EcritureLib_0633;;11,93;0,00;D;;;
BQ;Banque BQ;;20241005;51200000;CompteLib_0033;;;24J18;20241005;EcritureLib_0633;;0,00;71,55;C;;;
BQ;Banque BQ;;20241005;51100000;CompteLib_0032;;;24J19;20241005;EcritureLib_0634;;0,00;762,50;C;;;
BQ;Banque BQ;;20241005;51200000;CompteLib_0033;;;24J19;20241005;EcritureLib_0634;;762,50;0,00;D;;;
BQ;Banque BQ;;20241005;51100000;CompteLib_0032;;;24J20;20241005;EcritureLib_0635;;0,00;313,40;C;;;
BQ;Banque BQ;;20241005;51200000;CompteLib_0033;;;24J20;20241005;EcritureLib_0635;;313,40;0,00;D;;;
BQ;Banque BQ;;20241006;51100000;CompteLib_0032;;;24J24;20241006;EcritureLib_0636;;0,00;674,40;C;;;
BQ;Banque BQ;;20241006;51200000;CompteLib_0033;;;24J24;20241006;EcritureLib_0636;;674,40;0,00;D;;;
BQ;Banque BQ;;20241006;51100000;CompteLib_0032;;;24J25;20241006;EcritureLib_0637;;0,00;127,00;C;;;
BQ;Banque BQ;;20241006;51200000;CompteLib_0033;;;24J25;20241006;EcritureLib_0637;;127,00;0,00;D;;;
BQ;Banque BQ;;20241007;47100000;CompteLib_0043;;;24J26;20241007;EcritureLib_0638;;112,00;0,00;D;;;
BQ;Banque BQ;;20241007;51200000;CompteLib_0033;;;24J26;20241007;EcritureLib_0638;;0,00;112,00;C;;;
BQ;Banque BQ;;20241007;61600000;CompteLib_0042;;;24J27;20241007;EcritureLib_0639;;76,14;0,00;D;;;
BQ;Banque BQ;;20241007;51200000;CompteLib_0033;;;24J27;20241007;EcritureLib_0639;;0,00;76,14;C;;;
BQ;Banque BQ;;20241007;47100000;CompteLib_0043;;;24J28;20241007;EcritureLib_0640;;89,00;0,00;D;;;
BQ;Banque BQ;;20241007;51200000;CompteLib_0033;;;24J28;20241007;EcritureLib_0640;;0,00;89,00;C;;;
BQ;Banque BQ;;20241007;61321000;CompteLib_0046;;;24J29;20241007;EcritureLib_0074;;1000,00;0,00;D;;;
BQ;Banque BQ;;20241007;44566100;CompteLib_0025;;;24J29;20241007;EcritureLib_0074;;200,00;0,00;D;;;
BQ;Banque BQ;;20241007;51200000;CompteLib_0033;;;24J29;20241007;EcritureLib_0074;;0,00;1200,00;C;;;
BQ;Banque BQ;;20241007;51100000;CompteLib_0032;;;24J30;20241007;EcritureLib_0641;;0,00;407,12;C;;;
BQ;Banque BQ;;20241007;51200000;CompteLib_0033;;;24J30;20241007;EcritureLib_0641;;407,12;0,00;D;;;
BQ;Banque BQ;;20241007;40100000;CompteLib_0011;FCARREFOUR;CARREFOUR;24J31;20241007;EcritureLib_0626;;53,32;0,00;D;;;
BQ;Banque BQ;;20241007;51200000;CompteLib_0033;;;24J31;20241007;EcritureLib_0626;;0,00;53,32;C;;;
BQ;Banque BQ;;20241007;40100000;CompteLib_0011;FCARREFOUR;CARREFOUR;24J32;20241007;EcritureLib_0626;;89,47;0,00;D;;;
BQ;Banque BQ;;20241007;51200000;CompteLib_0033;;;24J32;20241007;EcritureLib_0626;;0,00;89,47;C;;;
BQ;Banque BQ;;20241007;42100000;CompteLib_0012;;;24J33;20241007;EcritureLib_0642;;643,35;0,00;D;;;
BQ;Banque BQ;;20241007;51200000;CompteLib_0033;;;24J33;20241007;EcritureLib_0642;;0,00;643,35;C;;;
BQ;Banque BQ;;20241007;42100000;CompteLib_0012;;;24J34;20241007;EcritureLib_0643;;611,22;0,00;D;;;
BQ;Banque BQ;;20241007;51200000;CompteLib_0033;;;24J34;20241007;EcritureLib_0643;;0,00;611,22;C;;;
BQ;Banque BQ;;20241007;42100000;CompteLib_0012;;;24J35;20241007;EcritureLib_0644;;466,49;0,00;D;;;
BQ;Banque BQ;;20241007;51200000;CompteLib_0033;;;24J35;20241007;EcritureLib_0644;;0,00;466,49;C;;;
BQ;Banque BQ;;20241009;51140000;CompteLib_0044;;;24J36;20241009;EcritureLib_0645;;0,00;86,54;C;;;
BQ;Banque BQ;;20241009;51200000;CompteLib_0033;;;24J36;20241009;EcritureLib_0645;;86,54;0,00;D;;;
BQ;Banque BQ;;20241009;40100000;CompteLib_0011;FCARREFOUR;CARREFOUR;24J37;20241009;EcritureLib_0626;;16,52;0,00;D;;;
BQ;Banque BQ;;20241009;51200000;CompteLib_0033;;;24J37;20241009;EcritureLib_0626;;0,00;16,52;C;;;
BQ;Banque BQ;;20241009;51100000;CompteLib_0032;;;24J38;20241009;EcritureLib_0646;;0,00;193,60;C;;;
BQ;Banque BQ;;20241009;51200000;CompteLib_0033;;;24J38;20241009;EcritureLib_0646;;193,60;0,00;D;;;
BQ;Banque BQ;;20241009;51100000;CompteLib_0032;;;24J39;20241009;EcritureLib_0647;;0,00;74,70;C;;;
BQ;Banque BQ;;20241009;51200000;CompteLib_0033;;;24J39;20241009;EcritureLib_0647;;74,70;0,00;D;;;
BQ;Banque BQ;;20241010;40100000;CompteLib_0011;FJDC;JDC;24J40;20241010;EcritureLib_0648;;142,74;0,00;D;;;
BQ;Banque BQ;;20241010;51200000;CompteLib_0033;;;24J40;20241010;EcritureLib_0648;;0,00;142,74;C;;;
BQ;Banque BQ;;20241010;16400000;CompteLib_0005;;;24J41;20241010;EcritureLib_0649;;7,01;0,00;D;;;
BQ;Banque BQ;;20241010;51200000;CompteLib_0033;;;24J41;20241010;EcritureLib_0649;;0,00;7,01;C;;;
BQ;Banque BQ;;20241010;16400000;CompteLib_0005;;;24J42;20241010;EcritureLib_0650;;697,59;0,00;D;;;
BQ;Banque BQ;;20241010;51200000;CompteLib_0033;;;24J42;20241010;EcritureLib_0650;;0,00;697,59;C;;;
BQ;Banque BQ;;20241010;51140000;CompteLib_0044;;;24J43;20241010;EcritureLib_0651;;0,00;17,52;C;;;
BQ;Banque BQ;;20241010;51200000;CompteLib_0033;;;24J43;20241010;EcritureLib_0651;;17,52;0,00;D;;;
BQ;Banque BQ;;20241010;51140000;CompteLib_0044;;;24J44;20241010;EcritureLib_0652;;0,00;46,63;C;;;
BQ;Banque BQ;;20241010;51200000;CompteLib_0033;;;24J44;20241010;EcritureLib_0652;;46,63;0,00;D;;;
BQ;Banque BQ;;20241010;40100000;CompteLib_0011;FCARREFOUR;CARREFOUR;24J45;20241010;EcritureLib_0626;;58,13;0,00;D;;;
BQ;Banque BQ;;20241010;51200000;CompteLib_0033;;;24J45;20241010;EcritureLib_0626;;0,00;58,13;C;;;
BQ;Banque BQ;;20241010;51100000;CompteLib_0032;;;24J46;20241010;EcritureLib_0653;;0,00;297,10;C;;;
BQ;Banque BQ;;20241010;51200000;CompteLib_0033;;;24J46;20241010;EcritureLib_0653;;297,10;0,00;D;;;
BQ;Banque BQ;;20241010;51100000;CompteLib_0032;;;24J47;20241010;EcritureLib_0654;;0,00;13,50;C;;;
BQ;Banque BQ;;20241010;51200000;CompteLib_0033;;;24J47;20241010;EcritureLib_0654;;13,50;0,00;D;;;
BQ;Banque BQ;;20241010;47100000;CompteLib_0043;;;24J48;20241010;EcritureLib_0655;;120,09;0,00;D;;;
BQ;Banque BQ;;20241010;51200000;CompteLib_0033;;;24J48;20241010;EcritureLib_0655;;0,00;120,09;C;;;
BQ;Banque BQ;;20241010;58000000;CompteLib_0051;;;24J49;20241010;EcritureLib_0656;;0,00;1500,00;C;;;
BQ;Banque BQ;;20241010;51200000;CompteLib_0033;;;24J49;20241010;EcritureLib_0656;;1500,00;0,00;D;;;
BQ;Banque BQ;;20241010;51120000;CompteLib_0052;;;24J50;20241010;EcritureLib_0657;;0,00;62,30;C;;;
BQ;Banque BQ;;20241010;51200000;CompteLib_0033;;;24J50;20241010;EcritureLib_0657;;62,30;0,00;D;;;
BQ;Banque BQ;;20241010;62700000;CompteLib_0045;;;24J51;20241010;EcritureLib_0092;;10,08;0,00;D;;;
BQ;Banque BQ;;20241010;44566100;CompteLib_0025;;;24J51;20241010;EcritureLib_0092;;2,02;0,00;D;;;
BQ;Banque BQ;;20241010;51200000;CompteLib_0033;;;24J51;20241010;EcritureLib_0092;;0,00;12,10;C;;;
BQ;Banque BQ;;20241011;51140000;CompteLib_0044;;;24J54;20241011;EcritureLib_0658;;0,00;32,14;C;;;
BQ;Banque BQ;;20241011;51200000;CompteLib_0033;;;24J54;20241011;EcritureLib_0658;;32,14;0,00;D;;;
BQ;Banque BQ;;20241011;51100000;CompteLib_0032;;;24J55;20241011;EcritureLib_0659;;0,00;335,10;C;;;
BQ;Banque BQ;;20241011;51200000;CompteLib_0033;;;24J55;20241011;EcritureLib_0659;;335,10;0,00;D;;;
BQ;Banque BQ;;20241011;51100000;CompteLib_0032;;;24J56;20241011;EcritureLib_0660;;0,00;9,40;C;;;
BQ;Banque BQ;;20241011;51200000;CompteLib_0033;;;24J56;20241011;EcritureLib_0660;;9,40;0,00;D;;;
BQ;Banque BQ;;20241011;40100000;CompteLib_0011;FSPUNTINI;SPUNTINI FOOD'S;24J57;20241011;EcritureLib_0661;;721,43;0,00;D;;DO;20251119
BQ;Banque BQ;;20241011;51200000;CompteLib_0033;;;24J57;20241011;EcritureLib_0661;;0,00;721,43;C;;;
BQ;Banque BQ;;20241011;40100000;CompteLib_0011;FSPUNTINI;SPUNTINI FOOD'S;24J58;20241011;EcritureLib_0662;;120,05;0,00;D;;DR;20251119
BQ;Banque BQ;;20241011;51200000;CompteLib_0033;;;24J58;20241011;EcritureLib_0662;;0,00;120,05;C;;;
BQ;Banque BQ;;20241012;51100000;CompteLib_0032;;;24J59;20241012;EcritureLib_0663;;0,00;648,10;C;;;
BQ;Banque BQ;;20241012;51200000;CompteLib_0033;;;24J59;20241012;EcritureLib_0663;;648,10;0,00;D;;;
BQ;Banque BQ;;20241012;51100000;CompteLib_0032;;;24J60;20241012;EcritureLib_0664;;0,00;177,40;C;;;
BQ;Banque BQ;;20241012;51200000;CompteLib_0033;;;24J60;20241012;EcritureLib_0664;;177,40;0,00;D;;;
BQ;Banque BQ;;20241013;51100000;CompteLib_0032;;;24J61;20241013;EcritureLib_0665;;0,00;586,00;C;;;
BQ;Banque BQ;;20241013;51200000;CompteLib_0033;;;24J61;20241013;EcritureLib_0665;;586,00;0,00;D;;;
BQ;Banque BQ;;20241013;51100000;CompteLib_0032;;;24J62;20241013;EcritureLib_0666;;0,00;113,70;C;;;
BQ;Banque BQ;;20241013;51200000;CompteLib_0033;;;24J62;20241013;EcritureLib_0666;;113,70;0,00;D;;;
BQ;Banque BQ;;20241014;40100000;CompteLib_0011;FCARREFOUR;CARREFOUR;24J63;20241014;EcritureLib_0626;;48,27;0,00;D;;;
BQ;Banque BQ;;20241014;51200000;CompteLib_0033;;;24J63;20241014;EcritureLib_0626;;0,00;48,27;C;;;
BQ;Banque BQ;;20241014;40100000;CompteLib_0011;FCARREFOUR;CARREFOUR;24J64;20241014;EcritureLib_0626;;32,28;0,00;D;;;
BQ;Banque BQ;;20241014;51200000;CompteLib_0033;;;24J64;20241014;EcritureLib_0626;;0,00;32,28;C;;;
BQ;Banque BQ;;20241014;51100000;CompteLib_0032;;;24J65;20241014;EcritureLib_0667;;0,00;514,00;C;;;
BQ;Banque BQ;;20241014;51200000;CompteLib_0033;;;24J65;20241014;EcritureLib_0667;;514,00;0,00;D;;;
BQ;Banque BQ;;20241014;51100000;CompteLib_0032;;;24J66;20241014;EcritureLib_0668;;0,00;35,70;C;;;
BQ;Banque BQ;;20241014;51200000;CompteLib_0033;;;24J66;20241014;EcritureLib_0668;;35,70;0,00;D;;;
BQ;Banque BQ;;20241014;40100000;CompteLib_0011;FNOYEZ;NOYEZ;24J67;20241014;EcritureLib_0669;;226,58;0,00;D;;AE;20250709
BQ;Banque BQ;;20241014;51200000;CompteLib_0033;;;24J67;20241014;EcritureLib_0669;;0,00;226,58;C;;;
BQ;Banque BQ;;20241015;40100000;CompteLib_0011;FIM2;IM2 MONETIQUE;24J68;20241015;EcritureLib_0670;;27,48;0,00;D;;;
BQ;Banque BQ;;20241015;51200000;CompteLib_0033;;;24J68;20241015;EcritureLib_0670;;0,00;27,48;C;;;
BQ;Banque BQ;;20241015;51140000;CompteLib_0044;;;24J69;20241015;EcritureLib_0671;;0,00;9,30;C;;;
BQ;Banque BQ;;20241015;51200000;CompteLib_0033;;;24J69;20241015;EcritureLib_0671;;9,30;0,00;D;;;
BQ;Banque BQ;;20241015;51140000;CompteLib_0044;;;24J70;20241015;EcritureLib_0672;;0,00;17,69;C;;;
BQ;Banque BQ;;20241015;51200000;CompteLib_0033;;;24J70;20241015;EcritureLib_0672;;17,69;0,00;D;;;
BQ;Banque BQ;;20241015;40100000;CompteLib_0011;FLOTQU;LOT QUALITE;24J71;20241015;EcritureLib_0673;;1471,73;0,00;D;;;
BQ;Banque BQ;;20241015;51200000;CompteLib_0033;;;24J71;20241015;EcritureLib_0673;;0,00;1471,73;C;;;
BQ;Banque BQ;;20241016;47100000;CompteLib_0043;;;24J73;20241016;EcritureLib_0674;;620,00;0,00;D;;;
BQ;Banque BQ;;20241016;51200000;CompteLib_0033;;;24J73;20241016;EcritureLib_0674;;0,00;620,00;C;;;
BQ;Banque BQ;;20241016;51140000;CompteLib_0044;;;24J74;20241016;EcritureLib_0675;;0,00;64,25;C;;;
BQ;Banque BQ;;20241016;51200000;CompteLib_0033;;;24J74;20241016;EcritureLib_0675;;64,25;0,00;D;;;
BQ;Banque BQ;;20241016;40100000;CompteLib_0011;FCARREFOUR;CARREFOUR;24J75;20241016;EcritureLib_0626;;67,19;0,00;D;;;
BQ;Banque BQ;;20241016;51200000;CompteLib_0033;;;24J75;20241016;EcritureLib_0626;;0,00;67,19;C;;;
BQ;Banque BQ;;20241016;51100000;CompteLib_0032;;;24J76;20241016;EcritureLib_0676;;0,00;143,00;C;;;
BQ;Banque BQ;;20241016;51200000;CompteLib_0033;;;24J76;20241016;EcritureLib_0676;;143,00;0,00;D;;;
BQ;Banque BQ;;20241017;40100000;CompteLib_0011;FSWILE;SWILE;24J77;20241017;EcritureLib_0677;;12,23;0,00;D;;;
BQ;Banque BQ;;20241017;51200000;CompteLib_0033;;;24J77;20241017;EcritureLib_0677;;0,00;12,23;C;;;
BQ;Banque BQ;;20241017;51140000;CompteLib_0044;;;24J78;20241017;EcritureLib_0678;;0,00;17,78;C;;;
BQ;Banque BQ;;20241017;51200000;CompteLib_0033;;;24J78;20241017;EcritureLib_0678;;17,78;0,00;D;;;
BQ;Banque BQ;;20241017;51140000;CompteLib_0044;;;24J79;20241017;EcritureLib_0679;;0,00;12,40;C;;;
BQ;Banque BQ;;20241017;51200000;CompteLib_0033;;;24J79;20241017;EcritureLib_0679;;12,40;0,00;D;;;
BQ;Banque BQ;;20241017;40100000;CompteLib_0011;FCARREFOUR;CARREFOUR;24J80;20241017;EcritureLib_0626;;18,14;0,00;D;;;
BQ;Banque BQ;;20241017;51200000;CompteLib_0033;;;24J80;20241017;EcritureLib_0626;;0,00;18,14;C;;;
BQ;Banque BQ;;20241017;51100000;CompteLib_0032;;;24J81;20241017;EcritureLib_0680;;0,00;287,80;C;;;
BQ;Banque BQ;;20241017;51200000;CompteLib_0033;;;24J81;20241017;EcritureLib_0680;;287,80;0,00;D;;;
BQ;Banque BQ;;20241017;51100000;CompteLib_0032;;;24J82;20241017;EcritureLib_0681;;0,00;33,10;C;;;
BQ;Banque BQ;;20241017;51200000;CompteLib_0033;;;24J82;20241017;EcritureLib_0681;;33,10;0,00;D;;;
BQ;Banque BQ;;20241017;47100000;CompteLib_0043;;;24J83;20241017;EcritureLib_0682;;0,00;7000,00;C;;;
BQ;Banque BQ;;20241017;51200000;CompteLib_0033;;;24J83;20241017;EcritureLib_0682;;7000,00;0,00;D;;;
BQ;Banque BQ;;20241018;51140000;CompteLib_0044;;;24J85;20241018;EcritureLib_0683;;0,00;100,90;C;;;
BQ;Banque BQ;;20241018;51200000;CompteLib_0033;;;24J85;20241018;EcritureLib_0683;;100,90;0,00;D;;;
BQ;Banque BQ;;20241018;51100000;CompteLib_0032;;;24J86;20241018;EcritureLib_0684;;0,00;270,80;C;;;
BQ;Banque BQ;;20241018;51200000;CompteLib_0033;;;24J86;20241018;EcritureLib_0684;;270,80;0,00;D;;;
BQ;Banque BQ;;20241018;40100000;CompteLib_0011;FSPUNTINI;SPUNTINI FOOD'S;24J87;20241018;EcritureLib_0685;;786,13;0,00;D;;DS;20251119
BQ;Banque BQ;;20241018;51200000;CompteLib_0033;;;24J87;20241018;EcritureLib_0685;;0,00;786,13;C;;;
BQ;Banque BQ;;20241019;51100000;CompteLib_0032;;;24J88;20241019;EcritureLib_0686;;0,00;990,20;C;;;
BQ;Banque BQ;;20241019;51200000;CompteLib_0033;;;24J88;20241019;EcritureLib_0686;;990,20;0,00;D;;;
BQ;Banque BQ;;20241019;51100000;CompteLib_0032;;;24J89;20241019;EcritureLib_0687;;0,00;68,80;C;;;
BQ;Banque BQ;;20241019;51200000;CompteLib_0033;;;24J89;20241019;EcritureLib_0687;;68,80;0,00;D;;;
BQ;Banque BQ;;20241020;51100000;CompteLib_0032;;;24J91;20241020;EcritureLib_0688;;0,00;590,00;C;;;
BQ;Banque BQ;;20241020;51200000;CompteLib_0033;;;24J91;20241020;EcritureLib_0688;;590,00;0,00;D;;;
BQ;Banque BQ;;20241020;51100000;CompteLib_0032;;;24J92;20241020;EcritureLib_0689;;0,00;194,90;C;;;
BQ;Banque BQ;;20241020;51200000;CompteLib_0033;;;24J92;20241020;EcritureLib_0689;;194,90;0,00;D;;;
BQ;Banque BQ;;20241021;40100000;CompteLib_0011;FCARREFOUR;CARREFOUR;24J93;20241021;EcritureLib_0626;;56,87;0,00;D;;;
BQ;Banque BQ;;20241021;51200000;CompteLib_0033;;;24J93;20241021;EcritureLib_0626;;0,00;56,87;C;;;
BQ;Banque BQ;;20241021;40100000;CompteLib_0011;FCARBURANT;CARBURANT;24J94;20241021;EcritureLib_0690;;91,00;0,00;D;;;
BQ;Banque BQ;;20241021;51200000;CompteLib_0033;;;24J94;20241021;EcritureLib_0690;;0,00;91,00;C;;;
BQ;Banque BQ;;20241021;40100000;CompteLib_0011;FCARREFOUR;CARREFOUR;24J95;20241021;EcritureLib_0626;;69,64;0,00;D;;;
BQ;Banque BQ;;20241021;51200000;CompteLib_0033;;;24J95;20241021;EcritureLib_0626;;0,00;69,64;C;;;
BQ;Banque BQ;;20241021;51100000;CompteLib_0032;;;24J96;20241021;EcritureLib_0691;;0,00;490,60;C;;;
BQ;Banque BQ;;20241021;51200000;CompteLib_0033;;;24J96;20241021;EcritureLib_0691;;490,60;0,00;D;;;
BQ;Banque BQ;;20241022;40100000;CompteLib_0011;FSTC;STC;24J97;20241022;EcritureLib_0692;;253,20;0,00;D;;P;20241029
BQ;Banque BQ;;20241022;51200000;CompteLib_0033;;;24J97;20241022;EcritureLib_0692;;0,00;253,20;C;;;
BQ;Banque BQ;;20241022;40100000;CompteLib_0011;FSTC;STC;24J98;20241022;EcritureLib_0692;;70,20;0,00;D;;Q;20241029
BQ;Banque BQ;;20241022;51200000;CompteLib_0033;;;24J98;20241022;EcritureLib_0692;;0,00;70,20;C;;;
BQ;Banque BQ;;20241022;62700000;CompteLib_0045;;;24J99;20241022;EcritureLib_0693;;2,67;0,00;D;;;
BQ;Banque BQ;;20241022;44566100;CompteLib_0025;;;24J99;20241022;EcritureLib_0693;;0,53;0,00;D;;;
BQ;Banque BQ;;20241022;51200000;CompteLib_0033;;;24J99;20241022;EcritureLib_0693;;0,00;3,20;C;;;
BQ;Banque BQ;;20241022;16400000;CompteLib_0005;;;24J100;20241022;EcritureLib_0694;;1,73;0,00;D;;;
BQ;Banque BQ;;20241022;51200000;CompteLib_0033;;;24J100;20241022;EcritureLib_0694;;0,00;1,73;C;;;
BQ;Banque BQ;;20241022;16400000;CompteLib_0005;;;24J101;20241022;EcritureLib_0695;;201,03;0,00;D;;;
BQ;Banque BQ;;20241022;51200000;CompteLib_0033;;;24J101;20241022;EcritureLib_0695;;0,00;201,03;C;;;
BQ;Banque BQ;;20241023;40100000;CompteLib_0011;FSACEM;SACEM / SPRE;24J102;20241023;EcritureLib_0696;;103,83;0,00;D;;;
BQ;Banque BQ;;20241023;51200000;CompteLib_0033;;;24J102;20241023;EcritureLib_0696;;0,00;103,83;C;;;
BQ;Banque BQ;;20241023;51140000;CompteLib_0044;;;24J103;20241023;EcritureLib_0697;;0,00;60,63;C;;;
BQ;Banque BQ;;20241023;51200000;CompteLib_0033;;;24J103;20241023;EcritureLib_0697;;60,63;0,00;D;;;
BQ;Banque BQ;;20241023;40100000;CompteLib_0011;FCARREFOUR;CARREFOUR;24J104;20241023;EcritureLib_0626;;91,35;0,00;D;;;
BQ;Banque BQ;;20241023;51200000;CompteLib_0033;;;24J104;20241023;EcritureLib_0626;;0,00;91,35;C;;;
BQ;Banque BQ;;20241023;51100000;CompteLib_0032;;;24J105;20241023;EcritureLib_0698;;0,00;263,83;C;;;
BQ;Banque BQ;;20241023;51200000;CompteLib_0033;;;24J105;20241023;EcritureLib_0698;;263,83;0,00;D;;;
BQ;Banque BQ;;20241023;51100000;CompteLib_0032;;;24J106;20241023;EcritureLib_0699;;0,00;39,20;C;;;
BQ;Banque BQ;;20241023;51200000;CompteLib_0033;;;24J106;20241023;EcritureLib_0699;;39,20;0,00;D;;;
BQ;Banque BQ;;20241024;44551000;CompteLib_0024;;;24J107;20241024;EcritureLib_0700;;803,00;0,00;D;;G;20241121
BQ;Banque BQ;;20241024;51200000;CompteLib_0033;;;24J107;20241024;EcritureLib_0700;;0,00;803,00;C;;;
BQ;Banque BQ;;20241024;43702000;CompteLib_0016;;;24J108;20241024;EcritureLib_0701;;37,62;0,00;D;;;
BQ;Banque BQ;;20241024;51200000;CompteLib_0033;;;24J108;20241024;EcritureLib_0701;;0,00;37,62;C;;;
BQ;Banque BQ;;20241024;51140000;CompteLib_0044;;;24J109;20241024;EcritureLib_0702;;0,00;29,52;C;;;
BQ;Banque BQ;;20241024;51200000;CompteLib_0033;;;24J109;20241024;EcritureLib_0702;;29,52;0,00;D;;;
BQ;Banque BQ;;20241024;51100000;CompteLib_0032;;;24J110;20241024;EcritureLib_0703;;0,00;277,20;C;;;
BQ;Banque BQ;;20241024;51200000;CompteLib_0033;;;24J110;20241024;EcritureLib_0703;;277,20;0,00;D;;;
BQ;Banque BQ;;20241024;51100000;CompteLib_0032;;;24J111;20241024;EcritureLib_0704;;0,00;21,30;C;;;
BQ;Banque BQ;;20241024;51200000;CompteLib_0033;;;24J111;20241024;EcritureLib_0704;;21,30;0,00;D;;;
BQ;Banque BQ;;20241025;43703000;CompteLib_0017;;;24J113;20241025;EcritureLib_0705;;134,99;0,00;D;;;
BQ;Banque BQ;;20241025;51200000;CompteLib_0033;;;24J113;20241025;EcritureLib_0705;;0,00;134,99;C;;;
BQ;Banque BQ;;20241025;51140000;CompteLib_0044;;;24J114;20241025;EcritureLib_0706;;0,00;48,01;C;;;
BQ;Banque BQ;;20241025;51200000;CompteLib_0033;;;24J114;20241025;EcritureLib_0706;;48,01;0,00;D;;;
BQ;Banque BQ;;20241025;51100000;CompteLib_0032;;;24J115;20241025;EcritureLib_0707;;0,00;355,40;C;;;
BQ;Banque BQ;;20241025;51200000;CompteLib_0033;;;24J115;20241025;EcritureLib_0707;;355,40;0,00;D;;;
BQ;Banque BQ;;20241025;51100000;CompteLib_0032;;;24J116;20241025;EcritureLib_0708;;0,00;18,50;C;;;
BQ;Banque BQ;;20241025;51200000;CompteLib_0033;;;24J116;20241025;EcritureLib_0708;;18,50;0,00;D;;;
BQ;Banque BQ;;20241025;40100000;CompteLib_0011;FSPUNTINI;SPUNTINI FOOD'S;24J117;20241025;EcritureLib_0709;;579,44;0,00;D;;DT;20251119
BQ;Banque BQ;;20241025;51200000;CompteLib_0033;;;24J117;20241025;EcritureLib_0709;;0,00;579,44;C;;;
BQ;Banque BQ;;20241025;40100000;CompteLib_0011;FSPUNTINI;SPUNTINI FOOD'S;24J118;20241025;EcritureLib_0710;;27,62;0,00;D;;DH;20251119
BQ;Banque BQ;;20241025;51200000;CompteLib_0033;;;24J118;20241025;EcritureLib_0710;;0,00;27,62;C;;;
BQ;Banque BQ;;20241025;40100000;CompteLib_0011;FGARAGE;GARAGE;24J119;20241025;EcritureLib_0711;;456,19;0,00;D;;B;20250708
BQ;Banque BQ;;20241025;51200000;CompteLib_0033;;;24J119;20241025;EcritureLib_0711;;0,00;456,19;C;;;
BQ;Banque BQ;;20241026;51100000;CompteLib_0032;;;24J120;20241026;EcritureLib_0712;;0,00;879,48;C;;;
BQ;Banque BQ;;20241026;51200000;CompteLib_0033;;;24J120;20241026;EcritureLib_0712;;879,48;0,00;D;;;
BQ;Banque BQ;;20241026;51100000;CompteLib_0032;;;24J121;20241026;EcritureLib_0713;;0,00;61,20;C;;;
BQ;Banque BQ;;20241026;51200000;CompteLib_0033;;;24J121;20241026;EcritureLib_0713;;61,20;0,00;D;;;
BQ;Banque BQ;;20241027;51100000;CompteLib_0032;;;24J122;20241027;EcritureLib_0714;;0,00;628,80;C;;;
BQ;Banque BQ;;20241027;51200000;CompteLib_0033;;;24J122;20241027;EcritureLib_0714;;628,80;0,00;D;;;
BQ;Banque BQ;;20241027;51100000;CompteLib_0032;;;24J123;20241027;EcritureLib_0715;;0,00;73,00;C;;;
BQ;Banque BQ;;20241027;51200000;CompteLib_0033;;;24J123;20241027;EcritureLib_0715;;73,00;0,00;D;;;
BQ;Banque BQ;;20241028;51140000;CompteLib_0044;;;24J124;20241028;EcritureLib_0716;;0,00;18,81;C;;;
BQ;Banque BQ;;20241028;51200000;CompteLib_0033;;;24J124;20241028;EcritureLib_0716;;18,81;0,00;D;;;
BQ;Banque BQ;;20241028;51100000;CompteLib_0032;;;24J125;20241028;EcritureLib_0717;;0,00;641,60;C;;;
BQ;Banque BQ;;20241028;51200000;CompteLib_0033;;;24J125;20241028;EcritureLib_0717;;641,60;0,00;D;;;
BQ;Banque BQ;;20241028;51100000;CompteLib_0032;;;24J126;20241028;EcritureLib_0718;;0,00;70,70;C;;;
BQ;Banque BQ;;20241028;51200000;CompteLib_0033;;;24J126;20241028;EcritureLib_0718;;70,70;0,00;D;;;
BQ;Banque BQ;;20241028;60100000;CompteLib_0038;;;24J127;20241028;EcritureLib_0719;;52,98;0,00;D;;;
BQ;Banque BQ;;20241028;51200000;CompteLib_0033;;;24J127;20241028;EcritureLib_0719;;0,00;52,98;C;;;
BQ;Banque BQ;;20241028;40100000;CompteLib_0011;FCARREFOUR;CARREFOUR;24J128;20241028;EcritureLib_0626;;64,19;0,00;D;;;
BQ;Banque BQ;;20241028;51200000;CompteLib_0033;;;24J128;20241028;EcritureLib_0626;;0,00;64,19;C;;;
BQ;Banque BQ;;20241029;61200000;CompteLib_0047;;;24J129;20241029;EcritureLib_0720;;7200,00;0,00;D;;;
BQ;Banque BQ;;20241029;51200000;CompteLib_0033;;;24J129;20241029;EcritureLib_0720;;0,00;7200,00;C;;;
BQ;Banque BQ;;20241029;40100000;CompteLib_0011;FORANGE;ORANGE;24J130;20241029;EcritureLib_0721;;60,00;0,00;D;;;
BQ;Banque BQ;;20241029;51200000;CompteLib_0033;;;24J130;20241029;EcritureLib_0721;;0,00;60,00;C;;;
BQ;Banque BQ;;20241029;51140000;CompteLib_0044;;;24J131;20241029;EcritureLib_0722;;0,00;25,00;C;;;
BQ;Banque BQ;;20241029;51200000;CompteLib_0033;;;24J131;20241029;EcritureLib_0722;;25,00;0,00;D;;;
BQ;Banque BQ;;20241030;40100000;CompteLib_0011;FCARREFOUR;CARREFOUR;24J132;20241030;EcritureLib_0626;;69,20;0,00;D;;;
BQ;Banque BQ;;20241030;51200000;CompteLib_0033;;;24J132;20241030;EcritureLib_0626;;0,00;69,20;C;;;
BQ;Banque BQ;;20241030;51100000;CompteLib_0032;;;24J133;20241030;EcritureLib_0723;;0,00;246,80;C;;;
BQ;Banque BQ;;20241030;51200000;CompteLib_0033;;;24J133;20241030;EcritureLib_0723;;246,80;0,00;D;;;
BQ;Banque BQ;;20241030;40100000;CompteLib_0011;FALDI;ALDI;24J134;20241030;EcritureLib_0724;;43,79;0,00;D;;;
BQ;Banque BQ;;20241030;51200000;CompteLib_0033;;;24J134;20241030;EcritureLib_0724;;0,00;43,79;C;;;
BQ;Banque BQ;;20241031;47100000;CompteLib_0043;;;24J136;20241031;EcritureLib_0725;;851,19;0,00;D;;;
BQ;Banque BQ;;20241031;51200000;CompteLib_0033;;;24J136;20241031;EcritureLib_0725;;0,00;851,19;C;;;
BQ;Banque BQ;;20241031;51140000;CompteLib_0044;;;24J137;20241031;EcritureLib_0726;;0,00;41,90;C;;;
BQ;Banque BQ;;20241031;51200000;CompteLib_0033;;;24J137;20241031;EcritureLib_0726;;41,90;0,00;D;;;
BQ;Banque BQ;;20241031;40100000;CompteLib_0011;FCARREFOUR;CARREFOUR;24J138;20241031;EcritureLib_0626;;75,81;0,00;D;;;
BQ;Banque BQ;;20241031;51200000;CompteLib_0033;;;24J138;20241031;EcritureLib_0626;;0,00;75,81;C;;;
BQ;Banque BQ;;20241031;51100000;CompteLib_0032;;;24J139;20241031;EcritureLib_0727;;0,00;180,60;C;;;
BQ;Banque BQ;;20241031;51200000;CompteLib_0033;;;24J139;20241031;EcritureLib_0727;;180,60;0,00;D;;;
BQ;Banque BQ;;20241101;51100000;CompteLib_0032;;;24K1;20241101;EcritureLib_0728;;0,00;389,40;C;;;
BQ;Banque BQ;;20241101;51200000;CompteLib_0033;;;24K1;20241101;EcritureLib_0728;;389,40;0,00;D;;;
BQ;Banque BQ;;20241101;51100000;CompteLib_0032;;;24K2;20241101;EcritureLib_0729;;0,00;15,00;C;;;
BQ;Banque BQ;;20241101;51200000;CompteLib_0033;;;24K2;20241101;EcritureLib_0729;;15,00;0,00;D;;;
BQ;Banque BQ;;20241103;51100000;CompteLib_0032;;;24K3;20241103;EcritureLib_0730;;0,00;348,10;C;;;
BQ;Banque BQ;;20241103;51200000;CompteLib_0033;;;24K3;20241103;EcritureLib_0730;;348,10;0,00;D;;;
BQ;Banque BQ;;20241103;51100000;CompteLib_0032;;;24K4;20241103;EcritureLib_0731;;0,00;76,50;C;;;
BQ;Banque BQ;;20241103;51200000;CompteLib_0033;;;24K4;20241103;EcritureLib_0731;;76,50;0,00;D;;;
BQ;Banque BQ;;20241104;61600000;CompteLib_0042;;;24K5;20241104;EcritureLib_0732;;108,45;0,00;D;;;
BQ;Banque BQ;;20241104;51200000;CompteLib_0033;;;24K5;20241104;EcritureLib_0732;;0,00;108,45;C;;;
BQ;Banque BQ;;20241104;40100000;CompteLib_0011;FSWILE;SWILE;24K6;20241104;EcritureLib_0733;;13,06;0,00;D;;;
BQ;Banque BQ;;20241104;51200000;CompteLib_0033;;;24K6;20241104;EcritureLib_0733;;0,00;13,06;C;;;
BQ;Banque BQ;;20241104;51140000;CompteLib_0044;;;24K7;20241104;EcritureLib_0734;;0,00;53,51;C;;;
BQ;Banque BQ;;20241104;51200000;CompteLib_0033;;;24K7;20241104;EcritureLib_0734;;53,51;0,00;D;;;
BQ;Banque BQ;;20241104;40100000;CompteLib_0011;FCARREFOUR;CARREFOUR;24K8;20241104;EcritureLib_0626;;38,17;0,00;D;;;
BQ;Banque BQ;;20241104;51200000;CompteLib_0033;;;24K8;20241104;EcritureLib_0626;;0,00;38,17;C;;;
BQ;Banque BQ;;20241104;40100000;CompteLib_0011;FCARREFOUR;CARREFOUR;24K9;20241104;EcritureLib_0626;;48,24;0,00;D;;;
BQ;Banque BQ;;20241104;51200000;CompteLib_0033;;;24K9;20241104;EcritureLib_0626;;0,00;48,24;C;;;
BQ;Banque BQ;;20241104;51100000;CompteLib_0032;;;24K10;20241104;EcritureLib_0735;;0,00;623,40;C;;;
BQ;Banque BQ;;20241104;51200000;CompteLib_0033;;;24K10;20241104;EcritureLib_0735;;623,40;0,00;D;;;
BQ;Banque BQ;;20241104;51100000;CompteLib_0032;;;24K11;20241104;EcritureLib_0736;;0,00;46,60;C;;;
BQ;Banque BQ;;20241104;51200000;CompteLib_0033;;;24K11;20241104;EcritureLib_0736;;46,60;0,00;D;;;
BQ;Banque BQ;;20241104;40100000;CompteLib_0011;FSPUNTINI;SPUNTINI FOOD'S;24K12;20241104;EcritureLib_0737;;757,23;0,00;D;;DI;20251119
BQ;Banque BQ;;20241104;51200000;CompteLib_0033;;;24K12;20241104;EcritureLib_0737;;0,00;757,23;C;;;
BQ;Banque BQ;;20241105;61600000;CompteLib_0042;;;24K13;20241105;EcritureLib_0738;;76,14;0,00;D;;;
BQ;Banque BQ;;20241105;51200000;CompteLib_0033;;;24K13;20241105;EcritureLib_0738;;0,00;76,14;C;;;
BQ;Banque BQ;;20241105;47100000;CompteLib_0043;;;24K14;20241105;EcritureLib_0739;;13249,00;0,00;D;;;
BQ;Banque BQ;;20241105;51200000;CompteLib_0033;;;24K14;20241105;EcritureLib_0739;;0,00;13249,00;C;;;
BQ;Banque BQ;;20241105;62700000;CompteLib_0045;;;24K15;20241105;EcritureLib_0740;;63,81;0,00;D;;;
BQ;Banque BQ;;20241105;44566100;CompteLib_0025;;;24K15;20241105;EcritureLib_0740;;12,76;0,00;D;;;
BQ;Banque BQ;;20241105;51200000;CompteLib_0033;;;24K15;20241105;EcritureLib_0740;;0,00;76,57;C;;;
BQ;Banque BQ;;20241105;51140000;CompteLib_0044;;;24K16;20241105;EcritureLib_0741;;0,00;40,08;C;;;
BQ;Banque BQ;;20241105;51200000;CompteLib_0033;;;24K16;20241105;EcritureLib_0741;;40,08;0,00;D;;;
BQ;Banque BQ;;20241105;61321000;CompteLib_0046;;;24K17;20241105;EcritureLib_0074;;1000,00;0,00;D;;;
BQ;Banque BQ;;20241105;44566100;CompteLib_0025;;;24K17;20241105;EcritureLib_0074;;200,00;0,00;D;;;
BQ;Banque BQ;;20241105;51200000;CompteLib_0033;;;24K17;20241105;EcritureLib_0074;;0,00;1200,00;C;;;
BQ;Banque BQ;;20241105;60612000;CompteLib_0041;;;24K18;20241105;EcritureLib_0067;;0,00;130,00;C;;;
BQ;Banque BQ;;20241105;51200000;CompteLib_0033;;;24K18;20241105;EcritureLib_0067;;130,00;0,00;D;;;
BQ;Banque BQ;;20241105;40100000;CompteLib_0011;FMETRO;METRO;24K19;20241105;EcritureLib_0742;;263,16;0,00;D;;;
BQ;Banque BQ;;20241105;51200000;CompteLib_0033;;;24K19;20241105;EcritureLib_0742;;0,00;263,16;C;;;
BQ;Banque BQ;;20241105;61600000;CompteLib_0042;;;24K20;20241105;EcritureLib_0743;;24,08;0,00;D;;;
BQ;Banque BQ;;20241105;51200000;CompteLib_0033;;;24K20;20241105;EcritureLib_0743;;0,00;24,08;C;;;
BQ;Banque BQ;;20241106;43702000;CompteLib_0016;;;24K23;20241106;EcritureLib_0744;;4,93;0,00;D;;;
BQ;Banque BQ;;20241106;51200000;CompteLib_0033;;;24K23;20241106;EcritureLib_0744;;0,00;4,93;C;;;
BQ;Banque BQ;;20241106;51140000;CompteLib_0044;;;24K24;20241106;EcritureLib_0745;;0,00;35,69;C;;;
BQ;Banque BQ;;20241106;51200000;CompteLib_0033;;;24K24;20241106;EcritureLib_0745;;35,69;0,00;D;;;
BQ;Banque BQ;;20241106;51140000;CompteLib_0044;;;24K25;20241106;EcritureLib_0746;;0,00;7,10;C;;;
BQ;Banque BQ;;20241106;51200000;CompteLib_0033;;;24K25;20241106;EcritureLib_0746;;7,10;0,00;D;;;
BQ;Banque BQ;;20241106;40100000;CompteLib_0011;FCARREFOUR;CARREFOUR;24K26;20241106;EcritureLib_0626;;70,41;0,00;D;;;
BQ;Banque BQ;;20241106;51200000;CompteLib_0033;;;24K26;20241106;EcritureLib_0626;;0,00;70,41;C;;;
BQ;Banque BQ;;20241106;51100000;CompteLib_0032;;;24K27;20241106;EcritureLib_0747;;0,00;70,20;C;;;
BQ;Banque BQ;;20241106;51200000;CompteLib_0033;;;24K27;20241106;EcritureLib_0747;;70,20;0,00;D;;;
BQ;Banque BQ;;20241106;47100000;CompteLib_0043;;;24K28;20241106;EcritureLib_0748;;0,00;13249,00;C;;;
BQ;Banque BQ;;20241106;51200000;CompteLib_0033;;;24K28;20241106;EcritureLib_0748;;13249,00;0,00;D;;;
BQ;Banque BQ;;20241107;40100000;CompteLib_0011;FIM2;IM2 MONETIQUE;24K29;20241107;EcritureLib_0749;;27,48;0,00;D;;;
BQ;Banque BQ;;20241107;51200000;CompteLib_0033;;;24K29;20241107;EcritureLib_0749;;0,00;27,48;C;;;
BQ;Banque BQ;;20241107;51140000;CompteLib_0044;;;24K30;20241107;EcritureLib_0750;;0,00;20,94;C;;;
BQ;Banque BQ;;20241107;51200000;CompteLib_0033;;;24K30;20241107;EcritureLib_0750;;20,94;0,00;D;;;
BQ;Banque BQ;;20241107;40100000;CompteLib_0011;FCARREFOUR;CARREFOUR;24K31;20241107;EcritureLib_0626;;51,76;0,00;D;;;
BQ;Banque BQ;;20241107;51200000;CompteLib_0033;;;24K31;20241107;EcritureLib_0626;;0,00;51,76;C;;;
BQ;Banque BQ;;20241107;51100000;CompteLib_0032;;;24K32;20241107;EcritureLib_0751;;0,00;307,80;C;;;
BQ;Banque BQ;;20241107;51200000;CompteLib_0033;;;24K32;20241107;EcritureLib_0751;;307,80;0,00;D;;;
BQ;Banque BQ;;20241107;51100000;CompteLib_0032;;;24K33;20241107;EcritureLib_0752;;0,00;79,30;C;;;
BQ;Banque BQ;;20241107;51200000;CompteLib_0033;;;24K33;20241107;EcritureLib_0752;;79,30;0,00;D;;;
BQ;Banque BQ;;20241107;42100000;CompteLib_0012;;;24K34;20241107;EcritureLib_0753;;640,74;0,00;D;;;
BQ;Banque BQ;;20241107;51200000;CompteLib_0033;;;24K34;20241107;EcritureLib_0753;;0,00;640,74;C;;;
BQ;Banque BQ;;20241107;42100000;CompteLib_0012;;;24K35;20241107;EcritureLib_0754;;467,36;0,00;D;;;
BQ;Banque BQ;;20241107;51200000;CompteLib_0033;;;24K35;20241107;EcritureLib_0754;;0,00;467,36;C;;;
BQ;Banque BQ;;20241107;42100000;CompteLib_0012;;;24K36;20241107;EcritureLib_0755;;482,55;0,00;D;;;
BQ;Banque BQ;;20241107;51200000;CompteLib_0033;;;24K36;20241107;EcritureLib_0755;;0,00;482,55;C;;;
BQ;Banque BQ;;20241108;51140000;CompteLib_0044;;;24K38;20241108;EcritureLib_0756;;0,00;21,85;C;;;
BQ;Banque BQ;;20241108;51200000;CompteLib_0033;;;24K38;20241108;EcritureLib_0756;;21,85;0,00;D;;;
BQ;Banque BQ;;20241108;51140000;CompteLib_0044;;;24K39;20241108;EcritureLib_0757;;0,00;47,02;C;;;
BQ;Banque BQ;;20241108;51200000;CompteLib_0033;;;24K39;20241108;EcritureLib_0757;;47,02;0,00;D;;;
BQ;Banque BQ;;20241108;51100000;CompteLib_0032;;;24K40;20241108;EcritureLib_0758;;0,00;248,60;C;;;
BQ;Banque BQ;;20241108;51200000;CompteLib_0033;;;24K40;20241108;EcritureLib_0758;;248,60;0,00;D;;;
BQ;Banque BQ;;20241108;51100000;CompteLib_0032;;;24K41;20241108;EcritureLib_0759;;0,00;18,80;C;;;
BQ;Banque BQ;;20241108;51200000;CompteLib_0033;;;24K41;20241108;EcritureLib_0759;;18,80;0,00;D;;;
BQ;Banque BQ;;20241109;51100000;CompteLib_0032;;;24K42;20241109;EcritureLib_0760;;0,00;741,50;C;;;
BQ;Banque BQ;;20241109;51200000;CompteLib_0033;;;24K42;20241109;EcritureLib_0760;;741,50;0,00;D;;;
BQ;Banque BQ;;20241109;51100000;CompteLib_0032;;;24K43;20241109;EcritureLib_0761;;0,00;194,40;C;;;
BQ;Banque BQ;;20241109;51200000;CompteLib_0033;;;24K43;20241109;EcritureLib_0761;;194,40;0,00;D;;;
BQ;Banque BQ;;20241110;51100000;CompteLib_0032;;;24K44;20241110;EcritureLib_0762;;0,00;483,30;C;;;
BQ;Banque BQ;;20241110;51200000;CompteLib_0033;;;24K44;20241110;EcritureLib_0762;;483,30;0,00;D;;;
BQ;Banque BQ;;20241110;51100000;CompteLib_0032;;;24K45;20241110;EcritureLib_0763;;0,00;85,30;C;;;
BQ;Banque BQ;;20241110;51200000;CompteLib_0033;;;24K45;20241110;EcritureLib_0763;;85,30;0,00;D;;;
BQ;Banque BQ;;20241110;16400000;CompteLib_0005;;;24K46;20241110;EcritureLib_0764;;6,31;0,00;D;;;
BQ;Banque BQ;;20241110;51200000;CompteLib_0033;;;24K46;20241110;EcritureLib_0764;;0,00;6,31;C;;;
BQ;Banque BQ;;20241110;16400000;CompteLib_0005;;;24K47;20241110;EcritureLib_0765;;698,29;0,00;D;;;
BQ;Banque BQ;;20241110;51200000;CompteLib_0033;;;24K47;20241110;EcritureLib_0765;;0,00;698,29;C;;;
BQ;Banque BQ;;20241111;40100000;CompteLib_0011;FJDC;JDC;24K48;20241111;EcritureLib_0766;;142,74;0,00;D;;;
BQ;Banque BQ;;20241111;51200000;CompteLib_0033;;;24K48;20241111;EcritureLib_0766;;0,00;142,74;C;;;
BQ;Banque BQ;;20241111;51100000;CompteLib_0032;;;24K49;20241111;EcritureLib_0767;;0,00;592,30;C;;;
BQ;Banque BQ;;20241111;51200000;CompteLib_0033;;;24K49;20241111;EcritureLib_0767;;592,30;0,00;D;;;
BQ;Banque BQ;;20241111;51100000;CompteLib_0032;;;24K50;20241111;EcritureLib_0768;;0,00;39,90;C;;;
BQ;Banque BQ;;20241111;51200000;CompteLib_0033;;;24K50;20241111;EcritureLib_0768;;39,90;0,00;D;;;
BQ;Banque BQ;;20241112;40100000;CompteLib_0011;FCARREFOUR;CARREFOUR;24K51;20241112;EcritureLib_0626;;73,27;0,00;D;;;
BQ;Banque BQ;;20241112;51200000;CompteLib_0033;;;24K51;20241112;EcritureLib_0626;;0,00;73,27;C;;;
BQ;Banque BQ;;20241112;40100000;CompteLib_0011;FCARBURANT;CARBURANT;24K52;20241112;EcritureLib_0769;;89,00;0,00;D;;;
BQ;Banque BQ;;20241112;51200000;CompteLib_0033;;;24K52;20241112;EcritureLib_0769;;0,00;89,00;C;;;
BQ;Banque BQ;;20241112;40100000;CompteLib_0011;FCARREFOUR;CARREFOUR;24K53;20241112;EcritureLib_0626;;30,02;0,00;D;;;
BQ;Banque BQ;;20241112;51200000;CompteLib_0033;;;24K53;20241112;EcritureLib_0626;;0,00;30,02;C;;;
BQ;Banque BQ;;20241112;40100000;CompteLib_0011;FFLEURS;FLEURS;24K54;20241112;EcritureLib_0770;;180,00;0,00;D;;;
BQ;Banque BQ;;20241112;51200000;CompteLib_0033;;;24K54;20241112;EcritureLib_0770;;0,00;180,00;C;;;
BQ;Banque BQ;;20241112;40100000;CompteLib_0011;FSPUNTINI;SPUNTINI FOOD'S;24K55;20241112;EcritureLib_0771;;711,71;0,00;D;;DJ;20251119
BQ;Banque BQ;;20241112;51200000;CompteLib_0033;;;24K55;20241112;EcritureLib_0771;;0,00;711,71;C;;;
BQ;Banque BQ;;20241112;62700000;CompteLib_0045;;;24K56;20241112;EcritureLib_0092;;28,08;0,00;D;;;
BQ;Banque BQ;;20241112;44566100;CompteLib_0025;;;24K56;20241112;EcritureLib_0092;;5,62;0,00;D;;;
BQ;Banque BQ;;20241112;51200000;CompteLib_0033;;;24K56;20241112;EcritureLib_0092;;0,00;33,70;C;;;
BQ;Banque BQ;;20241113;40100000;CompteLib_0011;FCARREFOUR;CARREFOUR;24K57;20241113;EcritureLib_0626;;35,82;0,00;D;;;
BQ;Banque BQ;;20241113;51200000;CompteLib_0033;;;24K57;20241113;EcritureLib_0626;;0,00;35,82;C;;;
BQ;Banque BQ;;20241113;51100000;CompteLib_0032;;;24K58;20241113;EcritureLib_0772;;0,00;101,10;C;;;
BQ;Banque BQ;;20241113;51200000;CompteLib_0033;;;24K58;20241113;EcritureLib_0772;;101,10;0,00;D;;;
BQ;Banque BQ;;20241113;51100000;CompteLib_0032;;;24K59;20241113;EcritureLib_0773;;0,00;14,10;C;;;
BQ;Banque BQ;;20241113;51200000;CompteLib_0033;;;24K59;20241113;EcritureLib_0773;;14,10;0,00;D;;;
BQ;Banque BQ;;20241113;40100000;CompteLib_0011;FNOYEZ;NOYEZ;24K60;20241113;EcritureLib_0774;;254,96;0,00;D;;;
BQ;Banque BQ;;20241113;51200000;CompteLib_0033;;;24K60;20241113;EcritureLib_0774;;0,00;254,96;C;;;
BQ;Banque BQ;;20241113;51140000;CompteLib_0044;;;24K61;20241113;EcritureLib_0775;;0,00;45,70;C;;;
BQ;Banque BQ;;20241113;51200000;CompteLib_0033;;;24K61;20241113;EcritureLib_0775;;45,70;0,00;D;;;
BQ;Banque BQ;;20241114;43100000;CompteLib_0015;;;24K62;20241114;EcritureLib_0776;;13249,00;0,00;D;;;
BQ;Banque BQ;;20241114;51200000;CompteLib_0033;;;24K62;20241114;EcritureLib_0776;;0,00;13249,00;C;;;
BQ;Banque BQ;;20241114;51140000;CompteLib_0044;;;24K63;20241114;EcritureLib_0777;;0,00;51,12;C;;;
BQ;Banque BQ;;20241114;51200000;CompteLib_0033;;;24K63;20241114;EcritureLib_0777;;51,12;0,00;D;;;
BQ;Banque BQ;;20241114;40100000;CompteLib_0011;FCARREFOUR;CARREFOUR;24K64;20241114;EcritureLib_0626;;18,38;0,00;D;;;
BQ;Banque BQ;;20241114;51200000;CompteLib_0033;;;24K64;20241114;EcritureLib_0626;;0,00;18,38;C;;;
BQ;Banque BQ;;20241114;51100000;CompteLib_0032;;;24K65;20241114;EcritureLib_0778;;0,00;205,20;C;;;
BQ;Banque BQ;;20241114;51200000;CompteLib_0033;;;24K65;20241114;EcritureLib_0778;;205,20;0,00;D;;;
BQ;Banque BQ;;20241114;51100000;CompteLib_0032;;;24K66;20241114;EcritureLib_0779;;0,00;12,60;C;;;
BQ;Banque BQ;;20241114;51200000;CompteLib_0033;;;24K66;20241114;EcritureLib_0779;;12,60;0,00;D;;;
BQ;Banque BQ;;20241115;51140000;CompteLib_0044;;;24K68;20241115;EcritureLib_0780;;0,00;79,29;C;;;
BQ;Banque BQ;;20241115;51200000;CompteLib_0033;;;24K68;20241115;EcritureLib_0780;;79,29;0,00;D;;;
BQ;Banque BQ;;20241115;51140000;CompteLib_0044;;;24K69;20241115;EcritureLib_0781;;0,00;7,49;C;;;
BQ;Banque BQ;;20241115;51200000;CompteLib_0033;;;24K69;20241115;EcritureLib_0781;;7,49;0,00;D;;;
BQ;Banque BQ;;20241115;51100000;CompteLib_0032;;;24K70;20241115;EcritureLib_0782;;0,00;189,40;C;;;
BQ;Banque BQ;;20241115;51200000;CompteLib_0033;;;24K70;20241115;EcritureLib_0782;;189,40;0,00;D;;;
BQ;Banque BQ;;20241115;40100000;CompteLib_0011;FSPUNTINI;SPUNTINI FOOD'S;24K71;20241115;EcritureLib_0783;;756,47;0,00;D;;DL;20251119
BQ;Banque BQ;;20241115;51200000;CompteLib_0033;;;24K71;20241115;EcritureLib_0783;;0,00;756,47;C;;;
BQ;Banque BQ;;20241115;43100000;CompteLib_0015;;;24K72;20241115;EcritureLib_0748;;0,00;13249,00;C;;;
BQ;Banque BQ;;20241115;51200000;CompteLib_0033;;;24K72;20241115;EcritureLib_0748;;13249,00;0,00;D;;;
BQ;Banque BQ;;20241116;51100000;CompteLib_0032;;;24K73;20241116;EcritureLib_0784;;0,00;833,80;C;;;
BQ;Banque BQ;;20241116;51200000;CompteLib_0033;;;24K73;20241116;EcritureLib_0784;;833,80;0,00;D;;;
BQ;Banque BQ;;20241117;51100000;CompteLib_0032;;;24K74;20241117;EcritureLib_0785;;0,00;627,40;C;;;
BQ;Banque BQ;;20241117;51200000;CompteLib_0033;;;24K74;20241117;EcritureLib_0785;;627,40;0,00;D;;;
BQ;Banque BQ;;20241117;51100000;CompteLib_0032;;;24K75;20241117;EcritureLib_0786;;0,00;56,20;C;;;
BQ;Banque BQ;;20241117;51200000;CompteLib_0033;;;24K75;20241117;EcritureLib_0786;;56,20;0,00;D;;;
BQ;Banque BQ;;20241118;47100000;CompteLib_0043;;;24K76;20241118;EcritureLib_0787;;593,00;0,00;D;;;
BQ;Banque BQ;;20241118;51200000;CompteLib_0033;;;24K76;20241118;EcritureLib_0787;;0,00;593,00;C;;;
BQ;Banque BQ;;20241118;51140000;CompteLib_0044;;;24K77;20241118;EcritureLib_0788;;0,00;39,29;C;;;
BQ;Banque BQ;;20241118;51200000;CompteLib_0033;;;24K77;20241118;EcritureLib_0788;;39,29;0,00;D;;;
BQ;Banque BQ;;20241118;51100000;CompteLib_0032;;;24K78;20241118;EcritureLib_0789;;0,00;563,00;C;;;
BQ;Banque BQ;;20241118;51200000;CompteLib_0033;;;24K78;20241118;EcritureLib_0789;;563,00;0,00;D;;;
BQ;Banque BQ;;20241118;51100000;CompteLib_0032;;;24K79;20241118;EcritureLib_0790;;0,00;92,90;C;;;
BQ;Banque BQ;;20241118;51200000;CompteLib_0033;;;24K79;20241118;EcritureLib_0790;;92,90;0,00;D;;;
BQ;Banque BQ;;20241118;40100000;CompteLib_0011;FCARREFOUR;CARREFOUR;24K80;20241118;EcritureLib_0626;;46,58;0,00;D;;;
BQ;Banque BQ;;20241118;51200000;CompteLib_0033;;;24K80;20241118;EcritureLib_0626;;0,00;46,58;C;;;
BQ;Banque BQ;;20241118;40100000;CompteLib_0011;FCARREFOUR;CARREFOUR;24K81;20241118;EcritureLib_0626;;69,31;0,00;D;;;
BQ;Banque BQ;;20241118;51200000;CompteLib_0033;;;24K81;20241118;EcritureLib_0626;;0,00;69,31;C;;;
BQ;Banque BQ;;20241119;40100000;CompteLib_0011;FSWILE;SWILE;24K82;20241119;EcritureLib_0791;;5,57;0,00;D;;;
BQ;Banque BQ;;20241119;51200000;CompteLib_0033;;;24K82;20241119;EcritureLib_0791;;0,00;5,57;C;;;
BQ;Banque BQ;;20241119;40100000;CompteLib_0011;FPROMOCASH;PROMOCASH;24K83;20241119;EcritureLib_0792;;75,83;0,00;D;;;
BQ;Banque BQ;;20241119;51200000;CompteLib_0033;;;24K83;20241119;EcritureLib_0792;;0,00;75,83;C;;;
BQ;Banque BQ;;20241120;51140000;CompteLib_0044;;;24K84;20241120;EcritureLib_0793;;0,00;22,18;C;;;
BQ;Banque BQ;;20241120;51200000;CompteLib_0033;;;24K84;20241120;EcritureLib_0793;;22,18;0,00;D;;;
BQ;Banque BQ;;20241120;51100000;CompteLib_0032;;;24K85;20241120;EcritureLib_0794;;0,00;145,90;C;;;
BQ;Banque BQ;;20241120;51200000;CompteLib_0033;;;24K85;20241120;EcritureLib_0794;;145,90;0,00;D;;;
BQ;Banque BQ;;20241120;51100000;CompteLib_0032;;;24K86;20241120;EcritureLib_0795;;0,00;18,20;C;;;
BQ;Banque BQ;;20241120;51200000;CompteLib_0033;;;24K86;20241120;EcritureLib_0795;;18,20;0,00;D;;;
BQ;Banque BQ;;20241120;70190000;CompteLib_0053;;;24K87;20241120;EcritureLib_0796;;0,00;56,00;C;;;
BQ;Banque BQ;;20241120;51200000;CompteLib_0033;;;24K87;20241120;EcritureLib_0796;;56,00;0,00;D;;;
BQ;Banque BQ;;20241121;51140000;CompteLib_0044;;;24K88;20241121;EcritureLib_0797;;0,00;78,59;C;;;
BQ;Banque BQ;;20241121;51200000;CompteLib_0033;;;24K88;20241121;EcritureLib_0797;;78,59;0,00;D;;;
BQ;Banque BQ;;20241121;51140000;CompteLib_0044;;;24K89;20241121;EcritureLib_0798;;0,00;30,17;C;;;
BQ;Banque BQ;;20241121;51200000;CompteLib_0033;;;24K89;20241121;EcritureLib_0798;;30,17;0,00;D;;;
BQ;Banque BQ;;20241121;40100000;CompteLib_0011;FCARREFOUR;CARREFOUR;24K90;20241121;EcritureLib_0626;;50,26;0,00;D;;;
BQ;Banque BQ;;20241121;51200000;CompteLib_0033;;;24K90;20241121;EcritureLib_0626;;0,00;50,26;C;;;
BQ;Banque BQ;;20241121;51100000;CompteLib_0032;;;24K91;20241121;EcritureLib_0799;;0,00;205,20;C;;;
BQ;Banque BQ;;20241121;51200000;CompteLib_0033;;;24K91;20241121;EcritureLib_0799;;205,20;0,00;D;;;
BQ;Banque BQ;;20241121;51100000;CompteLib_0032;;;24K92;20241121;EcritureLib_0800;;0,00;37,00;C;;;
BQ;Banque BQ;;20241121;51200000;CompteLib_0033;;;24K92;20241121;EcritureLib_0800;;37,00;0,00;D;;;
BQ;Banque BQ;;20241122;62700000;CompteLib_0045;;;24K95;20241122;EcritureLib_0801;;2,52;0,00;D;;;
BQ;Banque BQ;;20241122;44566100;CompteLib_0025;;;24K95;20241122;EcritureLib_0801;;0,51;0,00;D;;;
BQ;Banque BQ;;20241122;51200000;CompteLib_0033;;;24K95;20241122;EcritureLib_0801;;0,00;3,03;C;;;
BQ;Banque BQ;;20241122;16400000;CompteLib_0005;;;24K96;20241122;EcritureLib_0802;;1,64;0,00;D;;;
BQ;Banque BQ;;20241122;51200000;CompteLib_0033;;;24K96;20241122;EcritureLib_0802;;0,00;1,64;C;;;
BQ;Banque BQ;;20241122;16400000;CompteLib_0005;;;24K97;20241122;EcritureLib_0803;;201,12;0,00;D;;;
BQ;Banque BQ;;20241122;51200000;CompteLib_0033;;;24K97;20241122;EcritureLib_0803;;0,00;201,12;C;;;
BQ;Banque BQ;;20241122;40100000;CompteLib_0011;FCARREFOUR;CARREFOUR;24K98;20241122;EcritureLib_0626;;81,11;0,00;D;;;
BQ;Banque BQ;;20241122;51200000;CompteLib_0033;;;24K98;20241122;EcritureLib_0626;;0,00;81,11;C;;;
BQ;Banque BQ;;20241122;51100000;CompteLib_0032;;;24K99;20241122;EcritureLib_0804;;0,00;284,10;C;;;
BQ;Banque BQ;;20241122;51200000;CompteLib_0033;;;24K99;20241122;EcritureLib_0804;;284,10;0,00;D;;;
BQ;Banque BQ;;20241122;51100000;CompteLib_0032;;;24K100;20241122;EcritureLib_0805;;0,00;22,30;C;;;
BQ;Banque BQ;;20241122;51200000;CompteLib_0033;;;24K100;20241122;EcritureLib_0805;;22,30;0,00;D;;;
BQ;Banque BQ;;20241122;40100000;CompteLib_0011;FSPUNTINI;SPUNTINI FOOD'S;24K101;20241122;EcritureLib_0806;;716,38;0,00;D;;DK;20251119
BQ;Banque BQ;;20241122;51200000;CompteLib_0033;;;24K101;20241122;EcritureLib_0806;;0,00;716,38;C;;;
BQ;Banque BQ;;20241123;51100000;CompteLib_0032;;;24K102;20241123;EcritureLib_0807;;0,00;938,60;C;;;
BQ;Banque BQ;;20241123;51200000;CompteLib_0033;;;24K102;20241123;EcritureLib_0807;;938,60;0,00;D;;;
BQ;Banque BQ;;20241123;51100000;CompteLib_0032;;;24K103;20241123;EcritureLib_0808;;0,00;3,70;C;;;
BQ;Banque BQ;;20241123;51200000;CompteLib_0033;;;24K103;20241123;EcritureLib_0808;;3,70;0,00;D;;;
BQ;Banque BQ;;20241124;51100000;CompteLib_0032;;;24K104;20241124;EcritureLib_0809;;0,00;532,80;C;;;
BQ;Banque BQ;;20241124;51200000;CompteLib_0033;;;24K104;20241124;EcritureLib_0809;;532,80;0,00;D;;;
BQ;Banque BQ;;20241124;51100000;CompteLib_0032;;;24K105;20241124;EcritureLib_0810;;0,00;117,10;C;;;
BQ;Banque BQ;;20241124;51200000;CompteLib_0033;;;24K105;20241124;EcritureLib_0810;;117,10;0,00;D;;;
BQ;Banque BQ;;20241125;43703000;CompteLib_0017;;;24K106;20241125;EcritureLib_0811;;125,83;0,00;D;;;
BQ;Banque BQ;;20241125;51200000;CompteLib_0033;;;24K106;20241125;EcritureLib_0811;;0,00;125,83;C;;;
BQ;Banque BQ;;20241125;51100000;CompteLib_0032;;;24K107;20241125;EcritureLib_0812;;0,00;479,40;C;;;
BQ;Banque BQ;;20241125;51200000;CompteLib_0033;;;24K107;20241125;EcritureLib_0812;;479,40;0,00;D;;;
BQ;Banque BQ;;20241125;51100000;CompteLib_0032;;;24K108;20241125;EcritureLib_0813;;0,00;36,50;C;;;
BQ;Banque BQ;;20241125;51200000;CompteLib_0033;;;24K108;20241125;EcritureLib_0813;;36,50;0,00;D;;;
BQ;Banque BQ;;20241125;60640000;CompteLib_0054;;;24K109;20241125;EcritureLib_0814;;270,00;0,00;D;;;
BQ;Banque BQ;;20241125;51200000;CompteLib_0033;;;24K109;20241125;EcritureLib_0814;;0,00;270,00;C;;;
BQ;Banque BQ;;20241125;40100000;CompteLib_0011;FCARREFOUR;CARREFOUR;24K110;20241125;EcritureLib_0626;;41,95;0,00;D;;;
BQ;Banque BQ;;20241125;51200000;CompteLib_0033;;;24K110;20241125;EcritureLib_0626;;0,00;41,95;C;;;
BQ;Banque BQ;;20241125;40100000;CompteLib_0011;FCARREFOUR;CARREFOUR;24K111;20241125;EcritureLib_0626;;33,84;0,00;D;;;
BQ;Banque BQ;;20241125;51200000;CompteLib_0033;;;24K111;20241125;EcritureLib_0626;;0,00;33,84;C;;;
BQ;Banque BQ;;20241125;62700000;CompteLib_0045;;;24K112;20241125;EcritureLib_0815;;5,81;0,00;D;;;
BQ;Banque BQ;;20241125;44566100;CompteLib_0025;;;24K112;20241125;EcritureLib_0815;;1,16;0,00;D;;;
BQ;Banque BQ;;20241125;51200000;CompteLib_0033;;;24K112;20241125;EcritureLib_0815;;0,00;6,97;C;;;
BQ;Banque BQ;;20241126;44551000;CompteLib_0024;;;24K113;20241126;EcritureLib_0816;;1100,00;0,00;D;;H;20241223
BQ;Banque BQ;;20241126;51200000;CompteLib_0033;;;24K113;20241126;EcritureLib_0816;;0,00;1100,00;C;;;
BQ;Banque BQ;;20241126;40100000;CompteLib_0011;FSTC;STC;24K114;20241126;EcritureLib_0817;;253,20;0,00;D;;;
BQ;Banque BQ;;20241126;51200000;CompteLib_0033;;;24K114;20241126;EcritureLib_0817;;0,00;253,20;C;;;
BQ;Banque BQ;;20241126;40100000;CompteLib_0011;FSTC;STC;24K115;20241126;EcritureLib_0817;;70,20;0,00;D;;R;20241130
BQ;Banque BQ;;20241126;51200000;CompteLib_0033;;;24K115;20241126;EcritureLib_0817;;0,00;70,20;C;;;
BQ;Banque BQ;;20241126;40100000;CompteLib_0011;FNOYEZ;NOYEZ;24K116;20241126;EcritureLib_0818;;233,63;0,00;D;;AC;20250709
BQ;Banque BQ;;20241126;51200000;CompteLib_0033;;;24K116;20241126;EcritureLib_0818;;0,00;233,63;C;;;
BQ;Banque BQ;;20241127;51140000;CompteLib_0044;;;24K118;20241127;EcritureLib_0819;;0,00;10,94;C;;;
BQ;Banque BQ;;20241127;51200000;CompteLib_0033;;;24K118;20241127;EcritureLib_0819;;10,94;0,00;D;;;
BQ;Banque BQ;;20241127;40100000;CompteLib_0011;FCARREFOUR;CARREFOUR;24K119;20241127;EcritureLib_0626;;29,19;0,00;D;;;
BQ;Banque BQ;;20241127;51200000;CompteLib_0033;;;24K119;20241127;EcritureLib_0626;;0,00;29,19;C;;;
BQ;Banque BQ;;20241127;51100000;CompteLib_0032;;;24K120;20241127;EcritureLib_0820;;0,00;164,80;C;;;
BQ;Banque BQ;;20241127;51200000;CompteLib_0033;;;24K120;20241127;EcritureLib_0820;;164,80;0,00;D;;;
BQ;Banque BQ;;20241127;51100000;CompteLib_0032;;;24K121;20241127;EcritureLib_0821;;0,00;2,70;C;;;
BQ;Banque BQ;;20241127;51200000;CompteLib_0033;;;24K121;20241127;EcritureLib_0821;;2,70;0,00;D;;;
BQ;Banque BQ;;20241128;51140000;CompteLib_0044;;;24K122;20241128;EcritureLib_0822;;0,00;64,67;C;;;
BQ;Banque BQ;;20241128;51200000;CompteLib_0033;;;24K122;20241128;EcritureLib_0822;;64,67;0,00;D;;;
BQ;Banque BQ;;20241128;51140000;CompteLib_0044;;;24K123;20241128;EcritureLib_0823;;0,00;43,02;C;;;
BQ;Banque BQ;;20241128;51200000;CompteLib_0033;;;24K123;20241128;EcritureLib_0823;;43,02;0,00;D;;;
BQ;Banque BQ;;20241128;40100000;CompteLib_0011;FCARBURANT;CARBURANT;24K124;20241128;EcritureLib_0690;;87,01;0,00;D;;;
BQ;Banque BQ;;20241128;51200000;CompteLib_0033;;;24K124;20241128;EcritureLib_0690;;0,00;87,01;C;;;
BQ;Banque BQ;;20241128;40100000;CompteLib_0011;FCARREFOUR;CARREFOUR;24K125;20241128;EcritureLib_0626;;32,81;0,00;D;;;
BQ;Banque BQ;;20241128;51200000;CompteLib_0033;;;24K125;20241128;EcritureLib_0626;;0,00;32,81;C;;;
BQ;Banque BQ;;20241128;51100000;CompteLib_0032;;;24K126;20241128;EcritureLib_0824;;0,00;153,20;C;;;
BQ;Banque BQ;;20241128;51200000;CompteLib_0033;;;24K126;20241128;EcritureLib_0824;;153,20;0,00;D;;;
BQ;Banque BQ;;20241128;51100000;CompteLib_0032;;;24K127;20241128;EcritureLib_0825;;0,00;32,30;C;;;
BQ;Banque BQ;;20241128;51200000;CompteLib_0033;;;24K127;20241128;EcritureLib_0825;;32,30;0,00;D;;;
BQ;Banque BQ;;20241129;40100000;CompteLib_0011;FORANGE;ORANGE;24K129;20241129;EcritureLib_0826;;60,00;0,00;D;;;
BQ;Banque BQ;;20241129;51200000;CompteLib_0033;;;24K129;20241129;EcritureLib_0826;;0,00;60,00;C;;;
BQ;Banque BQ;;20241129;40100000;CompteLib_0011;FCARREFOUR;CARREFOUR;24K130;20241129;EcritureLib_0626;;70,29;0,00;D;;;
BQ;Banque BQ;;20241129;51200000;CompteLib_0033;;;24K130;20241129;EcritureLib_0626;;0,00;70,29;C;;;
BQ;Banque BQ;;20241129;51100000;CompteLib_0032;;;24K131;20241129;EcritureLib_0827;;0,00;173,50;C;;;
BQ;Banque BQ;;20241129;51200000;CompteLib_0033;;;24K131;20241129;EcritureLib_0827;;173,50;0,00;D;;;
BQ;Banque BQ;;20241129;51100000;CompteLib_0032;;;24K132;20241129;EcritureLib_0828;;0,00;41,00;C;;;
BQ;Banque BQ;;20241129;51200000;CompteLib_0033;;;24K132;20241129;EcritureLib_0828;;41,00;0,00;D;;;
BQ;Banque BQ;;20241130;51100000;CompteLib_0032;;;24K133;20241130;EcritureLib_0829;;0,00;597,50;C;;;
BQ;Banque BQ;;20241130;51200000;CompteLib_0033;;;24K133;20241130;EcritureLib_0829;;597,50;0,00;D;;;
BQ;Banque BQ;;20241130;51100000;CompteLib_0032;;;24K134;20241130;EcritureLib_0830;;0,00;240,80;C;;;
BQ;Banque BQ;;20241130;51200000;CompteLib_0033;;;24K134;20241130;EcritureLib_0830;;240,80;0,00;D;;;
BQ;Banque BQ;;20241201;51100000;CompteLib_0032;;;24L1;20241201;EcritureLib_0831;;0,00;462,30;C;;;
BQ;Banque BQ;;20241201;51200000;CompteLib_0033;;;24L1;20241201;EcritureLib_0831;;462,30;0,00;D;;;
BQ;Banque BQ;;20241201;51100000;CompteLib_0032;;;24L2;20241201;EcritureLib_0832;;0,00;11,80;C;;;
BQ;Banque BQ;;20241201;51200000;CompteLib_0033;;;24L2;20241201;EcritureLib_0832;;11,80;0,00;D;;;
BQ;Banque BQ;;20241202;47100000;CompteLib_0043;;;24L3;20241202;EcritureLib_0833;;1033,02;0,00;D;;;
BQ;Banque BQ;;20241202;51200000;CompteLib_0033;;;24L3;20241202;EcritureLib_0833;;0,00;1033,02;C;;;
BQ;Banque BQ;;20241202;61600000;CompteLib_0042;;;24L4;20241202;EcritureLib_0834;;108,45;0,00;D;;;
BQ;Banque BQ;;20241202;51200000;CompteLib_0033;;;24L4;20241202;EcritureLib_0834;;0,00;108,45;C;;;
BQ;Banque BQ;;20241202;51100000;CompteLib_0032;;;24L5;20241202;EcritureLib_0835;;0,00;506,55;C;;;
BQ;Banque BQ;;20241202;51200000;CompteLib_0033;;;24L5;20241202;EcritureLib_0835;;506,55;0,00;D;;;
BQ;Banque BQ;;20241202;51100000;CompteLib_0032;;;24L6;20241202;EcritureLib_0836;;0,00;38,30;C;;;
BQ;Banque BQ;;20241202;51200000;CompteLib_0033;;;24L6;20241202;EcritureLib_0836;;38,30;0,00;D;;;
BQ;Banque BQ;;20241202;40100000;CompteLib_0011;FCARREFOUR;CARREFOUR;24L7;20241202;EcritureLib_0626;;48,78;0,00;D;;;
BQ;Banque BQ;;20241202;51200000;CompteLib_0033;;;24L7;20241202;EcritureLib_0626;;0,00;48,78;C;;;
BQ;Banque BQ;;20241202;40100000;CompteLib_0011;FCARREFOUR;CARREFOUR;24L8;20241202;EcritureLib_0626;;43,98;0,00;D;;;
BQ;Banque BQ;;20241202;51200000;CompteLib_0033;;;24L8;20241202;EcritureLib_0626;;0,00;43,98;C;;;
BQ;Banque BQ;;20241203;40100000;CompteLib_0011;FSWILE;SWILE;24L9;20241203;EcritureLib_0837;;8,51;0,00;D;;;
BQ;Banque BQ;;20241203;51200000;CompteLib_0033;;;24L9;20241203;EcritureLib_0837;;0,00;8,51;C;;;
BQ;Banque BQ;;20241203;51140000;CompteLib_0044;;;24L10;20241203;EcritureLib_0838;;0,00;50,51;C;;;
BQ;Banque BQ;;20241203;51200000;CompteLib_0033;;;24L10;20241203;EcritureLib_0838;;50,51;0,00;D;;;
BQ;Banque BQ;;20241203;47100000;CompteLib_0043;;;24L11;20241203;EcritureLib_0839;;93,68;0,00;D;;;
BQ;Banque BQ;;20241203;51200000;CompteLib_0033;;;24L11;20241203;EcritureLib_0839;;0,00;93,68;C;;;
BQ;Banque BQ;;20241203;61600000;CompteLib_0042;;;24L12;20241203;EcritureLib_0840;;24,08;0,00;D;;;
BQ;Banque BQ;;20241203;51200000;CompteLib_0033;;;24L12;20241203;EcritureLib_0840;;0,00;24,08;C;;;
BQ;Banque BQ;;20241204;60612000;CompteLib_0041;;;24L13;20241204;EcritureLib_0067;;0,00;130,00;C;;;
BQ;Banque BQ;;20241204;51200000;CompteLib_0033;;;24L13;20241204;EcritureLib_0067;;130,00;0,00;D;;;
BQ;Banque BQ;;20241204;51100000;CompteLib_0032;;;24L14;20241204;EcritureLib_0841;;0,00;343,70;C;;;
BQ;Banque BQ;;20241204;51200000;CompteLib_0033;;;24L14;20241204;EcritureLib_0841;;343,70;0,00;D;;;
BQ;Banque BQ;;20241204;47100000;CompteLib_0043;;;24L15;20241204;EcritureLib_0842;;682,04;0,00;D;;;
BQ;Banque BQ;;20241204;51200000;CompteLib_0033;;;24L15;20241204;EcritureLib_0842;;0,00;682,04;C;;;
BQ;Banque BQ;;20241204;40100000;CompteLib_0011;FLOTQU;LOT QUALITE;24L16;20241204;EcritureLib_0843;;1253,34;0,00;D;;;
BQ;Banque BQ;;20241204;51200000;CompteLib_0033;;;24L16;20241204;EcritureLib_0843;;0,00;1253,34;C;;;
BQ;Banque BQ;;20241204;47100000;CompteLib_0043;;;24L17;20241204;EcritureLib_0844;;0,00;3080,00;C;;;
BQ;Banque BQ;;20241204;51200000;CompteLib_0033;;;24L17;20241204;EcritureLib_0844;;3080,00;0,00;D;;;
BQ;Banque BQ;;20241205;61600000;CompteLib_0042;;;24L18;20241205;EcritureLib_0845;;76,14;0,00;D;;;
BQ;Banque BQ;;20241205;51200000;CompteLib_0033;;;24L18;20241205;EcritureLib_0845;;0,00;76,14;C;;;
BQ;Banque BQ;;20241205;47100000;CompteLib_0043;;;24L19;20241205;EcritureLib_0846;;26372,00;0,00;D;;;
BQ;Banque BQ;;20241205;51200000;CompteLib_0033;;;24L19;20241205;EcritureLib_0846;;0,00;26372,00;C;;;
BQ;Banque BQ;;20241205;62700000;CompteLib_0045;;;24L20;20241205;EcritureLib_0847;;56,13;0,00;D;;;
BQ;Banque BQ;;20241205;44566100;CompteLib_0025;;;24L20;20241205;EcritureLib_0847;;11,23;0,00;D;;;
BQ;Banque BQ;;20241205;51200000;CompteLib_0033;;;24L20;20241205;EcritureLib_0847;;0,00;67,36;C;;;
BQ;Banque BQ;;20241205;61321000;CompteLib_0046;;;24L21;20241205;EcritureLib_0074;;1000,00;0,00;D;;;
BQ;Banque BQ;;20241205;44566100;CompteLib_0025;;;24L21;20241205;EcritureLib_0074;;200,00;0,00;D;;;
BQ;Banque BQ;;20241205;51200000;CompteLib_0033;;;24L21;20241205;EcritureLib_0074;;0,00;1200,00;C;;;
BQ;Banque BQ;;20241205;40100000;CompteLib_0011;FCARREFOUR;CARREFOUR;24L22;20241205;EcritureLib_0626;;31,63;0,00;D;;;
BQ;Banque BQ;;20241205;51200000;CompteLib_0033;;;24L22;20241205;EcritureLib_0626;;0,00;31,63;C;;;
BQ;Banque BQ;;20241205;51100000;CompteLib_0032;;;24L23;20241205;EcritureLib_0848;;0,00;214,70;C;;;
BQ;Banque BQ;;20241205;51200000;CompteLib_0033;;;24L23;20241205;EcritureLib_0848;;214,70;0,00;D;;;
BQ;Banque BQ;;20241205;51100000;CompteLib_0032;;;24L24;20241205;EcritureLib_0849;;0,00;15,40;C;;;
BQ;Banque BQ;;20241205;51200000;CompteLib_0033;;;24L24;20241205;EcritureLib_0849;;15,40;0,00;D;;;
BQ;Banque BQ;;20241206;40100000;CompteLib_0011;FIM2;IM2 MONETIQUE;24L26;20241206;EcritureLib_0850;;27,48;0,00;D;;;
BQ;Banque BQ;;20241206;51200000;CompteLib_0033;;;24L26;20241206;EcritureLib_0850;;0,00;27,48;C;;;
BQ;Banque BQ;;20241206;51140000;CompteLib_0044;;;24L27;20241206;EcritureLib_0851;;0,00;18,03;C;;;
BQ;Banque BQ;;20241206;51200000;CompteLib_0033;;;24L27;20241206;EcritureLib_0851;;18,03;0,00;D;;;
BQ;Banque BQ;;20241206;40100000;CompteLib_0011;FCARREFOUR;CARREFOUR;24L28;20241206;EcritureLib_0626;;63,40;0,00;D;;;
BQ;Banque BQ;;20241206;51200000;CompteLib_0033;;;24L28;20241206;EcritureLib_0626;;0,00;63,40;C;;;
BQ;Banque BQ;;20241206;47100000;CompteLib_0043;;;24L29;20241206;EcritureLib_0852;;29,99;0,00;D;;;
BQ;Banque BQ;;20241206;51200000;CompteLib_0033;;;24L29;20241206;EcritureLib_0852;;0,00;29,99;C;;;
BQ;Banque BQ;;20241206;51100000;CompteLib_0032;;;24L30;20241206;EcritureLib_0853;;0,00;218,80;C;;;
BQ;Banque BQ;;20241206;51200000;CompteLib_0033;;;24L30;20241206;EcritureLib_0853;;218,80;0,00;D;;;
BQ;Banque BQ;;20241206;51100000;CompteLib_0032;;;24L31;20241206;EcritureLib_0854;;0,00;23,10;C;;;
BQ;Banque BQ;;20241206;51200000;CompteLib_0033;;;24L31;20241206;EcritureLib_0854;;23,10;0,00;D;;;
BQ;Banque BQ;;20241206;40100000;CompteLib_0011;FSPUNTINI;SPUNTINI FOOD'S;24L32;20241206;EcritureLib_0855;;803,33;0,00;D;;DM;20251119
BQ;Banque BQ;;20241206;51200000;CompteLib_0033;;;24L32;20241206;EcritureLib_0855;;0,00;803,33;C;;;
BQ;Banque BQ;;20241206;47100000;CompteLib_0043;;;24L33;20241206;EcritureLib_0748;;0,00;26372,00;C;;;
BQ;Banque BQ;;20241206;51200000;CompteLib_0033;;;24L33;20241206;EcritureLib_0748;;26372,00;0,00;D;;;
BQ;Banque BQ;;20241207;51100000;CompteLib_0032;;;24L34;20241207;EcritureLib_0856;;0,00;744,82;C;;;
BQ;Banque BQ;;20241207;51200000;CompteLib_0033;;;24L34;20241207;EcritureLib_0856;;744,82;0,00;D;;;
BQ;Banque BQ;;20241207;51100000;CompteLib_0032;;;24L35;20241207;EcritureLib_0857;;0,00;49,50;C;;;
BQ;Banque BQ;;20241207;51200000;CompteLib_0033;;;24L35;20241207;EcritureLib_0857;;49,50;0,00;D;;;
BQ;Banque BQ;;20241207;42100000;CompteLib_0012;;;24L36;20241207;EcritureLib_0858;;402,54;0,00;D;;;
BQ;Banque BQ;;20241207;51200000;CompteLib_0033;;;24L36;20241207;EcritureLib_0858;;0,00;402,54;C;;;
BQ;Banque BQ;;20241207;42100000;CompteLib_0012;;;24L37;20241207;EcritureLib_0859;;612,77;0,00;D;;;
BQ;Banque BQ;;20241207;51200000;CompteLib_0033;;;24L37;20241207;EcritureLib_0859;;0,00;612,77;C;;;
BQ;Banque BQ;;20241207;42100000;CompteLib_0012;;;24L38;20241207;EcritureLib_0860;;680,16;0,00;D;;;
BQ;Banque BQ;;20241207;51200000;CompteLib_0033;;;24L38;20241207;EcritureLib_0860;;0,00;680,16;C;;;
BQ;Banque BQ;;20241207;42100000;CompteLib_0012;;;24L39;20241207;EcritureLib_0861;;667,72;0,00;D;;;
BQ;Banque BQ;;20241207;51200000;CompteLib_0033;;;24L39;20241207;EcritureLib_0861;;0,00;667,72;C;;;
BQ;Banque BQ;;20241208;51100000;CompteLib_0032;;;24L40;20241208;EcritureLib_0862;;0,00;522,00;C;;;
BQ;Banque BQ;;20241208;51200000;CompteLib_0033;;;24L40;20241208;EcritureLib_0862;;522,00;0,00;D;;;
BQ;Banque BQ;;20241208;51100000;CompteLib_0032;;;24L41;20241208;EcritureLib_0863;;0,00;105,60;C;;;
BQ;Banque BQ;;20241208;51200000;CompteLib_0033;;;24L41;20241208;EcritureLib_0863;;105,60;0,00;D;;;
BQ;Banque BQ;;20241209;51140000;CompteLib_0044;;;24L42;20241209;EcritureLib_0864;;0,00;19,49;C;;;
BQ;Banque BQ;;20241209;51200000;CompteLib_0033;;;24L42;20241209;EcritureLib_0864;;19,49;0,00;D;;;
BQ;Banque BQ;;20241209;51100000;CompteLib_0032;;;24L43;20241209;EcritureLib_0865;;0,00;599,10;C;;;
BQ;Banque BQ;;20241209;51200000;CompteLib_0033;;;24L43;20241209;EcritureLib_0865;;599,10;0,00;D;;;
BQ;Banque BQ;;20241209;51100000;CompteLib_0032;;;24L44;20241209;EcritureLib_0866;;0,00;45,20;C;;;
BQ;Banque BQ;;20241209;51200000;CompteLib_0033;;;24L44;20241209;EcritureLib_0866;;45,20;0,00;D;;;
BQ;Banque BQ;;20241209;40100000;CompteLib_0011;FCARREFOUR;CARREFOUR;24L45;20241209;EcritureLib_0626;;47,76;0,00;D;;;
BQ;Banque BQ;;20241209;51200000;CompteLib_0033;;;24L45;20241209;EcritureLib_0626;;0,00;47,76;C;;;
BQ;Banque BQ;;20241209;40100000;CompteLib_0011;FCARREFOUR;CARREFOUR;24L46;20241209;EcritureLib_0626;;43,61;0,00;D;;;
BQ;Banque BQ;;20241209;51200000;CompteLib_0033;;;24L46;20241209;EcritureLib_0626;;0,00;43,61;C;;;
BQ;Banque BQ;;20241210;66100000;CompteLib_0055;;;24L47;20241210;EcritureLib_0867;;5,61;0,00;D;;;
BQ;Banque BQ;;20241210;51200000;CompteLib_0033;;;24L47;20241210;EcritureLib_0867;;0,00;5,61;C;;;
BQ;Banque BQ;;20241210;16400000;CompteLib_0005;;;24L48;20241210;EcritureLib_0868;;698,99;0,00;D;;;
BQ;Banque BQ;;20241210;51200000;CompteLib_0033;;;24L48;20241210;EcritureLib_0868;;0,00;698,99;C;;;
BQ;Banque BQ;;20241210;40100000;CompteLib_0011;FJDC;JDC;24L49;20241210;EcritureLib_0869;;142,74;0,00;D;;;
BQ;Banque BQ;;20241210;51200000;CompteLib_0033;;;24L49;20241210;EcritureLib_0869;;0,00;142,74;C;;;
BQ;Banque BQ;;20241210;62700000;CompteLib_0045;;;24L50;20241210;EcritureLib_0092;;23,29;0,00;D;;;
BQ;Banque BQ;;20241210;44566100;CompteLib_0025;;;24L50;20241210;EcritureLib_0092;;4,66;0,00;D;;;
BQ;Banque BQ;;20241210;51200000;CompteLib_0033;;;24L50;20241210;EcritureLib_0092;;0,00;27,95;C;;;
BQ;Banque BQ;;20241211;51140000;CompteLib_0044;;;24L51;20241211;EcritureLib_0870;;0,00;45,88;C;;;
BQ;Banque BQ;;20241211;51200000;CompteLib_0033;;;24L51;20241211;EcritureLib_0870;;45,88;0,00;D;;;
BQ;Banque BQ;;20241211;51140000;CompteLib_0044;;;24L52;20241211;EcritureLib_0871;;0,00;19,15;C;;;
BQ;Banque BQ;;20241211;51200000;CompteLib_0033;;;24L52;20241211;EcritureLib_0871;;19,15;0,00;D;;;
BQ;Banque BQ;;20241211;51100000;CompteLib_0032;;;24L53;20241211;EcritureLib_0872;;0,00;268,20;C;;;
BQ;Banque BQ;;20241211;51200000;CompteLib_0033;;;24L53;20241211;EcritureLib_0872;;268,20;0,00;D;;;
BQ;Banque BQ;;20241211;51100000;CompteLib_0032;;;24L54;20241211;EcritureLib_0873;;0,00;5,80;C;;;
BQ;Banque BQ;;20241211;51200000;CompteLib_0033;;;24L54;20241211;EcritureLib_0873;;5,80;0,00;D;;;
BQ;Banque BQ;;20241212;51140000;CompteLib_0044;;;24L55;20241212;EcritureLib_0874;;0,00;56,82;C;;;
BQ;Banque BQ;;20241212;51200000;CompteLib_0033;;;24L55;20241212;EcritureLib_0874;;56,82;0,00;D;;;
BQ;Banque BQ;;20241212;40100000;CompteLib_0011;FCARREFOUR;CARREFOUR;24L56;20241212;EcritureLib_0626;;45,46;0,00;D;;;
BQ;Banque BQ;;20241212;51200000;CompteLib_0033;;;24L56;20241212;EcritureLib_0626;;0,00;45,46;C;;;
BQ;Banque BQ;;20241212;51100000;CompteLib_0032;;;24L57;20241212;EcritureLib_0875;;0,00;304,30;C;;;
BQ;Banque BQ;;20241212;51200000;CompteLib_0033;;;24L57;20241212;EcritureLib_0875;;304,30;0,00;D;;;
BQ;Banque BQ;;20241212;51100000;CompteLib_0032;;;24L58;20241212;EcritureLib_0876;;0,00;73,20;C;;;
BQ;Banque BQ;;20241212;51200000;CompteLib_0033;;;24L58;20241212;EcritureLib_0876;;73,20;0,00;D;;;
BQ;Banque BQ;;20241213;47100000;CompteLib_0043;;;24L60;20241213;EcritureLib_0877;;26372,00;0,00;D;;;
BQ;Banque BQ;;20241213;51200000;CompteLib_0033;;;24L60;20241213;EcritureLib_0877;;0,00;26372,00;C;;;
BQ;Banque BQ;;20241213;40100000;CompteLib_0011;FCARREFOUR;CARREFOUR;24L61;20241213;EcritureLib_0626;;13,10;0,00;D;;;
BQ;Banque BQ;;20241213;51200000;CompteLib_0033;;;24L61;20241213;EcritureLib_0626;;0,00;13,10;C;;;
BQ;Banque BQ;;20241213;51100000;CompteLib_0032;;;24L62;20241213;EcritureLib_0878;;0,00;281,00;C;;;
BQ;Banque BQ;;20241213;51200000;CompteLib_0033;;;24L62;20241213;EcritureLib_0878;;281,00;0,00;D;;;
BQ;Banque BQ;;20241213;40100000;CompteLib_0011;FSPUNTINI;SPUNTINI FOOD'S;24L63;20241213;EcritureLib_0879;;747,30;0,00;D;;DB;20251119
BQ;Banque BQ;;20241213;51200000;CompteLib_0033;;;24L63;20241213;EcritureLib_0879;;0,00;747,30;C;;;
BQ;Banque BQ;;20241214;51100000;CompteLib_0032;;;24L66;20241214;EcritureLib_0880;;0,00;906,37;C;;;
BQ;Banque BQ;;20241214;51200000;CompteLib_0033;;;24L66;20241214;EcritureLib_0880;;906,37;0,00;D;;;
BQ;Banque BQ;;20241214;51100000;CompteLib_0032;;;24L67;20241214;EcritureLib_0881;;0,00;19,00;C;;;
BQ;Banque BQ;;20241214;51200000;CompteLib_0033;;;24L67;20241214;EcritureLib_0881;;19,00;0,00;D;;;
BQ;Banque BQ;;20241215;51100000;CompteLib_0032;;;24L68;20241215;EcritureLib_0882;;0,00;687,50;C;;;
BQ;Banque BQ;;20241215;51200000;CompteLib_0033;;;24L68;20241215;EcritureLib_0882;;687,50;0,00;D;;;
BQ;Banque BQ;;20241215;51100000;CompteLib_0032;;;24L69;20241215;EcritureLib_0883;;0,00;79,80;C;;;
BQ;Banque BQ;;20241215;51200000;CompteLib_0033;;;24L69;20241215;EcritureLib_0883;;79,80;0,00;D;;;
BQ;Banque BQ;;20241216;51140000;CompteLib_0044;;;24L70;20241216;EcritureLib_0884;;0,00;127,72;C;;;
BQ;Banque BQ;;20241216;51200000;CompteLib_0033;;;24L70;20241216;EcritureLib_0884;;127,72;0,00;D;;;
BQ;Banque BQ;;20241216;40100000;CompteLib_0011;FCARREFOUR;CARREFOUR;24L71;20241216;EcritureLib_0626;;22,56;0,00;D;;;
BQ;Banque BQ;;20241216;51200000;CompteLib_0033;;;24L71;20241216;EcritureLib_0626;;0,00;22,56;C;;;
BQ;Banque BQ;;20241216;40100000;CompteLib_0011;FCARBURANT;CARBURANT;24L72;20241216;EcritureLib_0690;;84,01;0,00;D;;;
BQ;Banque BQ;;20241216;51200000;CompteLib_0033;;;24L72;20241216;EcritureLib_0690;;0,00;84,01;C;;;
BQ;Banque BQ;;20241216;40100000;CompteLib_0011;FCARREFOUR;CARREFOUR;24L73;20241216;EcritureLib_0626;;75,42;0,00;D;;;
BQ;Banque BQ;;20241216;51200000;CompteLib_0033;;;24L73;20241216;EcritureLib_0626;;0,00;75,42;C;;;
BQ;Banque BQ;;20241216;51100000;CompteLib_0032;;;24L74;20241216;EcritureLib_0885;;0,00;470,70;C;;;
BQ;Banque BQ;;20241216;51200000;CompteLib_0033;;;24L74;20241216;EcritureLib_0885;;470,70;0,00;D;;;
BQ;Banque BQ;;20241216;51100000;CompteLib_0032;;;24L75;20241216;EcritureLib_0886;;0,00;61,10;C;;;
BQ;Banque BQ;;20241216;51200000;CompteLib_0033;;;24L75;20241216;EcritureLib_0886;;61,10;0,00;D;;;
BQ;Banque BQ;;20241216;43100000;CompteLib_0015;;;24L76;20241216;EcritureLib_0748;;0,00;26372,00;C;;;
BQ;Banque BQ;;20241216;51200000;CompteLib_0033;;;24L76;20241216;EcritureLib_0748;;26372,00;0,00;D;;;
BQ;Banque BQ;;20241217;40100000;CompteLib_0011;FSWILE;SWILE;24L77;20241217;EcritureLib_0887;;10,55;0,00;D;;;
BQ;Banque BQ;;20241217;51200000;CompteLib_0033;;;24L77;20241217;EcritureLib_0887;;0,00;10,55;C;;;
BQ;Banque BQ;;20241217;47100000;CompteLib_0043;;;24L78;20241217;EcritureLib_0888;;884,00;0,00;D;;;
BQ;Banque BQ;;20241217;51200000;CompteLib_0033;;;24L78;20241217;EcritureLib_0888;;0,00;884,00;C;;;
BQ;Banque BQ;;20241217;51140000;CompteLib_0044;;;24L79;20241217;EcritureLib_0889;;0,00;3,48;C;;;
BQ;Banque BQ;;20241217;51200000;CompteLib_0033;;;24L79;20241217;EcritureLib_0889;;3,48;0,00;D;;;
BQ;Banque BQ;;20241217;47100000;CompteLib_0043;;;24L80;20241217;EcritureLib_0890;;77,30;0,00;D;;;
BQ;Banque BQ;;20241217;51200000;CompteLib_0033;;;24L80;20241217;EcritureLib_0890;;0,00;77,30;C;;;
BQ;Banque BQ;;20241218;51140000;CompteLib_0044;;;24L81;20241218;EcritureLib_0891;;0,00;25,98;C;;;
BQ;Banque BQ;;20241218;51200000;CompteLib_0033;;;24L81;20241218;EcritureLib_0891;;25,98;0,00;D;;;
BQ;Banque BQ;;20241218;51140000;CompteLib_0044;;;24L82;20241218;EcritureLib_0892;;0,00;16,99;C;;;
BQ;Banque BQ;;20241218;51200000;CompteLib_0033;;;24L82;20241218;EcritureLib_0892;;16,99;0,00;D;;;
BQ;Banque BQ;;20241218;40100000;CompteLib_0011;FCARREFOUR;CARREFOUR;24L83;20241218;EcritureLib_0626;;32,61;0,00;D;;;
BQ;Banque BQ;;20241218;51200000;CompteLib_0033;;;24L83;20241218;EcritureLib_0626;;0,00;32,61;C;;;
BQ;Banque BQ;;20241218;51100000;CompteLib_0032;;;24L84;20241218;EcritureLib_0893;;0,00;168,30;C;;;
BQ;Banque BQ;;20241218;51200000;CompteLib_0033;;;24L84;20241218;EcritureLib_0893;;168,30;0,00;D;;;
BQ;Banque BQ;;20241219;51140000;CompteLib_0044;;;24L85;20241219;EcritureLib_0894;;0,00;120,89;C;;;
BQ;Banque BQ;;20241219;51200000;CompteLib_0033;;;24L85;20241219;EcritureLib_0894;;120,89;0,00;D;;;
BQ;Banque BQ;;20241219;51140000;CompteLib_0044;;;24L86;20241219;EcritureLib_0895;;0,00;72,92;C;;;
BQ;Banque BQ;;20241219;51200000;CompteLib_0033;;;24L86;20241219;EcritureLib_0895;;72,92;0,00;D;;;
BQ;Banque BQ;;20241219;51140000;CompteLib_0044;;;24L87;20241219;EcritureLib_0896;;0,00;34,76;C;;;
BQ;Banque BQ;;20241219;51200000;CompteLib_0033;;;24L87;20241219;EcritureLib_0896;;34,76;0,00;D;;;
BQ;Banque BQ;;20241219;40100000;CompteLib_0011;FCARREFOUR;CARREFOUR;24L88;20241219;EcritureLib_0626;;26,44;0,00;D;;;
BQ;Banque BQ;;20241219;51200000;CompteLib_0033;;;24L88;20241219;EcritureLib_0626;;0,00;26,44;C;;;
BQ;Banque BQ;;20241219;51100000;CompteLib_0032;;;24L89;20241219;EcritureLib_0897;;0,00;396,50;C;;;
BQ;Banque BQ;;20241219;51200000;CompteLib_0033;;;24L89;20241219;EcritureLib_0897;;396,50;0,00;D;;;
BQ;Banque BQ;;20241220;51140000;CompteLib_0044;;;24L91;20241220;EcritureLib_0898;;0,00;36,91;C;;;
BQ;Banque BQ;;20241220;51200000;CompteLib_0033;;;24L91;20241220;EcritureLib_0898;;36,91;0,00;D;;;
BQ;Banque BQ;;20241220;51100000;CompteLib_0032;;;24L92;20241220;EcritureLib_0899;;0,00;281,50;C;;;
BQ;Banque BQ;;20241220;51200000;CompteLib_0033;;;24L92;20241220;EcritureLib_0899;;281,50;0,00;D;;;
BQ;Banque BQ;;20241221;51100000;CompteLib_0032;;;24L94;20241221;EcritureLib_0900;;0,00;749,71;C;;;
BQ;Banque BQ;;20241221;51200000;CompteLib_0033;;;24L94;20241221;EcritureLib_0900;;749,71;0,00;D;;;
BQ;Banque BQ;;20241221;51100000;CompteLib_0032;;;24L95;20241221;EcritureLib_0901;;0,00;59,50;C;;;
BQ;Banque BQ;;20241221;51200000;CompteLib_0033;;;24L95;20241221;EcritureLib_0901;;59,50;0,00;D;;;
BQ;Banque BQ;;20241222;51100000;CompteLib_0032;;;24L98;20241222;EcritureLib_0902;;0,00;514,30;C;;;
BQ;Banque BQ;;20241222;51200000;CompteLib_0033;;;24L98;20241222;EcritureLib_0902;;514,30;0,00;D;;;
BQ;Banque BQ;;20241222;51100000;CompteLib_0032;;;24L99;20241222;EcritureLib_0903;;0,00;16,80;C;;;
BQ;Banque BQ;;20241222;51200000;CompteLib_0033;;;24L99;20241222;EcritureLib_0903;;16,80;0,00;D;;;
BQ;Banque BQ;;20241222;62700000;CompteLib_0045;;;24L100;20241222;EcritureLib_0904;;2,38;0,00;D;;;
BQ;Banque BQ;;20241222;44566100;CompteLib_0025;;;24L100;20241222;EcritureLib_0904;;0,48;0,00;D;;;
BQ;Banque BQ;;20241222;51200000;CompteLib_0033;;;24L100;20241222;EcritureLib_0904;;0,00;2,86;C;;;
BQ;Banque BQ;;20241222;66100000;CompteLib_0055;;;24L101;20241222;EcritureLib_0905;;1,54;0,00;D;;;
BQ;Banque BQ;;20241222;51200000;CompteLib_0033;;;24L101;20241222;EcritureLib_0905;;0,00;1,54;C;;;
BQ;Banque BQ;;20241222;16410000;CompteLib_0005;;;24L102;20241222;EcritureLib_0906;;201,22;0,00;D;;;
BQ;Banque BQ;;20241222;51200000;CompteLib_0033;;;24L102;20241222;EcritureLib_0906;;0,00;201,22;C;;;
BQ;Banque BQ;;20241223;40100000;CompteLib_0011;FCARREFOUR;CARREFOUR;24L103;20241223;EcritureLib_0626;;39,16;0,00;D;;;
BQ;Banque BQ;;20241223;51200000;CompteLib_0033;;;24L103;20241223;EcritureLib_0626;;0,00;39,16;C;;;
BQ;Banque BQ;;20241223;40100000;CompteLib_0011;FCARREFOUR;CARREFOUR;24L104;20241223;EcritureLib_0626;;55,55;0,00;D;;;
BQ;Banque BQ;;20241223;51200000;CompteLib_0033;;;24L104;20241223;EcritureLib_0626;;0,00;55,55;C;;;
BQ;Banque BQ;;20241223;51100000;CompteLib_0032;;;24L105;20241223;EcritureLib_0907;;0,00;693,25;C;;;
BQ;Banque BQ;;20241223;51200000;CompteLib_0033;;;24L105;20241223;EcritureLib_0907;;693,25;0,00;D;;;
BQ;Banque BQ;;20241223;40100000;CompteLib_0011;FSPUNTINI;SPUNTINI FOOD'S;24L106;20241223;EcritureLib_0908;;758,05;0,00;D;;DC;20251119
BQ;Banque BQ;;20241223;51200000;CompteLib_0033;;;24L106;20241223;EcritureLib_0908;;0,00;758,05;C;;;
BQ;Banque BQ;;20241223;40100000;CompteLib_0011;FPROMOCASH;PROMOCASH;24L107;20241223;EcritureLib_0792;;19,63;0,00;D;;;
BQ;Banque BQ;;20241223;51200000;CompteLib_0033;;;24L107;20241223;EcritureLib_0792;;0,00;19,63;C;;;
BQ;Banque BQ;;20241224;40100000;CompteLib_0011;FSTC;STC;24L108;20241224;EcritureLib_0909;;253,20;0,00;D;;S;20241227
BQ;Banque BQ;;20241224;51200000;CompteLib_0033;;;24L108;20241224;EcritureLib_0909;;0,00;253,20;C;;;
BQ;Banque BQ;;20241224;40100000;CompteLib_0011;FSTC;STC;24L109;20241224;EcritureLib_0909;;225,00;0,00;D;;T;20241227
BQ;Banque BQ;;20241224;51200000;CompteLib_0033;;;24L109;20241224;EcritureLib_0909;;0,00;225,00;C;;;
BQ;Banque BQ;;20241227;63511000;CompteLib_0056;;;24L110;20241227;EcritureLib_0910;;717,00;0,00;D;;;
BQ;Banque BQ;;20241227;51200000;CompteLib_0033;;;24L110;20241227;EcritureLib_0910;;0,00;717,00;C;;;
BQ;Banque BQ;;20241227;43703000;CompteLib_0017;;;24L111;20241227;EcritureLib_0911;;199,33;0,00;D;;;
BQ;Banque BQ;;20241227;51200000;CompteLib_0033;;;24L111;20241227;EcritureLib_0911;;0,00;199,33;C;;;
BQ;Banque BQ;;20241227;51140000;CompteLib_0044;;;24L112;20241227;EcritureLib_0912;;0,00;74,44;C;;;
BQ;Banque BQ;;20241227;51200000;CompteLib_0033;;;24L112;20241227;EcritureLib_0912;;74,44;0,00;D;;;
BQ;Banque BQ;;20241227;51140000;CompteLib_0044;;;24L113;20241227;EcritureLib_0913;;0,00;74,24;C;;;
BQ;Banque BQ;;20241227;51200000;CompteLib_0033;;;24L113;20241227;EcritureLib_0913;;74,24;0,00;D;;;
BQ;Banque BQ;;20241230;44551000;CompteLib_0024;;;24L114;20241230;EcritureLib_0914;;815,00;0,00;D;;I;20250120
BQ;Banque BQ;;20241230;51200000;CompteLib_0033;;;24L114;20241230;EcritureLib_0914;;0,00;815,00;C;;;
BQ;Banque BQ;;20241230;40100000;CompteLib_0011;FORANGE;ORANGE;24L115;20241230;EcritureLib_0915;;60,00;0,00;D;;;
BQ;Banque BQ;;20241230;51200000;CompteLib_0033;;;24L115;20241230;EcritureLib_0915;;0,00;60,00;C;;;
BQ;Banque BQ;;20241230;51140000;CompteLib_0044;;;24L116;20241230;EcritureLib_0916;;0,00;22,60;C;;;
BQ;Banque BQ;;20241230;51200000;CompteLib_0033;;;24L116;20241230;EcritureLib_0916;;22,60;0,00;D;;;
BQ;Banque BQ;;20241231;60612000;CompteLib_0041;;;24L117;20241231;EcritureLib_0917;;1447,74;0,00;D;;;
BQ;Banque BQ;;20241231;51200000;CompteLib_0033;;;24L117;20241231;EcritureLib_0917;;0,00;1447,74;C;;;
BQ;Banque BQ;;20241231;40100000;CompteLib_0011;FCARBURANT;CARBURANT;24L118;20241231;EcritureLib_0690;;69,02;0,00;D;;;
BQ;Banque BQ;;20241231;51200000;CompteLib_0033;;;24L118;20241231;EcritureLib_0690;;0,00;69,02;C;;;
BQ;Banque BQ;;20250102;61600000;CompteLib_0042;;;25A1;20250102;EcritureLib_0918;;120,47;0,00;D;;;
BQ;Banque BQ;;20250102;51200000;CompteLib_0033;;;25A1;20250102;EcritureLib_0918;;0,00;120,47;C;;;
BQ;Banque BQ;;20250102;51140000;CompteLib_0044;;;25A2;20250102;EcritureLib_0919;;0,00;38,53;C;;;
BQ;Banque BQ;;20250102;51200000;CompteLib_0033;;;25A2;20250102;EcritureLib_0919;;38,53;0,00;D;;;
BQ;Banque BQ;;20250102;70190000;CompteLib_0053;;;25A3;20250102;EcritureLib_0920;;0,00;20,00;C;;;
BQ;Banque BQ;;20250102;51200000;CompteLib_0033;;;25A3;20250102;EcritureLib_0920;;20,00;0,00;D;;;
BQ;Banque BQ;;20250103;40100000;CompteLib_0011;FSWILE;SWILE;25A5;20250103;EcritureLib_0921;;2,89;0,00;D;;;
BQ;Banque BQ;;20250103;51200000;CompteLib_0033;;;25A5;20250103;EcritureLib_0921;;0,00;2,89;C;;;
BQ;Banque BQ;;20250103;51140000;CompteLib_0044;;;25A6;20250103;EcritureLib_0922;;0,00;23,74;C;;;
BQ;Banque BQ;;20250103;51200000;CompteLib_0033;;;25A6;20250103;EcritureLib_0922;;23,74;0,00;D;;;
BQ;Banque BQ;;20250103;40100000;CompteLib_0011;FSPUNTINI;SPUNTINI FOOD'S;25A7;20250103;EcritureLib_0923;;736,66;0,00;D;;DD;20251119
BQ;Banque BQ;;20250103;51200000;CompteLib_0033;;;25A7;20250103;EcritureLib_0923;;0,00;736,66;C;;;
BQ;Banque BQ;;20250103;40100000;CompteLib_0011;FSPUNTINI;SPUNTINI FOOD'S;25A8;20250103;EcritureLib_0924;;142,21;0,00;D;;;
BQ;Banque BQ;;20250103;51200000;CompteLib_0033;;;25A8;20250103;EcritureLib_0924;;0,00;142,21;C;;;
BQ;Banque BQ;;20250103;61600000;CompteLib_0042;;;25A9;20250103;EcritureLib_0925;;24,08;0,00;D;;;
BQ;Banque BQ;;20250103;51200000;CompteLib_0033;;;25A9;20250103;EcritureLib_0925;;0,00;24,08;C;;;
BQ;Banque BQ;;20250104;51100000;CompteLib_0032;;;25A10;20250104;EcritureLib_0926;;0,00;510,00;C;;;
BQ;Banque BQ;;20250104;51200000;CompteLib_0033;;;25A10;20250104;EcritureLib_0926;;510,00;0,00;D;;;
BQ;Banque BQ;;20250105;62700000;CompteLib_0045;;;25A11;20250105;EcritureLib_0927;;49,84;0,00;D;;;
BQ;Banque BQ;;20250105;44566100;CompteLib_0025;;;25A11;20250105;EcritureLib_0927;;9,97;0,00;D;;;
BQ;Banque BQ;;20250105;51200000;CompteLib_0033;;;25A11;20250105;EcritureLib_0927;;0,00;59,81;C;;;
BQ;Banque BQ;;20250105;51100000;CompteLib_0032;;;25A12;20250105;EcritureLib_0928;;0,00;498,70;C;;;
BQ;Banque BQ;;20250105;51200000;CompteLib_0033;;;25A12;20250105;EcritureLib_0928;;498,70;0,00;D;;;
BQ;Banque BQ;;20250105;51100000;CompteLib_0032;;;25A13;20250105;EcritureLib_0929;;0,00;15,20;C;;;
BQ;Banque BQ;;20250105;51200000;CompteLib_0033;;;25A13;20250105;EcritureLib_0929;;15,20;0,00;D;;;
BQ;Banque BQ;;20250106;47100000;CompteLib_0043;;;25A15;20250106;EcritureLib_0930;;102,00;0,00;D;;;
BQ;Banque BQ;;20250106;51200000;CompteLib_0033;;;25A15;20250106;EcritureLib_0930;;0,00;102,00;C;;;
BQ;Banque BQ;;20250106;51140000;CompteLib_0044;;;25A16;20250106;EcritureLib_0931;;0,00;16,65;C;;;
BQ;Banque BQ;;20250106;51200000;CompteLib_0033;;;25A16;20250106;EcritureLib_0931;;16,65;0,00;D;;;
BQ;Banque BQ;;20250106;60612000;CompteLib_0041;;;25A17;20250106;EcritureLib_0067;;0,00;130,00;C;;;
BQ;Banque BQ;;20250106;51200000;CompteLib_0033;;;25A17;20250106;EcritureLib_0067;;130,00;0,00;D;;;
BQ;Banque BQ;;20250106;51140000;CompteLib_0044;;;25A18;20250106;EcritureLib_0932;;0,00;130,78;C;;;
BQ;Banque BQ;;20250106;51200000;CompteLib_0033;;;25A18;20250106;EcritureLib_0932;;130,78;0,00;D;;;
BQ;Banque BQ;;20250106;61321000;CompteLib_0046;;;25A19;20250106;EcritureLib_0074;;1000,00;0,00;D;;;
BQ;Banque BQ;;20250106;44566100;CompteLib_0025;;;25A19;20250106;EcritureLib_0074;;200,00;0,00;D;;;
BQ;Banque BQ;;20250106;51200000;CompteLib_0033;;;25A19;20250106;EcritureLib_0074;;0,00;1200,00;C;;;
BQ;Banque BQ;;20250106;40100000;CompteLib_0011;FCARREFOUR;CARREFOUR;25A20;20250106;EcritureLib_0626;;119,30;0,00;D;;;
BQ;Banque BQ;;20250106;51200000;CompteLib_0033;;;25A20;20250106;EcritureLib_0626;;0,00;119,30;C;;;
BQ;Banque BQ;;20250106;40100000;CompteLib_0011;FCARREFOUR;CARREFOUR;25A21;20250106;EcritureLib_0626;;29,26;0,00;D;;;
BQ;Banque BQ;;20250106;51200000;CompteLib_0033;;;25A21;20250106;EcritureLib_0626;;0,00;29,26;C;;;
BQ;Banque BQ;;20250106;51100000;CompteLib_0032;;;25A22;20250106;EcritureLib_0933;;0,00;577,80;C;;;
BQ;Banque BQ;;20250106;51200000;CompteLib_0033;;;25A22;20250106;EcritureLib_0933;;577,80;0,00;D;;;
BQ;Banque BQ;;20250107;47100000;CompteLib_0043;;;25A23;20250107;EcritureLib_0934;;0,00;1810,00;C;;;
BQ;Banque BQ;;20250107;51200000;CompteLib_0033;;;25A23;20250107;EcritureLib_0934;;1810,00;0,00;D;;;
BQ;Banque BQ;;20250107;51120000;CompteLib_0052;;;25A24;20250107;EcritureLib_0935;;0,00;47,30;C;;;
BQ;Banque BQ;;20250107;51200000;CompteLib_0033;;;25A24;20250107;EcritureLib_0935;;47,30;0,00;D;;;
BQ;Banque BQ;;20250108;40100000;CompteLib_0011;FCARREFOUR;CARREFOUR;25A25;20250108;EcritureLib_0626;;105,11;0,00;D;;;
BQ;Banque BQ;;20250108;51200000;CompteLib_0033;;;25A25;20250108;EcritureLib_0626;;0,00;105,11;C;;;
BQ;Banque BQ;;20250108;42100000;CompteLib_0012;;;25A26;20250108;EcritureLib_0936;;501,32;0,00;D;;;
BQ;Banque BQ;;20250108;51200000;CompteLib_0033;;;25A26;20250108;EcritureLib_0936;;0,00;501,32;C;;;
BQ;Banque BQ;;20250108;42100000;CompteLib_0012;;;25A27;20250108;EcritureLib_0937;;475,73;0,00;D;;;
BQ;Banque BQ;;20250108;51200000;CompteLib_0033;;;25A27;20250108;EcritureLib_0937;;0,00;475,73;C;;;
BQ;Banque BQ;;20250108;42100000;CompteLib_0012;;;25A28;20250108;EcritureLib_0938;;672,85;0,00;D;;;
BQ;Banque BQ;;20250108;51200000;CompteLib_0033;;;25A28;20250108;EcritureLib_0938;;0,00;672,85;C;;;
BQ;Banque BQ;;20250109;51140000;CompteLib_0044;;;25A29;20250109;EcritureLib_0939;;0,00;23,74;C;;;
BQ;Banque BQ;;20250109;51200000;CompteLib_0033;;;25A29;20250109;EcritureLib_0939;;23,74;0,00;D;;;
BQ;Banque BQ;;20250109;40100000;CompteLib_0011;FCARREFOUR;CARREFOUR;25A30;20250109;EcritureLib_0626;;11,23;0,00;D;;;
BQ;Banque BQ;;20250109;51200000;CompteLib_0033;;;25A30;20250109;EcritureLib_0626;;0,00;11,23;C;;;
BQ;Banque BQ;;20250109;51100000;CompteLib_0032;;;25A31;20250109;EcritureLib_0940;;0,00;400,50;C;;;
BQ;Banque BQ;;20250109;51200000;CompteLib_0033;;;25A31;20250109;EcritureLib_0940;;400,50;0,00;D;;;
BQ;Banque BQ;;20250109;42100000;CompteLib_0012;;;25A32;20250109;EcritureLib_0941;;488,39;0,00;D;;;
BQ;Banque BQ;;20250109;51200000;CompteLib_0033;;;25A32;20250109;EcritureLib_0941;;0,00;488,39;C;;;
BQ;Banque BQ;;20250110;66100000;CompteLib_0055;;;25A34;20250110;EcritureLib_0942;;4,91;0,00;D;;;
BQ;Banque BQ;;20250110;51200000;CompteLib_0033;;;25A34;20250110;EcritureLib_0942;;0,00;4,91;C;;;
BQ;Banque BQ;;20250110;16400000;CompteLib_0005;;;25A35;20250110;EcritureLib_0943;;699,69;0,00;D;;;
BQ;Banque BQ;;20250110;51200000;CompteLib_0033;;;25A35;20250110;EcritureLib_0943;;0,00;699,69;C;;;
BQ;Banque BQ;;20250110;47100000;CompteLib_0043;;;25A36;20250110;EcritureLib_0944;;142,74;0,00;D;;;
BQ;Banque BQ;;20250110;51200000;CompteLib_0033;;;25A36;20250110;EcritureLib_0944;;0,00;142,74;C;;;
BQ;Banque BQ;;20250110;64750000;CompteLib_0057;;;25A37;20250110;EcritureLib_0945;;160,20;0,00;D;;;
BQ;Banque BQ;;20250110;51200000;CompteLib_0033;;;25A37;20250110;EcritureLib_0945;;0,00;160,20;C;;;
BQ;Banque BQ;;20250110;61600000;CompteLib_0042;;;25A38;20250110;EcritureLib_0946;;76,14;0,00;D;;;
BQ;Banque BQ;;20250110;51200000;CompteLib_0033;;;25A38;20250110;EcritureLib_0946;;0,00;76,14;C;;;
BQ;Banque BQ;;20250110;51140000;CompteLib_0044;;;25A39;20250110;EcritureLib_0947;;0,00;28,62;C;;;
BQ;Banque BQ;;20250110;51200000;CompteLib_0033;;;25A39;20250110;EcritureLib_0947;;28,62;0,00;D;;;
BQ;Banque BQ;;20250110;51100000;CompteLib_0032;;;25A40;20250110;EcritureLib_0948;;0,00;258,85;C;;;
BQ;Banque BQ;;20250110;51200000;CompteLib_0033;;;25A40;20250110;EcritureLib_0948;;258,85;0,00;D;;;
BQ;Banque BQ;;20250110;40100000;CompteLib_0011;FSPUNTINI;SPUNTINI FOOD'S;25A41;20250110;EcritureLib_0949;;409,76;0,00;D;;DE;20251119
BQ;Banque BQ;;20250110;51200000;CompteLib_0033;;;25A41;20250110;EcritureLib_0949;;0,00;409,76;C;;;
BQ;Banque BQ;;20250110;62700000;CompteLib_0045;;;25A42;20250110;EcritureLib_0092;;27,25;0,00;D;;;
BQ;Banque BQ;;20250110;44566100;CompteLib_0025;;;25A42;20250110;EcritureLib_0092;;5,45;0,00;D;;;
BQ;Banque BQ;;20250110;51200000;CompteLib_0033;;;25A42;20250110;EcritureLib_0092;;0,00;32,70;C;;;
BQ;Banque BQ;;20250111;51100000;CompteLib_0032;;;25A44;20250111;EcritureLib_0950;;0,00;674,71;C;;;
BQ;Banque BQ;;20250111;51200000;CompteLib_0033;;;25A44;20250111;EcritureLib_0950;;674,71;0,00;D;;;
BQ;Banque BQ;;20250111;51100000;CompteLib_0032;;;25A45;20250111;EcritureLib_0951;;0,00;49,60;C;;;
BQ;Banque BQ;;20250111;51200000;CompteLib_0033;;;25A45;20250111;EcritureLib_0951;;49,60;0,00;D;;;
BQ;Banque BQ;;20250112;51100000;CompteLib_0032;;;25A46;20250112;EcritureLib_0952;;0,00;550,20;C;;;
BQ;Banque BQ;;20250112;51200000;CompteLib_0033;;;25A46;20250112;EcritureLib_0952;;550,20;0,00;D;;;
BQ;Banque BQ;;20250112;51100000;CompteLib_0032;;;25A47;20250112;EcritureLib_0953;;0,00;108,90;C;;;
BQ;Banque BQ;;20250112;51200000;CompteLib_0033;;;25A47;20250112;EcritureLib_0953;;108,90;0,00;D;;;
BQ;Banque BQ;;20250113;40100000;CompteLib_0011;FCARREFOUR;CARREFOUR;25A48;20250113;EcritureLib_0626;;67,86;0,00;D;;;
BQ;Banque BQ;;20250113;51200000;CompteLib_0033;;;25A48;20250113;EcritureLib_0626;;0,00;67,86;C;;;
BQ;Banque BQ;;20250113;40100000;CompteLib_0011;FCARREFOUR;CARREFOUR;25A49;20250113;EcritureLib_0626;;12,64;0,00;D;;;
BQ;Banque BQ;;20250113;51200000;CompteLib_0033;;;25A49;20250113;EcritureLib_0626;;0,00;12,64;C;;;
BQ;Banque BQ;;20250113;51100000;CompteLib_0032;;;25A50;20250113;EcritureLib_0954;;0,00;607,13;C;;;
BQ;Banque BQ;;20250113;51200000;CompteLib_0033;;;25A50;20250113;EcritureLib_0954;;607,13;0,00;D;;;
BQ;Banque BQ;;20250114;40100000;CompteLib_0011;FIM2;IM2 MONETIQUE;25A51;20250114;EcritureLib_0955;;27,48;0,00;D;;;
BQ;Banque BQ;;20250114;51200000;CompteLib_0033;;;25A51;20250114;EcritureLib_0955;;0,00;27,48;C;;;
BQ;Banque BQ;;20250114;47100000;CompteLib_0043;;;25A52;20250114;EcritureLib_0956;;0,00;497,00;C;;;
BQ;Banque BQ;;20250114;51200000;CompteLib_0033;;;25A52;20250114;EcritureLib_0956;;497,00;0,00;D;;;
BQ;Banque BQ;;20250114;40100000;CompteLib_0011;FLOTQU;LOT QUALITE;25A53;20250114;EcritureLib_0957;;1481,22;0,00;D;;;
BQ;Banque BQ;;20250114;51200000;CompteLib_0033;;;25A53;20250114;EcritureLib_0957;;0,00;1481,22;C;;;
BQ;Banque BQ;;20250115;51140000;CompteLib_0044;;;25A54;20250115;EcritureLib_0958;;0,00;74,84;C;;;
BQ;Banque BQ;;20250115;51200000;CompteLib_0033;;;25A54;20250115;EcritureLib_0958;;74,84;0,00;D;;;
BQ;Banque BQ;;20250115;40100000;CompteLib_0011;FCARREFOUR;CARREFOUR;25A55;20250115;EcritureLib_0626;;71,83;0,00;D;;;
BQ;Banque BQ;;20250115;51200000;CompteLib_0033;;;25A55;20250115;EcritureLib_0626;;0,00;71,83;C;;;
BQ;Banque BQ;;20250115;51100000;CompteLib_0032;;;25A56;20250115;EcritureLib_0959;;0,00;132,40;C;;;
BQ;Banque BQ;;20250115;51200000;CompteLib_0033;;;25A56;20250115;EcritureLib_0959;;132,40;0,00;D;;;
BQ;Banque BQ;;20250115;51100000;CompteLib_0032;;;25A57;20250115;EcritureLib_0960;;0,00;43,60;C;;;
BQ;Banque BQ;;20250115;51200000;CompteLib_0033;;;25A57;20250115;EcritureLib_0960;;43,60;0,00;D;;;
BQ;Banque BQ;;20250115;40100000;CompteLib_0011;FNOYEZ;NOYEZ;25A58;20250115;EcritureLib_0961;;297,89;0,00;D;;AA;20250708
BQ;Banque BQ;;20250115;51200000;CompteLib_0033;;;25A58;20250115;EcritureLib_0961;;0,00;297,89;C;;;
BQ;Banque BQ;;20250116;47100000;CompteLib_0043;;;25A59;20250116;EcritureLib_0962;;765,00;0,00;D;;;
BQ;Banque BQ;;20250116;51200000;CompteLib_0033;;;25A59;20250116;EcritureLib_0962;;0,00;765,00;C;;;
BQ;Banque BQ;;20250116;51140000;CompteLib_0044;;;25A60;20250116;EcritureLib_0963;;0,00;172,11;C;;;
BQ;Banque BQ;;20250116;51200000;CompteLib_0033;;;25A60;20250116;EcritureLib_0963;;172,11;0,00;D;;;
BQ;Banque BQ;;20250116;51140000;CompteLib_0044;;;25A61;20250116;EcritureLib_0964;;0,00;21,55;C;;;
BQ;Banque BQ;;20250116;51200000;CompteLib_0033;;;25A61;20250116;EcritureLib_0964;;21,55;0,00;D;;;
BQ;Banque BQ;;20250116;40100000;CompteLib_0011;FALDI;ALDI;25A62;20250116;EcritureLib_0724;;40,89;0,00;D;;;
BQ;Banque BQ;;20250116;51200000;CompteLib_0033;;;25A62;20250116;EcritureLib_0724;;0,00;40,89;C;;;
BQ;Banque BQ;;20250116;51100000;CompteLib_0032;;;25A63;20250116;EcritureLib_0965;;0,00;108,30;C;;;
BQ;Banque BQ;;20250116;51200000;CompteLib_0033;;;25A63;20250116;EcritureLib_0965;;108,30;0,00;D;;;
BQ;Banque BQ;;20250116;51100000;CompteLib_0032;;;25A64;20250116;EcritureLib_0966;;0,00;13,30;C;;;
BQ;Banque BQ;;20250116;51200000;CompteLib_0033;;;25A64;20250116;EcritureLib_0966;;13,30;0,00;D;;;
BQ;Banque BQ;;20250117;40100000;CompteLib_0011;FSWILE;SWILE;25A66;20250117;EcritureLib_0967;;7,07;0,00;D;;;
BQ;Banque BQ;;20250117;51200000;CompteLib_0033;;;25A66;20250117;EcritureLib_0967;;0,00;7,07;C;;;
BQ;Banque BQ;;20250117;40100000;CompteLib_0011;FCARBURANT;CARBURANT;25A67;20250117;EcritureLib_0690;;101,00;0,00;D;;;
BQ;Banque BQ;;20250117;51200000;CompteLib_0033;;;25A67;20250117;EcritureLib_0690;;0,00;101,00;C;;;
BQ;Banque BQ;;20250117;40100000;CompteLib_0011;FCARREFOUR;CARREFOUR;25A68;20250117;EcritureLib_0626;;96,40;0,00;D;;;
BQ;Banque BQ;;20250117;51200000;CompteLib_0033;;;25A68;20250117;EcritureLib_0626;;0,00;96,40;C;;;
BQ;Banque BQ;;20250117;51100000;CompteLib_0032;;;25A69;20250117;EcritureLib_0968;;0,00;285,56;C;;;
BQ;Banque BQ;;20250117;51200000;CompteLib_0033;;;25A69;20250117;EcritureLib_0968;;285,56;0,00;D;;;
BQ;Banque BQ;;20250117;51100000;CompteLib_0032;;;25A70;20250117;EcritureLib_0969;;0,00;32,60;C;;;
BQ;Banque BQ;;20250117;51200000;CompteLib_0033;;;25A70;20250117;EcritureLib_0969;;32,60;0,00;D;;;
BQ;Banque BQ;;20250118;51100000;CompteLib_0032;;;25A71;20250118;EcritureLib_0970;;0,00;845,41;C;;;
BQ;Banque BQ;;20250118;51200000;CompteLib_0033;;;25A71;20250118;EcritureLib_0970;;845,41;0,00;D;;;
BQ;Banque BQ;;20250118;51100000;CompteLib_0032;;;25A72;20250118;EcritureLib_0971;;0,00;104,40;C;;;
BQ;Banque BQ;;20250118;51200000;CompteLib_0033;;;25A72;20250118;EcritureLib_0971;;104,40;0,00;D;;;
BQ;Banque BQ;;20250120;40100000;CompteLib_0011;FCARREFOUR;CARREFOUR;25A73;20250120;EcritureLib_0626;;32,54;0,00;D;;;
BQ;Banque BQ;;20250120;51200000;CompteLib_0033;;;25A73;20250120;EcritureLib_0626;;0,00;32,54;C;;;
BQ;Banque BQ;;20250120;40100000;CompteLib_0011;FCARREFOUR;CARREFOUR;25A74;20250120;EcritureLib_0626;;77,37;0,00;D;;;
BQ;Banque BQ;;20250120;51200000;CompteLib_0033;;;25A74;20250120;EcritureLib_0626;;0,00;77,37;C;;;
BQ;Banque BQ;;20250120;51100000;CompteLib_0032;;;25A75;20250120;EcritureLib_0972;;0,00;467,30;C;;;
BQ;Banque BQ;;20250120;51200000;CompteLib_0033;;;25A75;20250120;EcritureLib_0972;;467,30;0,00;D;;;
BQ;Banque BQ;;20250120;51100000;CompteLib_0032;;;25A76;20250120;EcritureLib_0973;;0,00;20,20;C;;;
BQ;Banque BQ;;20250120;51200000;CompteLib_0033;;;25A76;20250120;EcritureLib_0973;;20,20;0,00;D;;;
BQ;Banque BQ;;20250121;51140000;CompteLib_0044;;;25A77;20250121;EcritureLib_0974;;0,00;1,50;C;;;
BQ;Banque BQ;;20250121;51200000;CompteLib_0033;;;25A77;20250121;EcritureLib_0974;;1,50;0,00;D;;;
BQ;Banque BQ;;20250122;62700000;CompteLib_0045;;;25A78;20250122;EcritureLib_0975;;2,24;0,00;D;;;
BQ;Banque BQ;;20250122;44566100;CompteLib_0025;;;25A78;20250122;EcritureLib_0975;;0,45;0,00;D;;;
BQ;Banque BQ;;20250122;51200000;CompteLib_0033;;;25A78;20250122;EcritureLib_0975;;0,00;2,69;C;;;
BQ;Banque BQ;;20250122;66100000;CompteLib_0055;;;25A79;20250122;EcritureLib_0976;;1,45;0,00;D;;;
BQ;Banque BQ;;20250122;51200000;CompteLib_0033;;;25A79;20250122;EcritureLib_0976;;0,00;1,45;C;;;
BQ;Banque BQ;;20250122;16410000;CompteLib_0005;;;25A80;20250122;EcritureLib_0977;;201,31;0,00;D;;;
BQ;Banque BQ;;20250122;51200000;CompteLib_0033;;;25A80;20250122;EcritureLib_0977;;0,00;201,31;C;;;
BQ;Banque BQ;;20250122;40100000;CompteLib_0011;FSACEM;SACEM / SPRE;25A81;20250122;EcritureLib_0978;;103,83;0,00;D;;;
BQ;Banque BQ;;20250122;51200000;CompteLib_0033;;;25A81;20250122;EcritureLib_0978;;0,00;103,83;C;;;
BQ;Banque BQ;;20250122;51140000;CompteLib_0044;;;25A82;20250122;EcritureLib_0979;;0,00;50,93;C;;;
BQ;Banque BQ;;20250122;51200000;CompteLib_0033;;;25A82;20250122;EcritureLib_0979;;50,93;0,00;D;;;
BQ;Banque BQ;;20250122;51140000;CompteLib_0044;;;25A83;20250122;EcritureLib_0980;;0,00;23,80;C;;;
BQ;Banque BQ;;20250122;51200000;CompteLib_0033;;;25A83;20250122;EcritureLib_0980;;23,80;0,00;D;;;
BQ;Banque BQ;;20250122;51100000;CompteLib_0032;;;25A84;20250122;EcritureLib_0981;;0,00;346,20;C;;;
BQ;Banque BQ;;20250122;51200000;CompteLib_0033;;;25A84;20250122;EcritureLib_0981;;346,20;0,00;D;;;
BQ;Banque BQ;;20250122;51100000;CompteLib_0032;;;25A85;20250122;EcritureLib_0982;;0,00;28,40;C;;;
BQ;Banque BQ;;20250122;51200000;CompteLib_0033;;;25A85;20250122;EcritureLib_0982;;28,40;0,00;D;;;
BQ;Banque BQ;;20250123;44551000;CompteLib_0024;;;25A86;20250123;EcritureLib_0983;;512,00;0,00;D;;J;20250220
BQ;Banque BQ;;20250123;51200000;CompteLib_0033;;;25A86;20250123;EcritureLib_0983;;0,00;512,00;C;;;
BQ;Banque BQ;;20250123;43702000;CompteLib_0016;;;25A87;20250123;EcritureLib_0984;;38,84;0,00;D;;;
BQ;Banque BQ;;20250123;51200000;CompteLib_0033;;;25A87;20250123;EcritureLib_0984;;0,00;38,84;C;;;
BQ;Banque BQ;;20250123;40100000;CompteLib_0011;FSTC;STC;25A88;20250123;EcritureLib_0985;;253,20;0,00;D;;;
BQ;Banque BQ;;20250123;51200000;CompteLib_0033;;;25A88;20250123;EcritureLib_0985;;0,00;253,20;C;;;
BQ;Banque BQ;;20250123;40100000;CompteLib_0011;FSTC;STC;25A89;20250123;EcritureLib_0985;;93,60;0,00;D;;;
BQ;Banque BQ;;20250123;51200000;CompteLib_0033;;;25A89;20250123;EcritureLib_0985;;0,00;93,60;C;;;
BQ;Banque BQ;;20250123;51140000;CompteLib_0044;;;25A90;20250123;EcritureLib_0986;;0,00;49,40;C;;;
BQ;Banque BQ;;20250123;51200000;CompteLib_0033;;;25A90;20250123;EcritureLib_0986;;49,40;0,00;D;;;
BQ;Banque BQ;;20250123;51100000;CompteLib_0032;;;25A91;20250123;EcritureLib_0987;;0,00;285,75;C;;;
BQ;Banque BQ;;20250123;51200000;CompteLib_0033;;;25A91;20250123;EcritureLib_0987;;285,75;0,00;D;;;
BQ;Banque BQ;;20250124;51140000;CompteLib_0044;;;25A93;20250124;EcritureLib_0988;;0,00;64,43;C;;;
BQ;Banque BQ;;20250124;51200000;CompteLib_0033;;;25A93;20250124;EcritureLib_0988;;64,43;0,00;D;;;
BQ;Banque BQ;;20250124;51140000;CompteLib_0044;;;25A94;20250124;EcritureLib_0989;;0,00;43,26;C;;;
BQ;Banque BQ;;20250124;51200000;CompteLib_0033;;;25A94;20250124;EcritureLib_0989;;43,26;0,00;D;;;
BQ;Banque BQ;;20250124;40100000;CompteLib_0011;FCARREFOUR;CARREFOUR;25A95;20250124;EcritureLib_0626;;81,28;0,00;D;;;
BQ;Banque BQ;;20250124;51200000;CompteLib_0033;;;25A95;20250124;EcritureLib_0626;;0,00;81,28;C;;;
BQ;Banque BQ;;20250124;51100000;CompteLib_0032;;;25A96;20250124;EcritureLib_0990;;0,00;288,60;C;;;
BQ;Banque BQ;;20250124;51200000;CompteLib_0033;;;25A96;20250124;EcritureLib_0990;;288,60;0,00;D;;;
BQ;Banque BQ;;20250124;51100000;CompteLib_0032;;;25A97;20250124;EcritureLib_0991;;0,00;19,50;C;;;
BQ;Banque BQ;;20250124;51200000;CompteLib_0033;;;25A97;20250124;EcritureLib_0991;;19,50;0,00;D;;;
BQ;Banque BQ;;20250124;40100000;CompteLib_0011;FSPUNTINI;SPUNTINI FOOD'S;25A98;20250124;EcritureLib_0992;;791,26;0,00;D;;DF;20251119
BQ;Banque BQ;;20250124;51200000;CompteLib_0033;;;25A98;20250124;EcritureLib_0992;;0,00;791,26;C;;;
BQ;Banque BQ;;20250125;51100000;CompteLib_0032;;;25A99;20250125;EcritureLib_0993;;0,00;766,80;C;;;
BQ;Banque BQ;;20250125;51200000;CompteLib_0033;;;25A99;20250125;EcritureLib_0993;;766,80;0,00;D;;;
BQ;Banque BQ;;20250125;51100000;CompteLib_0032;;;25A100;20250125;EcritureLib_0994;;0,00;71,90;C;;;
BQ;Banque BQ;;20250125;51200000;CompteLib_0033;;;25A100;20250125;EcritureLib_0994;;71,90;0,00;D;;;
BQ;Banque BQ;;20250126;51100000;CompteLib_0032;;;25A101;20250126;EcritureLib_0995;;0,00;624,88;C;;;
BQ;Banque BQ;;20250126;51200000;CompteLib_0033;;;25A101;20250126;EcritureLib_0995;;624,88;0,00;D;;;
BQ;Banque BQ;;20250126;51100000;CompteLib_0032;;;25A102;20250126;EcritureLib_0996;;0,00;6,40;C;;;
BQ;Banque BQ;;20250126;51200000;CompteLib_0033;;;25A102;20250126;EcritureLib_0996;;6,40;0,00;D;;;
BQ;Banque BQ;;20250127;43703000;CompteLib_0017;;;25A103;20250127;EcritureLib_0997;;162,13;0,00;D;;;
BQ;Banque BQ;;20250127;51200000;CompteLib_0033;;;25A103;20250127;EcritureLib_0997;;0,00;162,13;C;;;
BQ;Banque BQ;;20250127;40100000;CompteLib_0011;FCARREFOUR;CARREFOUR;25A104;20250127;EcritureLib_0626;;45,93;0,00;D;;;
BQ;Banque BQ;;20250127;51200000;CompteLib_0033;;;25A104;20250127;EcritureLib_0626;;0,00;45,93;C;;;
BQ;Banque BQ;;20250127;40100000;CompteLib_0011;FCARREFOUR;CARREFOUR;25A105;20250127;EcritureLib_0626;;126,74;0,00;D;;;
BQ;Banque BQ;;20250127;51200000;CompteLib_0033;;;25A105;20250127;EcritureLib_0626;;0,00;126,74;C;;;
BQ;Banque BQ;;20250127;51100000;CompteLib_0032;;;25A106;20250127;EcritureLib_0998;;0,00;463,10;C;;;
BQ;Banque BQ;;20250127;51200000;CompteLib_0033;;;25A106;20250127;EcritureLib_0998;;463,10;0,00;D;;;
BQ;Banque BQ;;20250129;40100000;CompteLib_0011;FORANGE;ORANGE;25A107;20250129;EcritureLib_0999;;60,00;0,00;D;;;
BQ;Banque BQ;;20250129;51200000;CompteLib_0033;;;25A107;20250129;EcritureLib_0999;;0,00;60,00;C;;;
BQ;Banque BQ;;20250129;40100000;CompteLib_0011;FCARREFOUR;CARREFOUR;25A108;20250129;EcritureLib_0626;;22,75;0,00;D;;;
BQ;Banque BQ;;20250129;51200000;CompteLib_0033;;;25A108;20250129;EcritureLib_0626;;0,00;22,75;C;;;
BQ;Banque BQ;;20250129;51100000;CompteLib_0032;;;25A109;20250129;EcritureLib_1000;;0,00;221,70;C;;;
BQ;Banque BQ;;20250129;51200000;CompteLib_0033;;;25A109;20250129;EcritureLib_1000;;221,70;0,00;D;;;
BQ;Banque BQ;;20250129;51100000;CompteLib_0032;;;25A110;20250129;EcritureLib_1001;;0,00;24,80;C;;;
BQ;Banque BQ;;20250129;51200000;CompteLib_0033;;;25A110;20250129;EcritureLib_1001;;24,80;0,00;D;;;
BQ;Banque BQ;;20250130;51140000;CompteLib_0044;;;25A111;20250130;EcritureLib_1002;;0,00;40,62;C;;;
BQ;Banque BQ;;20250130;51200000;CompteLib_0033;;;25A111;20250130;EcritureLib_1002;;40,62;0,00;D;;;
BQ;Banque BQ;;20250130;51140000;CompteLib_0044;;;25A112;20250130;EcritureLib_1003;;0,00;17,40;C;;;
BQ;Banque BQ;;20250130;51200000;CompteLib_0033;;;25A112;20250130;EcritureLib_1003;;17,40;0,00;D;;;
BQ;Banque BQ;;20250130;40100000;CompteLib_0011;FCARREFOUR;CARREFOUR;25A113;20250130;EcritureLib_0626;;86,95;0,00;D;;;
BQ;Banque BQ;;20250130;51200000;CompteLib_0033;;;25A113;20250130;EcritureLib_0626;;0,00;86,95;C;;;
BQ;Banque BQ;;20250130;51100000;CompteLib_0032;;;25A114;20250130;EcritureLib_1004;;0,00;271,94;C;;;
BQ;Banque BQ;;20250130;51200000;CompteLib_0033;;;25A114;20250130;EcritureLib_1004;;271,94;0,00;D;;;
BQ;Banque BQ;;20250130;51100000;CompteLib_0032;;;25A115;20250130;EcritureLib_1005;;0,00;15,40;C;;;
BQ;Banque BQ;;20250130;51200000;CompteLib_0033;;;25A115;20250130;EcritureLib_1005;;15,40;0,00;D;;;
BQ;Banque BQ;;20250131;47100000;CompteLib_0043;;;25A117;20250131;EcritureLib_1006;;1463,62;0,00;D;;;
BQ;Banque BQ;;20250131;51200000;CompteLib_0033;;;25A117;20250131;EcritureLib_1006;;0,00;1463,62;C;;;
BQ;Banque BQ;;20250131;40100000;CompteLib_0011;FCARREFOUR;CARREFOUR;25A118;20250131;EcritureLib_0626;;18,73;0,00;D;;;
BQ;Banque BQ;;20250131;51200000;CompteLib_0033;;;25A118;20250131;EcritureLib_0626;;0,00;18,73;C;;;
BQ;Banque BQ;;20250131;51100000;CompteLib_0032;;;25A119;20250131;EcritureLib_1007;;0,00;205,55;C;;;
BQ;Banque BQ;;20250131;51200000;CompteLib_0033;;;25A119;20250131;EcritureLib_1007;;205,55;0,00;D;;;
BQ;Banque BQ;;20250131;51100000;CompteLib_0032;;;25A120;20250131;EcritureLib_1008;;0,00;61,50;C;;;
BQ;Banque BQ;;20250131;51200000;CompteLib_0033;;;25A120;20250131;EcritureLib_1008;;61,50;0,00;D;;;
BQ;Banque BQ;;20250131;40100000;CompteLib_0011;FSPUNTINI;SPUNTINI FOOD'S;25A121;20250131;EcritureLib_1009;;810,35;0,00;D;;DG;20251119
BQ;Banque BQ;;20250131;51200000;CompteLib_0033;;;25A121;20250131;EcritureLib_1009;;0,00;810,35;C;;;
BQ;Banque BQ;;20250131;40100000;CompteLib_0011;FCARREFOUR;CARREFOUR;25A122;20250131;EcritureLib_1010;;70,01;0,00;D;;;
BQ;Banque BQ;;20250131;51200000;CompteLib_0033;;;25A122;20250131;EcritureLib_1010;;0,00;70,01;C;;;
BQ;Banque BQ;;20250201;51100000;CompteLib_0032;;;25B1;20250201;EcritureLib_1011;;0,00;604,25;C;;;
BQ;Banque BQ;;20250201;51200000;CompteLib_0033;;;25B1;20250201;EcritureLib_1011;;604,25;0,00;D;;;
BQ;Banque BQ;;20250201;51100000;CompteLib_0032;;;25B2;20250201;EcritureLib_1012;;0,00;57,00;C;;;
BQ;Banque BQ;;20250201;51200000;CompteLib_0033;;;25B2;20250201;EcritureLib_1012;;57,00;0,00;D;;;
BQ;Banque BQ;;20250202;51100000;CompteLib_0032;;;25B3;20250202;EcritureLib_1013;;0,00;670,10;C;;;
BQ;Banque BQ;;20250202;51200000;CompteLib_0033;;;25B3;20250202;EcritureLib_1013;;670,10;0,00;D;;;
BQ;Banque BQ;;20250202;51100000;CompteLib_0032;;;25B4;20250202;EcritureLib_1014;;0,00;274,10;C;;;
BQ;Banque BQ;;20250202;51200000;CompteLib_0033;;;25B4;20250202;EcritureLib_1014;;274,10;0,00;D;;;
BQ;Banque BQ;;20250203;61600000;CompteLib_0042;;;25B5;20250203;EcritureLib_1015;;120,44;0,00;D;;;
BQ;Banque BQ;;20250203;51200000;CompteLib_0033;;;25B5;20250203;EcritureLib_1015;;0,00;120,44;C;;;
BQ;Banque BQ;;20250203;40100000;CompteLib_0011;FCARREFOUR;CARREFOUR;25B6;20250203;EcritureLib_0626;;27,88;0,00;D;;;
BQ;Banque BQ;;20250203;51200000;CompteLib_0033;;;25B6;20250203;EcritureLib_0626;;0,00;27,88;C;;;
BQ;Banque BQ;;20250203;51100000;CompteLib_0032;;;25B7;20250203;EcritureLib_1016;;0,00;490,80;C;;;
BQ;Banque BQ;;20250203;51200000;CompteLib_0033;;;25B7;20250203;EcritureLib_1016;;490,80;0,00;D;;;
BQ;Banque BQ;;20250203;51100000;CompteLib_0032;;;25B8;20250203;EcritureLib_1017;;0,00;13,80;C;;;
BQ;Banque BQ;;20250203;51200000;CompteLib_0033;;;25B8;20250203;EcritureLib_1017;;13,80;0,00;D;;;
BQ;Banque BQ;;20250203;40100000;CompteLib_0011;FPOMPIER;AMICALE DES SAPEURS POMPIERS;25B9;20250203;EcritureLib_1018;;50,00;0,00;D;;B;20250708
BQ;Banque BQ;;20250203;51200000;CompteLib_0033;;;25B9;20250203;EcritureLib_1018;;0,00;50,00;C;;;
BQ;Banque BQ;;20250204;40100000;CompteLib_0011;FSWILE;SWILE;25B10;20250204;EcritureLib_1019;;7,75;0,00;D;;;
BQ;Banque BQ;;20250204;51200000;CompteLib_0033;;;25B10;20250204;EcritureLib_1019;;0,00;7,75;C;;;
BQ;Banque BQ;;20250204;43702000;CompteLib_0016;;;25B11;20250204;EcritureLib_1020;;5,07;0,00;D;;;
BQ;Banque BQ;;20250204;51200000;CompteLib_0033;;;25B11;20250204;EcritureLib_1020;;0,00;5,07;C;;;
BQ;Banque BQ;;20250204;51140000;CompteLib_0044;;;25B12;20250204;EcritureLib_1021;;0,00;16,08;C;;;
BQ;Banque BQ;;20250204;51200000;CompteLib_0033;;;25B12;20250204;EcritureLib_1021;;16,08;0,00;D;;;
BQ;Banque BQ;;20250204;60612000;CompteLib_0041;;;25B13;20250204;EcritureLib_0067;;0,00;130,00;C;;;
BQ;Banque BQ;;20250204;51200000;CompteLib_0033;;;25B13;20250204;EcritureLib_0067;;130,00;0,00;D;;;
BQ;Banque BQ;;20250204;61600000;CompteLib_0042;;;25B14;20250204;EcritureLib_1022;;24,08;0,00;D;;;
BQ;Banque BQ;;20250204;51200000;CompteLib_0033;;;25B14;20250204;EcritureLib_1022;;0,00;24,08;C;;;
BQ;Banque BQ;;20250205;61600000;CompteLib_0042;;;25B15;20250205;EcritureLib_1023;;76,14;0,00;D;;;
BQ;Banque BQ;;20250205;51200000;CompteLib_0033;;;25B15;20250205;EcritureLib_1023;;0,00;76,14;C;;;
BQ;Banque BQ;;20250205;47100000;CompteLib_0043;;;25B16;20250205;EcritureLib_1024;;102,00;0,00;D;;;
BQ;Banque BQ;;20250205;51200000;CompteLib_0033;;;25B16;20250205;EcritureLib_1024;;0,00;102,00;C;;;
BQ;Banque BQ;;20250205;62700000;CompteLib_0045;;;25B17;20250205;EcritureLib_1025;;52,17;0,00;D;;;
BQ;Banque BQ;;20250205;44566100;CompteLib_0025;;;25B17;20250205;EcritureLib_1025;;10,43;0,00;D;;;
BQ;Banque BQ;;20250205;51200000;CompteLib_0033;;;25B17;20250205;EcritureLib_1025;;0,00;62,60;C;;;
BQ;Banque BQ;;20250205;61321000;CompteLib_0046;;;25B18;20250205;EcritureLib_0074;;1000,00;0,00;D;;;
BQ;Banque BQ;;20250205;44566100;CompteLib_0025;;;25B18;20250205;EcritureLib_0074;;200,00;0,00;D;;;
BQ;Banque BQ;;20250205;51200000;CompteLib_0033;;;25B18;20250205;EcritureLib_0074;;0,00;1200,00;C;;;
BQ;Banque BQ;;20250205;40100000;CompteLib_0011;FCARREFOUR;CARREFOUR;25B19;20250205;EcritureLib_0626;;100,47;0,00;D;;;
BQ;Banque BQ;;20250205;51200000;CompteLib_0033;;;25B19;20250205;EcritureLib_0626;;0,00;100,47;C;;;
BQ;Banque BQ;;20250205;51100000;CompteLib_0032;;;25B20;20250205;EcritureLib_1026;;0,00;392,40;C;;;
BQ;Banque BQ;;20250205;51200000;CompteLib_0033;;;25B20;20250205;EcritureLib_1026;;392,40;0,00;D;;;
BQ;Banque BQ;;20250205;51100000;CompteLib_0032;;;25B21;20250205;EcritureLib_1027;;0,00;10,20;C;;;
BQ;Banque BQ;;20250205;51200000;CompteLib_0033;;;25B21;20250205;EcritureLib_1027;;10,20;0,00;D;;;
BQ;Banque BQ;;20250206;40100000;CompteLib_0011;FIM2;IM2 MONETIQUE;25B24;20250206;EcritureLib_1028;;27,48;0,00;D;;;
BQ;Banque BQ;;20250206;51200000;CompteLib_0033;;;25B24;20250206;EcritureLib_1028;;0,00;27,48;C;;;
BQ;Banque BQ;;20250206;51140000;CompteLib_0044;;;25B25;20250206;EcritureLib_1029;;0,00;84,30;C;;;
BQ;Banque BQ;;20250206;51200000;CompteLib_0033;;;25B25;20250206;EcritureLib_1029;;84,30;0,00;D;;;
BQ;Banque BQ;;20250206;51140000;CompteLib_0044;;;25B26;20250206;EcritureLib_1030;;0,00;12,77;C;;;
BQ;Banque BQ;;20250206;51200000;CompteLib_0033;;;25B26;20250206;EcritureLib_1030;;12,77;0,00;D;;;
BQ;Banque BQ;;20250206;51140000;CompteLib_0044;;;25B27;20250206;EcritureLib_1031;;0,00;53,33;C;;;
BQ;Banque BQ;;20250206;51200000;CompteLib_0033;;;25B27;20250206;EcritureLib_1031;;53,33;0,00;D;;;
BQ;Banque BQ;;20250206;40100000;CompteLib_0011;FCARREFOUR;CARREFOUR;25B28;20250206;EcritureLib_0626;;134,20;0,00;D;;;
BQ;Banque BQ;;20250206;51200000;CompteLib_0033;;;25B28;20250206;EcritureLib_0626;;0,00;134,20;C;;;
BQ;Banque BQ;;20250206;51100000;CompteLib_0032;;;25B29;20250206;EcritureLib_1032;;0,00;446,80;C;;;
BQ;Banque BQ;;20250206;51200000;CompteLib_0033;;;25B29;20250206;EcritureLib_1032;;446,80;0,00;D;;;
BQ;Banque BQ;;20250206;51100000;CompteLib_0032;;;25B30;20250206;EcritureLib_1033;;0,00;98,50;C;;;
BQ;Banque BQ;;20250206;51200000;CompteLib_0033;;;25B30;20250206;EcritureLib_1033;;98,50;0,00;D;;;
BQ;Banque BQ;;20250206;47100000;CompteLib_0043;;;25B31;20250206;EcritureLib_1034;;0,00;1990,00;C;;;
BQ;Banque BQ;;20250206;51200000;CompteLib_0033;;;25B31;20250206;EcritureLib_1034;;1990,00;0,00;D;;;
BQ;Banque BQ;;20250207;51100000;CompteLib_0032;;;25B33;20250207;EcritureLib_1035;;0,00;320,30;C;;;
BQ;Banque BQ;;20250207;51200000;CompteLib_0033;;;25B33;20250207;EcritureLib_1035;;320,30;0,00;D;;;
BQ;Banque BQ;;20250207;51100000;CompteLib_0032;;;25B34;20250207;EcritureLib_1036;;0,00;57,70;C;;;
BQ;Banque BQ;;20250207;51200000;CompteLib_0033;;;25B34;20250207;EcritureLib_1036;;57,70;0,00;D;;;
BQ;Banque BQ;;20250208;51100000;CompteLib_0032;;;25B36;20250208;EcritureLib_1037;;0,00;931,60;C;;;
BQ;Banque BQ;;20250208;51200000;CompteLib_0033;;;25B36;20250208;EcritureLib_1037;;931,60;0,00;D;;;
BQ;Banque BQ;;20250208;51100000;CompteLib_0032;;;25B37;20250208;EcritureLib_1038;;0,00;81,40;C;;;
BQ;Banque BQ;;20250208;51200000;CompteLib_0033;;;25B37;20250208;EcritureLib_1038;;81,40;0,00;D;;;
BQ;Banque BQ;;20250209;51100000;CompteLib_0032;;;25B38;20250209;EcritureLib_1039;;0,00;417,70;C;;;
BQ;Banque BQ;;20250209;51200000;CompteLib_0033;;;25B38;20250209;EcritureLib_1039;;417,70;0,00;D;;;
BQ;Banque BQ;;20250210;40100000;CompteLib_0011;FJDC;JDC;25B39;20250210;EcritureLib_1040;;142,74;0,00;D;;;
BQ;Banque BQ;;20250210;51200000;CompteLib_0033;;;25B39;20250210;EcritureLib_1040;;0,00;142,74;C;;;
BQ;Banque BQ;;20250210;40100000;CompteLib_0011;FCARREFOUR;CARREFOUR;25B40;20250210;EcritureLib_0626;;48,80;0,00;D;;;
BQ;Banque BQ;;20250210;51200000;CompteLib_0033;;;25B40;20250210;EcritureLib_0626;;0,00;48,80;C;;;
BQ;Banque BQ;;20250210;40100000;CompteLib_0011;FCARBURANT;CARBURANT;25B41;20250210;EcritureLib_0690;;96,01;0,00;D;;;
BQ;Banque BQ;;20250210;51200000;CompteLib_0033;;;25B41;20250210;EcritureLib_0690;;0,00;96,01;C;;;
BQ;Banque BQ;;20250210;40100000;CompteLib_0011;FCARREFOUR;CARREFOUR;25B42;20250210;EcritureLib_0626;;95,06;0,00;D;;;
BQ;Banque BQ;;20250210;51200000;CompteLib_0033;;;25B42;20250210;EcritureLib_0626;;0,00;95,06;C;;;
BQ;Banque BQ;;20250210;51100000;CompteLib_0032;;;25B43;20250210;EcritureLib_1041;;0,00;461,40;C;;;
BQ;Banque BQ;;20250210;51200000;CompteLib_0033;;;25B43;20250210;EcritureLib_1041;;461,40;0,00;D;;;
BQ;Banque BQ;;20250210;51100000;CompteLib_0032;;;25B44;20250210;EcritureLib_1042;;0,00;71,00;C;;;
BQ;Banque BQ;;20250210;51200000;CompteLib_0033;;;25B44;20250210;EcritureLib_1042;;71,00;0,00;D;;;
BQ;Banque BQ;;20250210;40100000;CompteLib_0011;FSPUNTINI;SPUNTINI FOOD'S;25B45;20250210;EcritureLib_1043;;723,65;0,00;D;;CZ;20251119
BQ;Banque BQ;;20250210;51200000;CompteLib_0033;;;25B45;20250210;EcritureLib_1043;;0,00;723,65;C;;;
BQ;Banque BQ;;20250210;42100000;CompteLib_0012;;;25B46;20250210;EcritureLib_1044;;671,04;0,00;D;;;
BQ;Banque BQ;;20250210;51200000;CompteLib_0033;;;25B46;20250210;EcritureLib_1044;;0,00;671,04;C;;;
BQ;Banque BQ;;20250210;42100000;CompteLib_0012;;;25B47;20250210;EcritureLib_1045;;475,72;0,00;D;;;
BQ;Banque BQ;;20250210;51200000;CompteLib_0033;;;25B47;20250210;EcritureLib_1045;;0,00;475,72;C;;;
BQ;Banque BQ;;20250210;42100000;CompteLib_0012;;;25B48;20250210;EcritureLib_1046;;479,94;0,00;D;;;
BQ;Banque BQ;;20250210;51200000;CompteLib_0033;;;25B48;20250210;EcritureLib_1046;;0,00;479,94;C;;;
BQ;Banque BQ;;20250210;42100000;CompteLib_0012;;;25B49;20250210;EcritureLib_1047;;485,68;0,00;D;;;
BQ;Banque BQ;;20250210;51200000;CompteLib_0033;;;25B49;20250210;EcritureLib_1047;;0,00;485,68;C;;;
BQ;Banque BQ;;20250210;66100000;CompteLib_0055;;;25B50;20250210;EcritureLib_1048;;4,21;0,00;D;;;
BQ;Banque BQ;;20250210;51200000;CompteLib_0033;;;25B50;20250210;EcritureLib_1048;;0,00;4,21;C;;;
BQ;Banque BQ;;20250210;16400000;CompteLib_0005;;;25B51;20250210;EcritureLib_1049;;700,39;0,00;D;;;
BQ;Banque BQ;;20250210;51200000;CompteLib_0033;;;25B51;20250210;EcritureLib_1049;;0,00;700,39;C;;;
BQ;Banque BQ;;20250210;62700000;CompteLib_0045;;;25B52;20250210;EcritureLib_0092;;34,29;0,00;D;;;
BQ;Banque BQ;;20250210;44566100;CompteLib_0025;;;25B52;20250210;EcritureLib_0092;;6,86;0,00;D;;;
BQ;Banque BQ;;20250210;51200000;CompteLib_0033;;;25B52;20250210;EcritureLib_0092;;0,00;41,15;C;;;
BQ;Banque BQ;;20250211;40100000;CompteLib_0011;FLOTQU;LOT QUALITE;25B53;20250211;EcritureLib_1050;;1471,72;0,00;D;;;
BQ;Banque BQ;;20250211;51200000;CompteLib_0033;;;25B53;20250211;EcritureLib_1050;;0,00;1471,72;C;;;
BQ;Banque BQ;;20250212;51140000;CompteLib_0044;;;25B54;20250212;EcritureLib_1051;;0,00;39,70;C;;;
BQ;Banque BQ;;20250212;51200000;CompteLib_0033;;;25B54;20250212;EcritureLib_1051;;39,70;0,00;D;;;
BQ;Banque BQ;;20250212;51140000;CompteLib_0044;;;25B55;20250212;EcritureLib_1052;;0,00;23,80;C;;;
BQ;Banque BQ;;20250212;51200000;CompteLib_0033;;;25B55;20250212;EcritureLib_1052;;23,80;0,00;D;;;
BQ;Banque BQ;;20250212;51140000;CompteLib_0044;;;25B56;20250212;EcritureLib_1053;;0,00;10,90;C;;;
BQ;Banque BQ;;20250212;51200000;CompteLib_0033;;;25B56;20250212;EcritureLib_1053;;10,90;0,00;D;;;
BQ;Banque BQ;;20250212;51100000;CompteLib_0032;;;25B57;20250212;EcritureLib_1054;;0,00;207,90;C;;;
BQ;Banque BQ;;20250212;51200000;CompteLib_0033;;;25B57;20250212;EcritureLib_1054;;207,90;0,00;D;;;
BQ;Banque BQ;;20250212;51100000;CompteLib_0032;;;25B58;20250212;EcritureLib_1055;;0,00;15,70;C;;;
BQ;Banque BQ;;20250212;51200000;CompteLib_0033;;;25B58;20250212;EcritureLib_1055;;15,70;0,00;D;;;
BQ;Banque BQ;;20250212;70190000;CompteLib_0053;;;25B59;20250212;EcritureLib_1056;;0,00;25,00;C;;;
BQ;Banque BQ;;20250212;51200000;CompteLib_0033;;;25B59;20250212;EcritureLib_1056;;25,00;0,00;D;;;
BQ;Banque BQ;;20250213;51140000;CompteLib_0044;;;25B60;20250213;EcritureLib_1057;;0,00;37,52;C;;;
BQ;Banque BQ;;20250213;51200000;CompteLib_0033;;;25B60;20250213;EcritureLib_1057;;37,52;0,00;D;;;
BQ;Banque BQ;;20250213;51140000;CompteLib_0044;;;25B61;20250213;EcritureLib_1058;;0,00;8,94;C;;;
BQ;Banque BQ;;20250213;51200000;CompteLib_0033;;;25B61;20250213;EcritureLib_1058;;8,94;0,00;D;;;
BQ;Banque BQ;;20250213;51100000;CompteLib_0032;;;25B62;20250213;EcritureLib_1059;;0,00;184,50;C;;;
BQ;Banque BQ;;20250213;51200000;CompteLib_0033;;;25B62;20250213;EcritureLib_1059;;184,50;0,00;D;;;
BQ;Banque BQ;;20250213;51100000;CompteLib_0032;;;25B63;20250213;EcritureLib_1060;;0,00;78,50;C;;;
BQ;Banque BQ;;20250213;51200000;CompteLib_0033;;;25B63;20250213;EcritureLib_1060;;78,50;0,00;D;;;
BQ;Banque BQ;;20250214;51140000;CompteLib_0044;;;25B65;20250214;EcritureLib_1061;;0,00;17,60;C;;;
BQ;Banque BQ;;20250214;51200000;CompteLib_0033;;;25B65;20250214;EcritureLib_1061;;17,60;0,00;D;;;
BQ;Banque BQ;;20250214;47100000;CompteLib_0043;;;25B66;20250214;EcritureLib_1062;;0,00;72,28;C;;;
BQ;Banque BQ;;20250214;51200000;CompteLib_0033;;;25B66;20250214;EcritureLib_1062;;72,28;0,00;D;;;
BQ;Banque BQ;;20250214;51100000;CompteLib_0032;;;25B67;20250214;EcritureLib_1063;;0,00;165,50;C;;;
BQ;Banque BQ;;20250214;51200000;CompteLib_0033;;;25B67;20250214;EcritureLib_1063;;165,50;0,00;D;;;
BQ;Banque BQ;;20250214;51100000;CompteLib_0032;;;25B68;20250214;EcritureLib_1064;;0,00;80,80;C;;;
BQ;Banque BQ;;20250214;51200000;CompteLib_0033;;;25B68;20250214;EcritureLib_1064;;80,80;0,00;D;;;
BQ;Banque BQ;;20250214;51140000;CompteLib_0044;;;25B69;20250214;EcritureLib_1065;;0,00;230,68;C;;;
BQ;Banque BQ;;20250214;51200000;CompteLib_0033;;;25B69;20250214;EcritureLib_1065;;230,68;0,00;D;;;
BQ;Banque BQ;;20250214;62700000;CompteLib_0045;;;25B70;20250214;EcritureLib_0528;;0,37;0,00;D;;;
BQ;Banque BQ;;20250214;44566100;CompteLib_0025;;;25B70;20250214;EcritureLib_0528;;0,08;0,00;D;;;
BQ;Banque BQ;;20250214;51200000;CompteLib_0033;;;25B70;20250214;EcritureLib_0528;;0,00;0,45;C;;;
BQ;Banque BQ;;20250215;51100000;CompteLib_0032;;;25B71;20250215;EcritureLib_1066;;0,00;682,70;C;;;
BQ;Banque BQ;;20250215;51200000;CompteLib_0033;;;25B71;20250215;EcritureLib_1066;;682,70;0,00;D;;;
BQ;Banque BQ;;20250216;51100000;CompteLib_0032;;;25B72;20250216;EcritureLib_1067;;0,00;486,00;C;;;
BQ;Banque BQ;;20250216;51200000;CompteLib_0033;;;25B72;20250216;EcritureLib_1067;;486,00;0,00;D;;;
BQ;Banque BQ;;20250216;51100000;CompteLib_0032;;;25B73;20250216;EcritureLib_1068;;0,00;67,30;C;;;
BQ;Banque BQ;;20250216;51200000;CompteLib_0033;;;25B73;20250216;EcritureLib_1068;;67,30;0,00;D;;;
BQ;Banque BQ;;20250217;60100000;CompteLib_0038;;;25B74;20250217;EcritureLib_0719;;53,36;0,00;D;;;
BQ;Banque BQ;;20250217;51200000;CompteLib_0033;;;25B74;20250217;EcritureLib_0719;;0,00;53,36;C;;;
BQ;Banque BQ;;20250217;51100000;CompteLib_0032;;;25B75;20250217;EcritureLib_1069;;0,00;463,80;C;;;
BQ;Banque BQ;;20250217;51200000;CompteLib_0033;;;25B75;20250217;EcritureLib_1069;;463,80;0,00;D;;;
BQ;Banque BQ;;20250217;51100000;CompteLib_0032;;;25B76;20250217;EcritureLib_1070;;0,00;119,60;C;;;
BQ;Banque BQ;;20250217;51200000;CompteLib_0033;;;25B76;20250217;EcritureLib_1070;;119,60;0,00;D;;;
BQ;Banque BQ;;20250217;40100000;CompteLib_0011;FSPUNTINI;SPUNTINI FOOD'S;25B77;20250217;EcritureLib_1071;;583,21;0,00;D;;DA;20251119
BQ;Banque BQ;;20250217;51200000;CompteLib_0033;;;25B77;20250217;EcritureLib_1071;;0,00;583,21;C;;;
BQ;Banque BQ;;20250217;45500000;CompteLib_0031;;;25B78;20250217;EcritureLib_1072;;1000,00;0,00;D;;;
BQ;Banque BQ;;20250217;51200000;CompteLib_0033;;;25B78;20250217;EcritureLib_1072;;0,00;1000,00;C;;;
BQ;Banque BQ;;20250218;40100000;CompteLib_0011;FSWILE;SWILE;25B79;20250218;EcritureLib_1073;;6,49;0,00;D;;;
BQ;Banque BQ;;20250218;51200000;CompteLib_0033;;;25B79;20250218;EcritureLib_1073;;0,00;6,49;C;;;
BQ;Banque BQ;;20250218;47100000;CompteLib_0043;;;25B80;20250218;EcritureLib_1074;;766,00;0,00;D;;;
BQ;Banque BQ;;20250218;51200000;CompteLib_0033;;;25B80;20250218;EcritureLib_1074;;0,00;766,00;C;;;
BQ;Banque BQ;;20250218;51140000;CompteLib_0044;;;25B81;20250218;EcritureLib_1075;;0,00;33,90;C;;;
BQ;Banque BQ;;20250218;51200000;CompteLib_0033;;;25B81;20250218;EcritureLib_1075;;33,90;0,00;D;;;
BQ;Banque BQ;;20250219;51140000;CompteLib_0044;;;25B82;20250219;EcritureLib_1076;;0,00;20,94;C;;;
BQ;Banque BQ;;20250219;51200000;CompteLib_0033;;;25B82;20250219;EcritureLib_1076;;20,94;0,00;D;;;
BQ;Banque BQ;;20250219;40100000;CompteLib_0011;FCARREFOUR;CARREFOUR;25B83;20250219;EcritureLib_1077;;80,78;0,00;D;;;
BQ;Banque BQ;;20250219;51200000;CompteLib_0033;;;25B83;20250219;EcritureLib_1077;;0,00;80,78;C;;;
BQ;Banque BQ;;20250219;51100000;CompteLib_0032;;;25B84;20250219;EcritureLib_1078;;0,00;145,04;C;;;
BQ;Banque BQ;;20250219;51200000;CompteLib_0033;;;25B84;20250219;EcritureLib_1078;;145,04;0,00;D;;;
BQ;Banque BQ;;20250220;40100000;CompteLib_0011;FLOTQU;LOT QUALITE;25B85;20250220;EcritureLib_1079;;1291,32;0,00;D;;;
BQ;Banque BQ;;20250220;51200000;CompteLib_0033;;;25B85;20250220;EcritureLib_1079;;0,00;1291,32;C;;;
BQ;Banque BQ;;20250220;51140000;CompteLib_0044;;;25B86;20250220;EcritureLib_1080;;0,00;676,82;C;;;
BQ;Banque BQ;;20250220;51200000;CompteLib_0033;;;25B86;20250220;EcritureLib_1080;;676,82;0,00;D;;;
BQ;Banque BQ;;20250220;51140000;CompteLib_0044;;;25B87;20250220;EcritureLib_1081;;0,00;717,63;C;;;
BQ;Banque BQ;;20250220;51200000;CompteLib_0033;;;25B87;20250220;EcritureLib_1081;;717,63;0,00;D;;;
BQ;Banque BQ;;20250220;40100000;CompteLib_0011;FCARREFOUR;CARREFOUR;25B88;20250220;EcritureLib_1077;;42,30;0,00;D;;;
BQ;Banque BQ;;20250220;51200000;CompteLib_0033;;;25B88;20250220;EcritureLib_1077;;0,00;42,30;C;;;
BQ;Banque BQ;;20250220;51100000;CompteLib_0032;;;25B89;20250220;EcritureLib_1082;;0,00;206,20;C;;;
BQ;Banque BQ;;20250220;51200000;CompteLib_0033;;;25B89;20250220;EcritureLib_1082;;206,20;0,00;D;;;
BQ;Banque BQ;;20250220;51100000;CompteLib_0032;;;25B90;20250220;EcritureLib_1083;;0,00;30,40;C;;;
BQ;Banque BQ;;20250220;51200000;CompteLib_0033;;;25B90;20250220;EcritureLib_1083;;30,40;0,00;D;;;
BQ;Banque BQ;;20250221;51100000;CompteLib_0032;;;25B92;20250221;EcritureLib_1084;;0,00;141,10;C;;;
BQ;Banque BQ;;20250221;51200000;CompteLib_0033;;;25B92;20250221;EcritureLib_1084;;141,10;0,00;D;;;
BQ;Banque BQ;;20250221;40100000;CompteLib_0011;FSPUNTINI;SPUNTINI FOOD'S;25B93;20250221;EcritureLib_1085;;766,65;0,00;D;;CW;20251119
BQ;Banque BQ;;20250221;51200000;CompteLib_0033;;;25B93;20250221;EcritureLib_1085;;0,00;766,65;C;;;
BQ;Banque BQ;;20250222;62700000;CompteLib_0045;;;25B95;20250222;EcritureLib_1086;;2,11;0,00;D;;;
BQ;Banque BQ;;20250222;44566100;CompteLib_0025;;;25B95;20250222;EcritureLib_1086;;0,42;0,00;D;;;
BQ;Banque BQ;;20250222;51200000;CompteLib_0033;;;25B95;20250222;EcritureLib_1086;;0,00;2,53;C;;;
BQ;Banque BQ;;20250222;66100000;CompteLib_0055;;;25B96;20250222;EcritureLib_1087;;1,36;0,00;D;;;
BQ;Banque BQ;;20250222;51200000;CompteLib_0033;;;25B96;20250222;EcritureLib_1087;;0,00;1,36;C;;;
BQ;Banque BQ;;20250222;16410000;CompteLib_0005;;;25B97;20250222;EcritureLib_1088;;201,40;0,00;D;;;
BQ;Banque BQ;;20250222;51200000;CompteLib_0033;;;25B97;20250222;EcritureLib_1088;;0,00;201,40;C;;;
BQ;Banque BQ;;20250222;51100000;CompteLib_0032;;;25B98;20250222;EcritureLib_1089;;0,00;933,80;C;;;
BQ;Banque BQ;;20250222;51200000;CompteLib_0033;;;25B98;20250222;EcritureLib_1089;;933,80;0,00;D;;;
BQ;Banque BQ;;20250222;51100000;CompteLib_0032;;;25B99;20250222;EcritureLib_1090;;0,00;52,50;C;;;
BQ;Banque BQ;;20250222;51200000;CompteLib_0033;;;25B99;20250222;EcritureLib_1090;;52,50;0,00;D;;;
BQ;Banque BQ;;20250224;40100000;CompteLib_0011;FCARREFOUR;CARREFOUR;25B100;20250224;EcritureLib_1077;;68,53;0,00;D;;;
BQ;Banque BQ;;20250224;51200000;CompteLib_0033;;;25B100;20250224;EcritureLib_1077;;0,00;68,53;C;;;
BQ;Banque BQ;;20250224;40100000;CompteLib_0011;FCARREFOUR;CARREFOUR;25B101;20250224;EcritureLib_1077;;37,53;0,00;D;;;
BQ;Banque BQ;;20250224;51200000;CompteLib_0033;;;25B101;20250224;EcritureLib_1077;;0,00;37,53;C;;;
BQ;Banque BQ;;20250224;51100000;CompteLib_0032;;;25B102;20250224;EcritureLib_1091;;0,00;586,40;C;;;
BQ;Banque BQ;;20250224;51200000;CompteLib_0033;;;25B102;20250224;EcritureLib_1091;;586,40;0,00;D;;;
BQ;Banque BQ;;20250224;51100000;CompteLib_0032;;;25B103;20250224;EcritureLib_1092;;0,00;31,30;C;;;
BQ;Banque BQ;;20250224;51200000;CompteLib_0033;;;25B103;20250224;EcritureLib_1092;;31,30;0,00;D;;;
BQ;Banque BQ;;20250225;43703000;CompteLib_0017;;;25B104;20250225;EcritureLib_1093;;162,22;0,00;D;;;
BQ;Banque BQ;;20250225;51200000;CompteLib_0033;;;25B104;20250225;EcritureLib_1093;;0,00;162,22;C;;;
BQ;Banque BQ;;20250225;44551000;CompteLib_0024;;;25B105;20250225;EcritureLib_1094;;991,00;0,00;D;;K;20250320
BQ;Banque BQ;;20250225;51200000;CompteLib_0033;;;25B105;20250225;EcritureLib_1094;;0,00;991,00;C;;;
BQ;Banque BQ;;20250225;40100000;CompteLib_0011;FSTC;STC;25B106;20250225;EcritureLib_1095;;93,60;0,00;D;;;
BQ;Banque BQ;;20250225;51200000;CompteLib_0033;;;25B106;20250225;EcritureLib_1095;;0,00;93,60;C;;;
BQ;Banque BQ;;20250225;40100000;CompteLib_0011;FSTC;STC;25B107;20250225;EcritureLib_1095;;253,20;0,00;D;;;
BQ;Banque BQ;;20250225;51200000;CompteLib_0033;;;25B107;20250225;EcritureLib_1095;;0,00;253,20;C;;;
BQ;Banque BQ;;20250226;51140000;CompteLib_0044;;;25B108;20250226;EcritureLib_1096;;0,00;70,07;C;;;
BQ;Banque BQ;;20250226;51200000;CompteLib_0033;;;25B108;20250226;EcritureLib_1096;;70,07;0,00;D;;;
BQ;Banque BQ;;20250226;47100000;CompteLib_0043;;;25B109;20250226;EcritureLib_1097;;80,00;0,00;D;;;
BQ;Banque BQ;;20250226;51200000;CompteLib_0033;;;25B109;20250226;EcritureLib_1097;;0,00;80,00;C;;;
BQ;Banque BQ;;20250227;51140000;CompteLib_0044;;;25B110;20250227;EcritureLib_1098;;0,00;87,04;C;;;
BQ;Banque BQ;;20250227;51200000;CompteLib_0033;;;25B110;20250227;EcritureLib_1098;;87,04;0,00;D;;;
BQ;Banque BQ;;20250227;51140000;CompteLib_0044;;;25B111;20250227;EcritureLib_1099;;0,00;21,69;C;;;
BQ;Banque BQ;;20250227;51200000;CompteLib_0033;;;25B111;20250227;EcritureLib_1099;;21,69;0,00;D;;;
BQ;Banque BQ;;20250227;51140000;CompteLib_0044;;;25B112;20250227;EcritureLib_1100;;0,00;67,65;C;;;
BQ;Banque BQ;;20250227;51200000;CompteLib_0033;;;25B112;20250227;EcritureLib_1100;;67,65;0,00;D;;;
BQ;Banque BQ;;20250227;40100000;CompteLib_0011;FCARREFOUR;CARREFOUR;25B113;20250227;EcritureLib_1077;;85,05;0,00;D;;;
BQ;Banque BQ;;20250227;51200000;CompteLib_0033;;;25B113;20250227;EcritureLib_1077;;0,00;85,05;C;;;
BQ;Banque BQ;;20250227;51100000;CompteLib_0032;;;25B114;20250227;EcritureLib_1101;;0,00;403,54;C;;;
BQ;Banque BQ;;20250227;51200000;CompteLib_0033;;;25B114;20250227;EcritureLib_1101;;403,54;0,00;D;;;
BQ;Banque BQ;;20250227;51100000;CompteLib_0032;;;25B115;20250227;EcritureLib_1102;;0,00;22,07;C;;;
BQ;Banque BQ;;20250227;51200000;CompteLib_0033;;;25B115;20250227;EcritureLib_1102;;22,07;0,00;D;;;
BQ;Banque BQ;;20250228;40100000;CompteLib_0011;FORANGE;ORANGE;25B117;20250228;EcritureLib_1103;;60,00;0,00;D;;;
BQ;Banque BQ;;20250228;51200000;CompteLib_0033;;;25B117;20250228;EcritureLib_1103;;0,00;60,00;C;;;
BQ;Banque BQ;;20250228;40100000;CompteLib_0011;FCARBURANT;CARBURANT;25B118;20250228;EcritureLib_1104;;88,00;0,00;D;;;
BQ;Banque BQ;;20250228;51200000;CompteLib_0033;;;25B118;20250228;EcritureLib_1104;;0,00;88,00;C;;;
BQ;Banque BQ;;20250228;40100000;CompteLib_0011;FCARREFOUR;CARREFOUR;25B119;20250228;EcritureLib_1077;;18,50;0,00;D;;;
BQ;Banque BQ;;20250228;51200000;CompteLib_0033;;;25B119;20250228;EcritureLib_1077;;0,00;18,50;C;;;
BQ;Banque BQ;;20250228;51100000;CompteLib_0032;;;25B120;20250228;EcritureLib_1105;;0,00;318,20;C;;;
BQ;Banque BQ;;20250228;51200000;CompteLib_0033;;;25B120;20250228;EcritureLib_1105;;318,20;0,00;D;;;
BQ;Banque BQ;;20250301;51100000;CompteLib_0032;;;25C1;20250301;EcritureLib_1106;;0,00;914,45;C;;;
BQ;Banque BQ;;20250301;51200000;CompteLib_0033;;;25C1;20250301;EcritureLib_1106;;914,45;0,00;D;;;
BQ;Banque BQ;;20250301;51100000;CompteLib_0032;;;25C2;20250301;EcritureLib_1107;;0,00;74,40;C;;;
BQ;Banque BQ;;20250301;51200000;CompteLib_0033;;;25C2;20250301;EcritureLib_1107;;74,40;0,00;D;;;
BQ;Banque BQ;;20250302;51100000;CompteLib_0032;;;25C3;20250302;EcritureLib_1108;;0,00;619,00;C;;;
BQ;Banque BQ;;20250302;51200000;CompteLib_0033;;;25C3;20250302;EcritureLib_1108;;619,00;0,00;D;;;
BQ;Banque BQ;;20250302;51100000;CompteLib_0032;;;25C4;20250302;EcritureLib_1109;;0,00;19,90;C;;;
BQ;Banque BQ;;20250302;51200000;CompteLib_0033;;;25C4;20250302;EcritureLib_1109;;19,90;0,00;D;;;
BQ;Banque BQ;;20250303;61600000;CompteLib_0042;;;25C5;20250303;EcritureLib_1110;;120,44;0,00;D;;;
BQ;Banque BQ;;20250303;51200000;CompteLib_0033;;;25C5;20250303;EcritureLib_1110;;0,00;120,44;C;;;
BQ;Banque BQ;;20250303;40100000;CompteLib_0011;FCARREFOUR;CARREFOUR;25C6;20250303;EcritureLib_1077;;48,26;0,00;D;;;
BQ;Banque BQ;;20250303;51200000;CompteLib_0033;;;25C6;20250303;EcritureLib_1077;;0,00;48,26;C;;;
BQ;Banque BQ;;20250303;40100000;CompteLib_0011;FCARREFOUR;CARREFOUR;25C7;20250303;EcritureLib_1077;;82,23;0,00;D;;;
BQ;Banque BQ;;20250303;51200000;CompteLib_0033;;;25C7;20250303;EcritureLib_1077;;0,00;82,23;C;;;
BQ;Banque BQ;;20250303;51100000;CompteLib_0032;;;25C8;20250303;EcritureLib_1111;;0,00;767,89;C;;;
BQ;Banque BQ;;20250303;51200000;CompteLib_0033;;;25C8;20250303;EcritureLib_1111;;767,89;0,00;D;;;
BQ;Banque BQ;;20250303;51100000;CompteLib_0032;;;25C9;20250303;EcritureLib_1112;;0,00;17,20;C;;;
BQ;Banque BQ;;20250303;51200000;CompteLib_0033;;;25C9;20250303;EcritureLib_1112;;17,20;0,00;D;;;
BQ;Banque BQ;;20250304;47100000;CompteLib_0043;;;25C10;20250304;EcritureLib_1113;;1717,74;0,00;D;;;
BQ;Banque BQ;;20250304;51200000;CompteLib_0033;;;25C10;20250304;EcritureLib_1113;;0,00;1717,74;C;;;
BQ;Banque BQ;;20250304;40100000;CompteLib_0011;FSWILE;SWILE;25C11;20250304;EcritureLib_1114;;4,68;0,00;D;;;
BQ;Banque BQ;;20250304;51200000;CompteLib_0033;;;25C11;20250304;EcritureLib_1114;;0,00;4,68;C;;;
BQ;Banque BQ;;20250304;51140000;CompteLib_0044;;;25C12;20250304;EcritureLib_1115;;0,00;14,50;C;;;
BQ;Banque BQ;;20250304;51200000;CompteLib_0033;;;25C12;20250304;EcritureLib_1115;;14,50;0,00;D;;;
BQ;Banque BQ;;20250304;60612000;CompteLib_0041;;;25C13;20250304;EcritureLib_0067;;0,00;130,00;C;;;
BQ;Banque BQ;;20250304;51200000;CompteLib_0033;;;25C13;20250304;EcritureLib_0067;;130,00;0,00;D;;;
BQ;Banque BQ;;20250304;61600000;CompteLib_0042;;;25C14;20250304;EcritureLib_1116;;24,08;0,00;D;;;
BQ;Banque BQ;;20250304;51200000;CompteLib_0033;;;25C14;20250304;EcritureLib_1116;;0,00;24,08;C;;;
BQ;Banque BQ;;20250305;61600000;CompteLib_0042;;;25C15;20250305;EcritureLib_1117;;76,14;0,00;D;;;
BQ;Banque BQ;;20250305;51200000;CompteLib_0033;;;25C15;20250305;EcritureLib_1117;;0,00;76,14;C;;;
BQ;Banque BQ;;20250305;47100000;CompteLib_0043;;;25C16;20250305;EcritureLib_1118;;102,00;0,00;D;;;
BQ;Banque BQ;;20250305;51200000;CompteLib_0033;;;25C16;20250305;EcritureLib_1118;;0,00;102,00;C;;;
BQ;Banque BQ;;20250305;40100000;CompteLib_0011;FIM2;IM2 MONETIQUE;25C17;20250305;EcritureLib_1119;;27,48;0,00;D;;;
BQ;Banque BQ;;20250305;51200000;CompteLib_0033;;;25C17;20250305;EcritureLib_1119;;0,00;27,48;C;;;
BQ;Banque BQ;;20250305;62700000;CompteLib_0045;;;25C18;20250305;EcritureLib_1120;;53,52;0,00;D;;;
BQ;Banque BQ;;20250305;44566100;CompteLib_0025;;;25C18;20250305;EcritureLib_1120;;10,71;0,00;D;;;
BQ;Banque BQ;;20250305;51200000;CompteLib_0033;;;25C18;20250305;EcritureLib_1120;;0,00;64,23;C;;;
BQ;Banque BQ;;20250305;51140000;CompteLib_0044;;;25C19;20250305;EcritureLib_1121;;0,00;69,04;C;;;
BQ;Banque BQ;;20250305;51200000;CompteLib_0033;;;25C19;20250305;EcritureLib_1121;;69,04;0,00;D;;;
BQ;Banque BQ;;20250305;61321000;CompteLib_0046;;;25C20;20250305;EcritureLib_0074;;1000,00;0,00;D;;;
BQ;Banque BQ;;20250305;44566100;CompteLib_0025;;;25C20;20250305;EcritureLib_0074;;200,00;0,00;D;;;
BQ;Banque BQ;;20250305;51200000;CompteLib_0033;;;25C20;20250305;EcritureLib_0074;;0,00;1200,00;C;;;
BQ;Banque BQ;;20250305;40100000;CompteLib_0011;FCARREFOUR;CARREFOUR;25C21;20250305;EcritureLib_1077;;49,46;0,00;D;;;
BQ;Banque BQ;;20250305;51200000;CompteLib_0033;;;25C21;20250305;EcritureLib_1077;;0,00;49,46;C;;;
BQ;Banque BQ;;20250305;51100000;CompteLib_0032;;;25C22;20250305;EcritureLib_1122;;0,00;128,70;C;;;
BQ;Banque BQ;;20250305;51200000;CompteLib_0033;;;25C22;20250305;EcritureLib_1122;;128,70;0,00;D;;;
BQ;Banque BQ;;20250305;51100000;CompteLib_0032;;;25C23;20250305;EcritureLib_1123;;0,00;24,70;C;;;
BQ;Banque BQ;;20250305;51200000;CompteLib_0033;;;25C23;20250305;EcritureLib_1123;;24,70;0,00;D;;;
BQ;Banque BQ;;20250306;51140000;CompteLib_0044;;;25C26;20250306;EcritureLib_1124;;0,00;22,49;C;;;
BQ;Banque BQ;;20250306;51200000;CompteLib_0033;;;25C26;20250306;EcritureLib_1124;;22,49;0,00;D;;;
BQ;Banque BQ;;20250306;51140000;CompteLib_0044;;;25C27;20250306;EcritureLib_1125;;0,00;52,30;C;;;
BQ;Banque BQ;;20250306;51200000;CompteLib_0033;;;25C27;20250306;EcritureLib_1125;;52,30;0,00;D;;;
BQ;Banque BQ;;20250306;40100000;CompteLib_0011;FCARREFOUR;CARREFOUR;25C28;20250306;EcritureLib_1077;;40,65;0,00;D;;;
BQ;Banque BQ;;20250306;51200000;CompteLib_0033;;;25C28;20250306;EcritureLib_1077;;0,00;40,65;C;;;
BQ;Banque BQ;;20250306;51100000;CompteLib_0032;;;25C29;20250306;EcritureLib_1126;;0,00;354,70;C;;;
BQ;Banque BQ;;20250306;51200000;CompteLib_0033;;;25C29;20250306;EcritureLib_1126;;354,70;0,00;D;;;
BQ;Banque BQ;;20250306;51100000;CompteLib_0032;;;25C30;20250306;EcritureLib_1127;;0,00;12,70;C;;;
BQ;Banque BQ;;20250306;51200000;CompteLib_0033;;;25C30;20250306;EcritureLib_1127;;12,70;0,00;D;;;
BQ;Banque BQ;;20250306;51140000;CompteLib_0044;;;25C31;20250306;EcritureLib_1128;;0,00;25,66;C;;;
BQ;Banque BQ;;20250306;51200000;CompteLib_0033;;;25C31;20250306;EcritureLib_1128;;25,66;0,00;D;;;
BQ;Banque BQ;;20250307;40100000;CompteLib_0011;FCARREFOUR;CARREFOUR;25C33;20250307;EcritureLib_1077;;38,84;0,00;D;;;
BQ;Banque BQ;;20250307;51200000;CompteLib_0033;;;25C33;20250307;EcritureLib_1077;;0,00;38,84;C;;;
BQ;Banque BQ;;20250307;51100000;CompteLib_0032;;;25C34;20250307;EcritureLib_1129;;0,00;220,80;C;;;
BQ;Banque BQ;;20250307;51200000;CompteLib_0033;;;25C34;20250307;EcritureLib_1129;;220,80;0,00;D;;;
BQ;Banque BQ;;20250307;40100000;CompteLib_0011;FSPUNTINI;SPUNTINI FOOD'S;25C35;20250307;EcritureLib_1130;;971,72;0,00;D;;CY;20251119
BQ;Banque BQ;;20250307;51200000;CompteLib_0033;;;25C35;20250307;EcritureLib_1130;;0,00;971,72;C;;;
BQ;Banque BQ;;20250308;51100000;CompteLib_0032;;;25C36;20250308;EcritureLib_1131;;0,00;1096,70;C;;;
BQ;Banque BQ;;20250308;51200000;CompteLib_0033;;;25C36;20250308;EcritureLib_1131;;1096,70;0,00;D;;;
BQ;Banque BQ;;20250308;51100000;CompteLib_0032;;;25C37;20250308;EcritureLib_1132;;0,00;19,60;C;;;
BQ;Banque BQ;;20250308;51200000;CompteLib_0033;;;25C37;20250308;EcritureLib_1132;;19,60;0,00;D;;;
BQ;Banque BQ;;20250309;51100000;CompteLib_0032;;;25C38;20250309;EcritureLib_1133;;0,00;494,70;C;;;
BQ;Banque BQ;;20250309;51200000;CompteLib_0033;;;25C38;20250309;EcritureLib_1133;;494,70;0,00;D;;;
BQ;Banque BQ;;20250309;51100000;CompteLib_0032;;;25C39;20250309;EcritureLib_1134;;0,00;243,50;C;;;
BQ;Banque BQ;;20250309;51200000;CompteLib_0033;;;25C39;20250309;EcritureLib_1134;;243,50;0,00;D;;;
BQ;Banque BQ;;20250310;40100000;CompteLib_0011;FJDC;JDC;25C40;20250310;EcritureLib_1135;;142,74;0,00;D;;;
BQ;Banque BQ;;20250310;51200000;CompteLib_0033;;;25C40;20250310;EcritureLib_1135;;0,00;142,74;C;;;
BQ;Banque BQ;;20250310;64750000;CompteLib_0057;;;25C41;20250310;EcritureLib_1136;;455,04;0,00;D;;;
BQ;Banque BQ;;20250310;51200000;CompteLib_0033;;;25C41;20250310;EcritureLib_1136;;0,00;455,04;C;;;
BQ;Banque BQ;;20250310;64750000;CompteLib_0057;;;25C42;20250310;EcritureLib_1137;;106,80;0,00;D;;;
BQ;Banque BQ;;20250310;51200000;CompteLib_0033;;;25C42;20250310;EcritureLib_1137;;0,00;106,80;C;;;
BQ;Banque BQ;;20250310;64750000;CompteLib_0057;;;25C43;20250310;EcritureLib_1138;;180,00;0,00;D;;;
BQ;Banque BQ;;20250310;51200000;CompteLib_0033;;;25C43;20250310;EcritureLib_1138;;0,00;180,00;C;;;
BQ;Banque BQ;;20250310;40100000;CompteLib_0011;FCARREFOUR;CARREFOUR;25C44;20250310;EcritureLib_1077;;96,11;0,00;D;;;
BQ;Banque BQ;;20250310;51200000;CompteLib_0033;;;25C44;20250310;EcritureLib_1077;;0,00;96,11;C;;;
BQ;Banque BQ;;20250310;40100000;CompteLib_0011;FCARREFOUR;CARREFOUR;25C45;20250310;EcritureLib_1077;;62,36;0,00;D;;;
BQ;Banque BQ;;20250310;51200000;CompteLib_0033;;;25C45;20250310;EcritureLib_1077;;0,00;62,36;C;;;
BQ;Banque BQ;;20250310;51100000;CompteLib_0032;;;25C46;20250310;EcritureLib_1139;;0,00;473,30;C;;;
BQ;Banque BQ;;20250310;51200000;CompteLib_0033;;;25C46;20250310;EcritureLib_1139;;473,30;0,00;D;;;
BQ;Banque BQ;;20250310;51100000;CompteLib_0032;;;25C47;20250310;EcritureLib_1140;;0,00;69,50;C;;;
BQ;Banque BQ;;20250310;51200000;CompteLib_0033;;;25C47;20250310;EcritureLib_1140;;69,50;0,00;D;;;
BQ;Banque BQ;;20250310;47100000;CompteLib_0043;;;25C48;20250310;EcritureLib_1141;;0,00;2020,00;C;;;
BQ;Banque BQ;;20250310;51200000;CompteLib_0033;;;25C48;20250310;EcritureLib_1141;;2020,00;0,00;D;;;
BQ;Banque BQ;;20250310;42100000;CompteLib_0012;;;25C49;20250310;EcritureLib_1142;;476,62;0,00;D;;;
BQ;Banque BQ;;20250310;51200000;CompteLib_0033;;;25C49;20250310;EcritureLib_1142;;0,00;476,62;C;;;
BQ;Banque BQ;;20250310;42100000;CompteLib_0012;;;25C50;20250310;EcritureLib_1143;;476,62;0,00;D;;;
BQ;Banque BQ;;20250310;51200000;CompteLib_0033;;;25C50;20250310;EcritureLib_1143;;0,00;476,62;C;;;
BQ;Banque BQ;;20250310;42100000;CompteLib_0012;;;25C51;20250310;EcritureLib_1144;;482,36;0,00;D;;;
BQ;Banque BQ;;20250310;51200000;CompteLib_0033;;;25C51;20250310;EcritureLib_1144;;0,00;482,36;C;;;
BQ;Banque BQ;;20250310;42100000;CompteLib_0012;;;25C52;20250310;EcritureLib_1145;;643,11;0,00;D;;;
BQ;Banque BQ;;20250310;51200000;CompteLib_0033;;;25C52;20250310;EcritureLib_1145;;0,00;643,11;C;;;
BQ;Banque BQ;;20250310;66100000;CompteLib_0055;;;25C53;20250310;EcritureLib_1146;;3,51;0,00;D;;;
BQ;Banque BQ;;20250310;51200000;CompteLib_0033;;;25C53;20250310;EcritureLib_1146;;0,00;3,51;C;;;
BQ;Banque BQ;;20250310;16400000;CompteLib_0005;;;25C54;20250310;EcritureLib_1147;;701,09;0,00;D;;;
BQ;Banque BQ;;20250310;51200000;CompteLib_0033;;;25C54;20250310;EcritureLib_1147;;0,00;701,09;C;;;
BQ;Banque BQ;;20250310;62700000;CompteLib_0045;;;25C55;20250310;EcritureLib_0092;;10,54;0,00;D;;;
BQ;Banque BQ;;20250310;44566100;CompteLib_0025;;;25C55;20250310;EcritureLib_0092;;2,11;0,00;D;;;
BQ;Banque BQ;;20250310;51200000;CompteLib_0033;;;25C55;20250310;EcritureLib_0092;;0,00;12,65;C;;;
BQ;Banque BQ;;20250312;40100000;CompteLib_0011;FCARBURANT;CARBURANT;25C56;20250312;EcritureLib_1104;;77,01;0,00;D;;;
BQ;Banque BQ;;20250312;51200000;CompteLib_0033;;;25C56;20250312;EcritureLib_1104;;0,00;77,01;C;;;
BQ;Banque BQ;;20250312;40100000;CompteLib_0011;FALDI;ALDI;25C57;20250312;EcritureLib_0724;;39,60;0,00;D;;;
BQ;Banque BQ;;20250312;51200000;CompteLib_0033;;;25C57;20250312;EcritureLib_0724;;0,00;39,60;C;;;
BQ;Banque BQ;;20250312;51100000;CompteLib_0032;;;25C58;20250312;EcritureLib_1148;;0,00;188,50;C;;;
BQ;Banque BQ;;20250312;51200000;CompteLib_0033;;;25C58;20250312;EcritureLib_1148;;188,50;0,00;D;;;
BQ;Banque BQ;;20250312;40100000;CompteLib_0011;FNOYEZ;NOYEZ;25C59;20250312;EcritureLib_1149;;238,52;0,00;D;;Z;20250708
BQ;Banque BQ;;20250312;51200000;CompteLib_0033;;;25C59;20250312;EcritureLib_1149;;0,00;238,52;C;;;
BQ;Banque BQ;;20250313;51140000;CompteLib_0044;;;25C60;20250313;EcritureLib_1150;;0,00;113,29;C;;;
BQ;Banque BQ;;20250313;51200000;CompteLib_0033;;;25C60;20250313;EcritureLib_1150;;113,29;0,00;D;;;
BQ;Banque BQ;;20250313;51140000;CompteLib_0044;;;25C61;20250313;EcritureLib_1151;;0,00;23,80;C;;;
BQ;Banque BQ;;20250313;51200000;CompteLib_0033;;;25C61;20250313;EcritureLib_1151;;23,80;0,00;D;;;
BQ;Banque BQ;;20250313;51140000;CompteLib_0044;;;25C62;20250313;EcritureLib_1152;;0,00;42,01;C;;;
BQ;Banque BQ;;20250313;51200000;CompteLib_0033;;;25C62;20250313;EcritureLib_1152;;42,01;0,00;D;;;
BQ;Banque BQ;;20250313;51100000;CompteLib_0032;;;25C63;20250313;EcritureLib_1153;;0,00;270,60;C;;;
BQ;Banque BQ;;20250313;51200000;CompteLib_0033;;;25C63;20250313;EcritureLib_1153;;270,60;0,00;D;;;
BQ;Banque BQ;;20250313;51100000;CompteLib_0032;;;25C64;20250313;EcritureLib_1154;;0,00;28,00;C;;;
BQ;Banque BQ;;20250313;51200000;CompteLib_0033;;;25C64;20250313;EcritureLib_1154;;28,00;0,00;D;;;
BQ;Banque BQ;;20250314;40100000;CompteLib_0011;FCARREFOUR;CARREFOUR;25C66;20250314;EcritureLib_1077;;58,27;0,00;D;;;
BQ;Banque BQ;;20250314;51200000;CompteLib_0033;;;25C66;20250314;EcritureLib_1077;;0,00;58,27;C;;;
BQ;Banque BQ;;20250314;51100000;CompteLib_0032;;;25C67;20250314;EcritureLib_1155;;0,00;291,40;C;;;
BQ;Banque BQ;;20250314;51200000;CompteLib_0033;;;25C67;20250314;EcritureLib_1155;;291,40;0,00;D;;;
BQ;Banque BQ;;20250314;51100000;CompteLib_0032;;;25C68;20250314;EcritureLib_1156;;0,00;21,80;C;;;
BQ;Banque BQ;;20250314;51200000;CompteLib_0033;;;25C68;20250314;EcritureLib_1156;;21,80;0,00;D;;;
BQ;Banque BQ;;20250315;51100000;CompteLib_0032;;;25C69;20250315;EcritureLib_1157;;0,00;706,97;C;;;
BQ;Banque BQ;;20250315;51200000;CompteLib_0033;;;25C69;20250315;EcritureLib_1157;;706,97;0,00;D;;;
BQ;Banque BQ;;20250315;51100000;CompteLib_0032;;;25C70;20250315;EcritureLib_1158;;0,00;81,10;C;;;
BQ;Banque BQ;;20250315;51200000;CompteLib_0033;;;25C70;20250315;EcritureLib_1158;;81,10;0,00;D;;;
BQ;Banque BQ;;20250316;51100000;CompteLib_0032;;;25C71;20250316;EcritureLib_1159;;0,00;661,80;C;;;
BQ;Banque BQ;;20250316;51200000;CompteLib_0033;;;25C71;20250316;EcritureLib_1159;;661,80;0,00;D;;;
BQ;Banque BQ;;20250317;40100000;CompteLib_0011;FCARREFOUR;CARREFOUR;25C72;20250317;EcritureLib_1077;;63,13;0,00;D;;;
BQ;Banque BQ;;20250317;51200000;CompteLib_0033;;;25C72;20250317;EcritureLib_1077;;0,00;63,13;C;;;
BQ;Banque BQ;;20250317;40100000;CompteLib_0011;FCARREFOUR;CARREFOUR;25C73;20250317;EcritureLib_1077;;61,15;0,00;D;;;
BQ;Banque BQ;;20250317;51200000;CompteLib_0033;;;25C73;20250317;EcritureLib_1077;;0,00;61,15;C;;;
BQ;Banque BQ;;20250317;51100000;CompteLib_0032;;;25C74;20250317;EcritureLib_1160;;0,00;582,20;C;;;
BQ;Banque BQ;;20250317;51200000;CompteLib_0033;;;25C74;20250317;EcritureLib_1160;;582,20;0,00;D;;;
BQ;Banque BQ;;20250317;51100000;CompteLib_0032;;;25C75;20250317;EcritureLib_1161;;0,00;109,30;C;;;
BQ;Banque BQ;;20250317;51200000;CompteLib_0033;;;25C75;20250317;EcritureLib_1161;;109,30;0,00;D;;;
BQ;Banque BQ;;20250317;40100000;CompteLib_0011;FLOTQU;LOT QUALITE;25C76;20250317;EcritureLib_1162;;1319,81;0,00;D;;;
BQ;Banque BQ;;20250317;51200000;CompteLib_0033;;;25C76;20250317;EcritureLib_1162;;0,00;1319,81;C;;;
BQ;Banque BQ;;20250318;47100000;CompteLib_0043;;;25C77;20250318;EcritureLib_1163;;733,00;0,00;D;;;
BQ;Banque BQ;;20250318;51200000;CompteLib_0033;;;25C77;20250318;EcritureLib_1163;;0,00;733,00;C;;;
BQ;Banque BQ;;20250318;40100000;CompteLib_0011;FSWILE;SWILE;25C78;20250318;EcritureLib_1164;;9,90;0,00;D;;;
BQ;Banque BQ;;20250318;51200000;CompteLib_0033;;;25C78;20250318;EcritureLib_1164;;0,00;9,90;C;;;
BQ;Banque BQ;;20250319;47100000;CompteLib_0043;;;25C79;20250319;EcritureLib_1165;;0,00;60,47;C;;;
BQ;Banque BQ;;20250319;51200000;CompteLib_0033;;;25C79;20250319;EcritureLib_1165;;60,47;0,00;D;;;
BQ;Banque BQ;;20250319;40100000;CompteLib_0011;FCARREFOUR;CARREFOUR;25C80;20250319;EcritureLib_1077;;98,82;0,00;D;;;
BQ;Banque BQ;;20250319;51200000;CompteLib_0033;;;25C80;20250319;EcritureLib_1077;;0,00;98,82;C;;;
BQ;Banque BQ;;20250319;51100000;CompteLib_0032;;;25C81;20250319;EcritureLib_1166;;0,00;161,60;C;;;
BQ;Banque BQ;;20250319;51200000;CompteLib_0033;;;25C81;20250319;EcritureLib_1166;;161,60;0,00;D;;;
BQ;Banque BQ;;20250319;51100000;CompteLib_0032;;;25C82;20250319;EcritureLib_1167;;0,00;53,20;C;;;
BQ;Banque BQ;;20250319;51200000;CompteLib_0033;;;25C82;20250319;EcritureLib_1167;;53,20;0,00;D;;;
BQ;Banque BQ;;20250319;40100000;CompteLib_0011;FSPUNTINI;SPUNTINI FOOD'S;25C83;20250319;EcritureLib_1168;;714,38;0,00;D;;CX;20251119
BQ;Banque BQ;;20250319;51200000;CompteLib_0033;;;25C83;20250319;EcritureLib_1168;;0,00;714,38;C;;;
BQ;Banque BQ;;20250320;47100000;CompteLib_0043;;;25C84;20250320;EcritureLib_1169;;0,00;11,07;C;;;
BQ;Banque BQ;;20250320;51200000;CompteLib_0033;;;25C84;20250320;EcritureLib_1169;;11,07;0,00;D;;;
BQ;Banque BQ;;20250320;40100000;CompteLib_0011;FCARREFOUR;CARREFOUR;25C85;20250320;EcritureLib_1077;;32,29;0,00;D;;;
BQ;Banque BQ;;20250320;51200000;CompteLib_0033;;;25C85;20250320;EcritureLib_1077;;0,00;32,29;C;;;
BQ;Banque BQ;;20250320;51100000;CompteLib_0032;;;25C86;20250320;EcritureLib_1170;;0,00;246,70;C;;;
BQ;Banque BQ;;20250320;51200000;CompteLib_0033;;;25C86;20250320;EcritureLib_1170;;246,70;0,00;D;;;
BQ;Banque BQ;;20250320;51100000;CompteLib_0032;;;25C87;20250320;EcritureLib_1171;;0,00;13,20;C;;;
BQ;Banque BQ;;20250320;51200000;CompteLib_0033;;;25C87;20250320;EcritureLib_1171;;13,20;0,00;D;;;
BQ;Banque BQ;;20250321;51140000;CompteLib_0044;;;25C89;20250321;EcritureLib_1172;;0,00;85,35;C;;;
BQ;Banque BQ;;20250321;51200000;CompteLib_0033;;;25C89;20250321;EcritureLib_1172;;85,35;0,00;D;;;
BQ;Banque BQ;;20250321;40100000;CompteLib_0011;FCARREFOUR;CARREFOUR;25C90;20250321;EcritureLib_1077;;30,08;0,00;D;;;
BQ;Banque BQ;;20250321;51200000;CompteLib_0033;;;25C90;20250321;EcritureLib_1077;;0,00;30,08;C;;;
BQ;Banque BQ;;20250321;51100000;CompteLib_0032;;;25C91;20250321;EcritureLib_1173;;0,00;394,80;C;;;
BQ;Banque BQ;;20250321;51200000;CompteLib_0033;;;25C91;20250321;EcritureLib_1173;;394,80;0,00;D;;;
BQ;Banque BQ;;20250321;53000000;CompteLib_0058;;;25C92;20250321;EcritureLib_1174;;475,00;0,00;D;;;
BQ;Banque BQ;;20250321;51200000;CompteLib_0033;;;25C92;20250321;EcritureLib_1174;;0,00;475,00;C;;;
BQ;Banque BQ;;20250322;62700000;CompteLib_0045;;;25C94;20250322;EcritureLib_1175;;1,97;0,00;D;;;
BQ;Banque BQ;;20250322;44566100;CompteLib_0025;;;25C94;20250322;EcritureLib_1175;;0,39;0,00;D;;;
BQ;Banque BQ;;20250322;51200000;CompteLib_0033;;;25C94;20250322;EcritureLib_1175;;0,00;2,36;C;;;
BQ;Banque BQ;;20250322;66100000;CompteLib_0055;;;25C95;20250322;EcritureLib_1176;;1,27;0,00;D;;;
BQ;Banque BQ;;20250322;51200000;CompteLib_0033;;;25C95;20250322;EcritureLib_1176;;0,00;1,27;C;;;
BQ;Banque BQ;;20250322;16410000;CompteLib_0005;;;25C96;20250322;EcritureLib_1177;;201,49;0,00;D;;;
BQ;Banque BQ;;20250322;51200000;CompteLib_0033;;;25C96;20250322;EcritureLib_1177;;0,00;201,49;C;;;
BQ;Banque BQ;;20250322;51100000;CompteLib_0032;;;25C97;20250322;EcritureLib_1178;;0,00;862,20;C;;;
BQ;Banque BQ;;20250322;51200000;CompteLib_0033;;;25C97;20250322;EcritureLib_1178;;862,20;0,00;D;;;
BQ;Banque BQ;;20250322;51100000;CompteLib_0032;;;25C98;20250322;EcritureLib_1179;;0,00;137,40;C;;;
BQ;Banque BQ;;20250322;51200000;CompteLib_0033;;;25C98;20250322;EcritureLib_1179;;137,40;0,00;D;;;
BQ;Banque BQ;;20250323;51100000;CompteLib_0032;;;25C99;20250323;EcritureLib_1180;;0,00;668,80;C;;;
BQ;Banque BQ;;20250323;51200000;CompteLib_0033;;;25C99;20250323;EcritureLib_1180;;668,80;0,00;D;;;
BQ;Banque BQ;;20250323;51100000;CompteLib_0032;;;25C100;20250323;EcritureLib_1181;;0,00;179,40;C;;;
BQ;Banque BQ;;20250323;51200000;CompteLib_0033;;;25C100;20250323;EcritureLib_1181;;179,40;0,00;D;;;
BQ;Banque BQ;;20250324;40100000;CompteLib_0011;FCARREFOUR;CARREFOUR;25C101;20250324;EcritureLib_1077;;49,52;0,00;D;;;
BQ;Banque BQ;;20250324;51200000;CompteLib_0033;;;25C101;20250324;EcritureLib_1077;;0,00;49,52;C;;;
BQ;Banque BQ;;20250324;40100000;CompteLib_0011;FCARREFOUR;CARREFOUR;25C102;20250324;EcritureLib_1077;;63,87;0,00;D;;;
BQ;Banque BQ;;20250324;51200000;CompteLib_0033;;;25C102;20250324;EcritureLib_1077;;0,00;63,87;C;;;
BQ;Banque BQ;;20250324;51100000;CompteLib_0032;;;25C103;20250324;EcritureLib_1182;;0,00;515,50;C;;;
BQ;Banque BQ;;20250324;51200000;CompteLib_0033;;;25C103;20250324;EcritureLib_1182;;515,50;0,00;D;;;
BQ;Banque BQ;;20250324;51100000;CompteLib_0032;;;25C104;20250324;EcritureLib_1183;;0,00;37,20;C;;;
BQ;Banque BQ;;20250324;51200000;CompteLib_0033;;;25C104;20250324;EcritureLib_1183;;37,20;0,00;D;;;
BQ;Banque BQ;;20250324;40100000;CompteLib_0011;FSPUNTINI;SPUNTINI FOOD'S;25C105;20250324;EcritureLib_1184;;820,51;0,00;D;;CU;20251119
BQ;Banque BQ;;20250324;51200000;CompteLib_0033;;;25C105;20250324;EcritureLib_1184;;0,00;820,51;C;;;
BQ;Banque BQ;;20250325;43703000;CompteLib_0017;;;25C106;20250325;EcritureLib_1185;;154,71;0,00;D;;;
BQ;Banque BQ;;20250325;51200000;CompteLib_0033;;;25C106;20250325;EcritureLib_1185;;0,00;154,71;C;;;
BQ;Banque BQ;;20250325;44551000;CompteLib_0024;;;25C107;20250325;EcritureLib_1186;;1071,00;0,00;D;;L;20250422
BQ;Banque BQ;;20250325;51200000;CompteLib_0033;;;25C107;20250325;EcritureLib_1186;;0,00;1071,00;C;;;
BQ;Banque BQ;;20250325;40100000;CompteLib_0011;FSTC;STC;25C108;20250325;EcritureLib_1187;;253,20;0,00;D;;;
BQ;Banque BQ;;20250325;51200000;CompteLib_0033;;;25C108;20250325;EcritureLib_1187;;0,00;253,20;C;;;
BQ;Banque BQ;;20250325;40100000;CompteLib_0011;FSTC;STC;25C109;20250325;EcritureLib_1187;;93,60;0,00;D;;;
BQ;Banque BQ;;20250325;51200000;CompteLib_0033;;;25C109;20250325;EcritureLib_1187;;0,00;93,60;C;;;
BQ;Banque BQ;;20250325;47100000;CompteLib_0043;;;25C110;20250325;EcritureLib_1188;;2,00;0,00;D;;;
BQ;Banque BQ;;20250325;51200000;CompteLib_0033;;;25C110;20250325;EcritureLib_1188;;0,00;2,00;C;;;
BQ;Banque BQ;;20250325;47100000;CompteLib_0043;;;25C111;20250325;EcritureLib_1189;;451,00;0,00;D;;;
BQ;Banque BQ;;20250325;51200000;CompteLib_0033;;;25C111;20250325;EcritureLib_1189;;0,00;451,00;C;;;
BQ;Banque BQ;;20250326;40100000;CompteLib_0011;FCARREFOUR;CARREFOUR;25C112;20250326;EcritureLib_1077;;23,18;0,00;D;;;
BQ;Banque BQ;;20250326;51200000;CompteLib_0033;;;25C112;20250326;EcritureLib_1077;;0,00;23,18;C;;;
BQ;Banque BQ;;20250326;51100000;CompteLib_0032;;;25C113;20250326;EcritureLib_1190;;0,00;206,90;C;;;
BQ;Banque BQ;;20250326;51200000;CompteLib_0033;;;25C113;20250326;EcritureLib_1190;;206,90;0,00;D;;;
BQ;Banque BQ;;20250327;51140000;CompteLib_0044;;;25C114;20250327;EcritureLib_1191;;0,00;81,49;C;;;
BQ;Banque BQ;;20250327;51200000;CompteLib_0033;;;25C114;20250327;EcritureLib_1191;;81,49;0,00;D;;;
BQ;Banque BQ;;20250327;51140000;CompteLib_0044;;;25C115;20250327;EcritureLib_1192;;0,00;100,38;C;;;
BQ;Banque BQ;;20250327;51200000;CompteLib_0033;;;25C115;20250327;EcritureLib_1192;;100,38;0,00;D;;;
BQ;Banque BQ;;20250327;51140000;CompteLib_0044;;;25C116;20250327;EcritureLib_1193;;0,00;57,86;C;;;
BQ;Banque BQ;;20250327;51200000;CompteLib_0033;;;25C116;20250327;EcritureLib_1193;;57,86;0,00;D;;;
BQ;Banque BQ;;20250327;51100000;CompteLib_0032;;;25C117;20250327;EcritureLib_1194;;0,00;428,80;C;;;
BQ;Banque BQ;;20250327;51200000;CompteLib_0033;;;25C117;20250327;EcritureLib_1194;;428,80;0,00;D;;;
BQ;Banque BQ;;20250327;51100000;CompteLib_0032;;;25C118;20250327;EcritureLib_1195;;0,00;43,20;C;;;
BQ;Banque BQ;;20250327;51200000;CompteLib_0033;;;25C118;20250327;EcritureLib_1195;;43,20;0,00;D;;;
BQ;Banque BQ;;20250328;40100000;CompteLib_0011;FCARREFOUR;CARREFOUR;25C120;20250328;EcritureLib_1077;;50,83;0,00;D;;;
BQ;Banque BQ;;20250328;51200000;CompteLib_0033;;;25C120;20250328;EcritureLib_1077;;0,00;50,83;C;;;
BQ;Banque BQ;;20250328;51100000;CompteLib_0032;;;25C121;20250328;EcritureLib_1196;;0,00;265,40;C;;;
BQ;Banque BQ;;20250328;51200000;CompteLib_0033;;;25C121;20250328;EcritureLib_1196;;265,40;0,00;D;;;
BQ;Banque BQ;;20250328;40100000;CompteLib_0011;FSPUNTINI;SPUNTINI FOOD'S;25C122;20250328;EcritureLib_1197;;19,81;0,00;D;;;
BQ;Banque BQ;;20250328;51200000;CompteLib_0033;;;25C122;20250328;EcritureLib_1197;;0,00;19,81;C;;;
BQ;Banque BQ;;20250328;40100000;CompteLib_0011;FSPUNTINI;SPUNTINI FOOD'S;25C123;20250328;EcritureLib_1198;;587,48;0,00;D;;DX;20251119
BQ;Banque BQ;;20250328;51200000;CompteLib_0033;;;25C123;20250328;EcritureLib_1198;;0,00;587,48;C;;;
BQ;Banque BQ;;20250329;51100000;CompteLib_0032;;;25C126;20250329;EcritureLib_1199;;0,00;1201,40;C;;;
BQ;Banque BQ;;20250329;51200000;CompteLib_0033;;;25C126;20250329;EcritureLib_1199;;1201,40;0,00;D;;;
BQ;Banque BQ;;20250329;51100000;CompteLib_0032;;;25C127;20250329;EcritureLib_1200;;0,00;20,40;C;;;
BQ;Banque BQ;;20250329;51200000;CompteLib_0033;;;25C127;20250329;EcritureLib_1200;;20,40;0,00;D;;;
BQ;Banque BQ;;20250330;51100000;CompteLib_0032;;;25C128;20250330;EcritureLib_1201;;0,00;573,20;C;;;
BQ;Banque BQ;;20250330;51200000;CompteLib_0033;;;25C128;20250330;EcritureLib_1201;;573,20;0,00;D;;;
BQ;Banque BQ;;20250330;51100000;CompteLib_0032;;;25C129;20250330;EcritureLib_1202;;0,00;88,60;C;;;
BQ;Banque BQ;;20250330;51200000;CompteLib_0033;;;25C129;20250330;EcritureLib_1202;;88,60;0,00;D;;;
BQ;Banque BQ;;20250331;40100000;CompteLib_0011;FORANGE;ORANGE;25C130;20250331;EcritureLib_1203;;60,00;0,00;D;;;
BQ;Banque BQ;;20250331;51200000;CompteLib_0033;;;25C130;20250331;EcritureLib_1203;;0,00;60,00;C;;;
BQ;Banque BQ;;20250331;40100000;CompteLib_0011;FCARREFOUR;CARREFOUR;25C131;20250331;EcritureLib_1077;;52,91;0,00;D;;;
BQ;Banque BQ;;20250331;51200000;CompteLib_0033;;;25C131;20250331;EcritureLib_1077;;0,00;52,91;C;;;
BQ;Banque BQ;;20250331;40100000;CompteLib_0011;FCARREFOUR;CARREFOUR;25C132;20250331;EcritureLib_1077;;50,47;0,00;D;;;
BQ;Banque BQ;;20250331;51200000;CompteLib_0033;;;25C132;20250331;EcritureLib_1077;;0,00;50,47;C;;;
BQ;Banque BQ;;20250331;51100000;CompteLib_0032;;;25C133;20250331;EcritureLib_1204;;0,00;587,00;C;;;
BQ;Banque BQ;;20250331;51200000;CompteLib_0033;;;25C133;20250331;EcritureLib_1204;;587,00;0,00;D;;;
BQ;Banque BQ;;20250331;51100000;CompteLib_0032;;;25C134;20250331;EcritureLib_1205;;0,00;39,80;C;;;
BQ;Banque BQ;;20250331;51200000;CompteLib_0033;;;25C134;20250331;EcritureLib_1205;;39,80;0,00;D;;;
EX;Extourne;;20240401;64120000;CompteLib_0059;;;24D4;20240401;EcritureLib_1206;;0,00;1868,27;C;;;
EX;Extourne;;20240401;42820000;CompteLib_0013;;;24D4;20240401;EcritureLib_1206;;1868,27;0,00;D;;;
EX;Extourne;;20240401;64580000;CompteLib_0060;;;24D4;20240401;EcritureLib_1207;;0,00;229,21;C;;;
EX;Extourne;;20240401;43820000;CompteLib_0020;;;24D4;20240401;EcritureLib_1207;;229,21;0,00;D;;;
UT;UT;;20240430;44571700;CompteLib_0027;;;24D130;20240430;EcritureLib_1208;;120,00;0,00;D;;;
UT;UT;;20240430;44571800;CompteLib_0028;;;24D130;20240430;EcritureLib_1208;;1600,00;0,00;D;;;
UT;UT;;20240430;44566100;CompteLib_0025;;;24D130;20240430;EcritureLib_1209;;0,00;620,00;C;;;
UT;UT;;20240430;44551000;CompteLib_0024;;;24D130;20240430;EcritureLib_1210;;0,00;1100,00;C;;B;20240923
UT;UT;;20240531;44571700;CompteLib_0027;;;24E128;20240531;EcritureLib_1211;;58,00;0,00;D;;;
UT;UT;;20240531;44571800;CompteLib_0028;;;24E128;20240531;EcritureLib_1211;;1314,00;0,00;D;;;
UT;UT;;20240531;44566100;CompteLib_0025;;;24E128;20240531;EcritureLib_1212;;0,00;498,00;C;;;
UT;UT;;20240531;44551000;CompteLib_0024;;;24E128;20240531;EcritureLib_1213;;0,00;874,00;C;;C;20240923
UT;UT;;20240630;44571800;CompteLib_0028;;;24F134;20240630;EcritureLib_1214;;1294,00;0,00;D;;;
UT;UT;;20240630;44551000;CompteLib_0024;;;24F134;20240630;EcritureLib_1215;;0,00;1294,00;C;;D;20240923
UT;UT;;20240731;44582000;CompteLib_0029;;;24G126;20240731;EcritureLib_1216;;1035,00;0,00;D;;A;20240923
UT;UT;;20240731;44551000;CompteLib_0024;;;24G126;20240731;EcritureLib_1217;;0,00;1035,00;C;;E;20240923
UT;UT;;20240831;44571800;CompteLib_0028;;;24H70;20240831;EcritureLib_1218;;2004,00;0,00;D;;;
UT;UT;;20240831;44566100;CompteLib_0025;;;24H70;20240831;EcritureLib_1219;;0,00;545,00;C;;;
UT;UT;;20240831;44582000;CompteLib_0029;;;24H70;20240831;EcritureLib_1220;;0,00;1035,00;C;;A;20240923
UT;UT;;20240831;44551000;CompteLib_0024;;;24H70;20240831;EcritureLib_1221;;0,00;424,00;C;;F;20241021
UT;UT;;20240930;44571800;CompteLib_0028;;;24I137;20240930;EcritureLib_1222;;1308,00;0,00;D;;;
UT;UT;;20240930;44566100;CompteLib_0025;;;24I137;20240930;EcritureLib_1223;;0,00;505,00;C;;;
UT;UT;;20240930;44551000;CompteLib_0024;;;24I137;20240930;EcritureLib_1224;;0,00;803,00;C;;G;20241121
UT;UT;;20241031;44571700;CompteLib_0027;;;24J140;20241031;EcritureLib_1225;;93,00;0,00;D;;;
UT;UT;;20241031;44571800;CompteLib_0028;;;24J140;20241031;EcritureLib_1225;;1283,00;0,00;D;;;
UT;UT;;20241031;44566100;CompteLib_0025;;;24J140;20241031;EcritureLib_1226;;0,00;276,00;C;;;
UT;UT;;20241031;44551000;CompteLib_0024;;;24J140;20241031;EcritureLib_1227;;0,00;1100,00;C;;H;20241223
UT;UT;;20241130;44571800;CompteLib_0028;;;24K135;20241130;EcritureLib_1228;;1067,00;0,00;D;;;
UT;UT;;20241130;44571200;CompteLib_0061;;;24K135;20241130;EcritureLib_1228;;22,00;0,00;D;;;
UT;UT;;20241130;44566100;CompteLib_0025;;;24K135;20241130;EcritureLib_1229;;0,00;274,00;C;;;
UT;UT;;20241130;44551000;CompteLib_0024;;;24K135;20241130;EcritureLib_1230;;0,00;815,00;C;;I;20250120
UT;UT;;20241231;44571700;CompteLib_0027;;;24L119;20241231;EcritureLib_1231;;51,00;0,00;D;;;
UT;UT;;20241231;44571800;CompteLib_0028;;;24L119;20241231;EcritureLib_1231;;1117,00;0,00;D;;;
UT;UT;;20241231;44566100;CompteLib_0025;;;24L119;20241231;EcritureLib_1232;;0,00;656,00;C;;;
UT;UT;;20241231;44551000;CompteLib_0024;;;24L119;20241231;EcritureLib_1233;;0,00;512,00;C;;J;20250220
UT;UT;;20250131;44571800;CompteLib_0028;;;25A123;20250131;EcritureLib_1234;;1212,00;0,00;D;;;
UT;UT;;20250131;44566100;CompteLib_0025;;;25A123;20250131;EcritureLib_1235;;0,00;221,00;C;;;
UT;UT;;20250131;44551000;CompteLib_0024;;;25A123;20250131;EcritureLib_1236;;0,00;991,00;C;;K;20250320
UT;UT;;20250228;44571700;CompteLib_0027;;;25B121;20250228;EcritureLib_1237;;117,00;0,00;D;;;
UT;UT;;20250228;44571800;CompteLib_0028;;;25B121;20250228;EcritureLib_1237;;1230,00;0,00;D;;;
UT;UT;;20250228;44566100;CompteLib_0025;;;25B121;20250228;EcritureLib_1238;;0,00;276,00;C;;;
UT;UT;;20250228;44551000;CompteLib_0024;;;25B121;20250228;EcritureLib_1239;;0,00;1071,00;C;;L;20250422
UT;UT;;20250331;44571800;CompteLib_0028;;;25C135;20250331;EcritureLib_1240;;1648,00;0,00;D;;;
UT;UT;;20250331;44566100;CompteLib_0025;;;25C135;20250331;EcritureLib_1241;;0,00;260,00;C;;;
UT;UT;;20250331;44551000;CompteLib_0024;;;25C135;20250331;EcritureLib_1242;;0,00;1388,00;C;;;
VE;Ventes;;20240531;70170000;CompteLib_0062;;;24E127;20240531;EcritureLib_1243;;0,00;291,75;C;;;
VE;Ventes;;20240531;44571700;CompteLib_0027;;;24E127;20240531;EcritureLib_1243;;0,00;58,35;C;;;
VE;Ventes;;20240531;70180000;CompteLib_0063;;;24E127;20240531;EcritureLib_1243;;0,00;13134,59;C;;;
VE;Ventes;;20240531;44571800;CompteLib_0028;;;24E127;20240531;EcritureLib_1243;;0,00;1313,46;C;;;
VE;Ventes;;20240531;51100000;CompteLib_0032;;;24E127;20240531;EcritureLib_1243;;12052,51;0,00;D;;;
VE;Ventes;;20240531;51140000;CompteLib_0044;;;24E127;20240531;EcritureLib_1243;;246,50;0,00;D;;;
VE;Ventes;;20240531;51150000;CompteLib_0064;;;24E127;20240531;EcritureLib_1243;;24,70;0,00;D;;;
VE;Ventes;;20240531;53000000;CompteLib_0058;;;24E127;20240531;EcritureLib_1243;;2449,13;0,00;D;;;
VE;Ventes;;20240531;51150000;CompteLib_0064;;;24E127;20240531;EcritureLib_1243;;0,00;7,10;C;;;
VE;Ventes;;20240531;51150000;CompteLib_0064;;;24E127;20240531;EcritureLib_1243;;24,70;0,00;D;;;
VE;Ventes;;20240531;65800000;CompteLib_0065;;;24E127;20240531;EcritureLib_1243;;7,71;0,00;D;;;
