JournalCode;JournalLib;EcritureNum;EcritureDate;CompteNum;CompteLib;CompAuxNum;CompAuxLib;PieceRef;PieceDate;EcritureLib;ValidDate;MontantDebit;MontantCredit;Sens;RefEcriture;EcritureLet;DateLet
AO;A Nouveau;AO/1;20210401;10130000;CompteLib_0001;;;21D1;20210401;EcritureLib_0001;20250720;0,00;3000,00;C;AO/1;;
AO;A Nouveau;AO/1;20210401;10611000;CompteLib_0002;;;21D1;20210401;EcritureLib_0002;20250720;0,00;300,00;C;AO/1;;
AO;A Nouveau;AO/1;20210401;10680000;CompteLib_0003;;;21D1;20210401;EcritureLib_0003;20250720;0,00;2044,87;C;AO/1;;
AO;A Nouveau;AO/1;20210401;16400000;CompteLib_0004;;;21D1;20210401;EcritureLib_0004;20250720;0,00;35685,22;C;AO/1;;
AO;A Nouveau;AO/1;20210401;16410000;CompteLib_0004;;;21D1;20210401;EcritureLib_0004;20250720;0,00;12000,00;C;AO/1;;
AO;A Nouveau;AO/1;20210401;20700000;CompteLib_0005;;;21D1;20210401;EcritureLib_0005;20250720;43585,15;0,00;D;AO/1;;
AO;A Nouveau;AO/1;20210401;21540000;CompteLib_0006;;;21D1;20210401;EcritureLib_0006;20250720;14468,56;0,00;D;AO/1;;
AO;A Nouveau;AO/1;20210401;27500000;CompteLib_0007;;;21D1;20210401;EcritureLib_0007;20250720;3006,45;0,00;D;AO/1;;
AO;A Nouveau;AO/1;20210401;28154000;CompteLib_0008;;;21D1;20210401;EcritureLib_0008;20250720;0,00;3879,48;C;AO/1;;
AO;A Nouveau;AO/1;20210401;31000000;CompteLib_0009;;;21D1;20210401;EcritureLib_0009;20250720;2788,00;0,00;D;AO/1;;
AO;A Nouveau;AO/1;20210401;42100000;CompteLib_0010;;;21D1;20210401;EcritureLib_0010;20250720;0,00;1674,85;C;AO/1;Q;20240802
AO;A Nouveau;AO/1;20210401;42800000;CompteLib_0011;;;21D1;20210401;EcritureLib_0011;20250720;0,00;146,83;C;AO/1;;
AO;A Nouveau;AO/1;20210401;42820000;CompteLib_0012;;;21D1;20210401;EcritureLib_0012;20250720;0,00;32,82;C;AO/1;;
AO;A Nouveau;AO/1;20210401;43100000;CompteLib_0013;;;21D1;20210401;EcritureLib_0013;20250720;0,00;5452,25;C;AO/1;;
AO;A Nouveau;AO/1;20210401;43820000;CompteLib_0014;;;21D1;20210401;EcritureLib_0014;20250720;0,00;6,04;C;AO/1;;
AO;A Nouveau;AO/1;20210401;43860000;CompteLib_0015;;;21D1;20210401;EcritureLib_0015;20250720;0,00;1304,00;C;AO/1;;
AO;A Nouveau;AO/1;20210401;43870000;CompteLib_0016;;;21D1;20210401;EcritureLib_0016;20250720;11781,30;0,00;D;AO/1;;
AO;A Nouveau;AO/1;20210401;44562000;CompteLib_0017;;;21D1;20210401;EcritureLib_0017;20250720;810,74;0,00;D;AO/1;;
AO;A Nouveau;AO/1;20210401;44566100;CompteLib_0018;;;21D1;20210401;EcritureLib_0018;20250720;0,00;940,80;C;AO/1;;
AO;A Nouveau;AO/1;20210401;44567000;CompteLib_0019;;;21D1;20210401;EcritureLib_0019;20250720;3338,00;0,00;D;AO/1;;
AO;A Nouveau;AO/1;20210401;44571700;CompteLib_0020;;;21D1;20210401;EcritureLib_0020;20250720;35,89;0,00;D;AO/1;;
AO;A Nouveau;AO/1;20210401;44571800;CompteLib_0021;;;21D1;20210401;EcritureLib_0021;20250720;0,00;55,81;C;AO/1;;
AO;A Nouveau;AO/1;20210401;44582000;CompteLib_0022;;;21D1;20210401;EcritureLib_0022;20250720;366,00;0,00;D;AO/1;;
AO;A Nouveau;AO/1;20210401;45500000;CompteLib_0023;;;21D1;20210401;EcritureLib_0023;20250720;0,00;969,19;C;AO/1;;
AO;A Nouveau;AO/1;20210401;51200000;CompteLib_0024;;;21D1;20210401;EcritureLib_0024;20250720;11886,62;0,00;D;AO/1;;
AO;A Nouveau;AO/1;20210401;53000000;CompteLib_0025;;;21D1;20210401;EcritureLib_0025;20250720;440,00;0,00;D;AO/1;;
AO;A Nouveau;AO/1;20210401;12000000;CompteLib_0026;;;21D1;20210401;EcritureLib_0026;20250720;0,00;25014,55;C;AO/1;;
AT;Achats Tiime;AT/1;20210504;60630000;CompteLib_0027;;;FRINV21000003434993;20240429;EcritureLib_0027;20250720;470,91;0,00;D;AT/1;;
AT;Achats Tiime;AT/1;20210504;44566100;CompteLib_0018;;;FRINV21000003434993;20240429;EcritureLib_0027;20250720;94,18;0,00;D;AT/1;;
AT;Achats Tiime;AT/1;20210504;40100000;CompteLib_0028;FIKEA;IKEA;FRINV21000003434993;20240429;EcritureLib_0027;20250720;0,00;565,09;C;AT/1;A;20240731
AT;Achats Tiime;AT/2;20210506;60100000;CompteLib_0029;;;0/0(013) 0034/000846(2;20210506;EcritureLib_0028;20250720;780,00;0,00;D;AT/2;;
AT;Achats Tiime;AT/2;20210506;44566100;CompteLib_0018;;;0/0(013) 0034/000846(2;20210506;EcritureLib_0028;20250720;156,00;0,00;D;AT/2;;
AT;Achats Tiime;AT/2;20210506;40100000;CompteLib_0028;FMETRO;METRO;0/0(013) 0034/000846(2;20210506;EcritureLib_0028;20250720;0,00;936,00;C;AT/2;B;20240731
AT;Achats Tiime;AT/3;20210531;60630000;CompteLib_0027;;;FA000136;20210531;EcritureLib_0029;20250720;870,61;0,00;D;AT/3;;
AT;Achats Tiime;AT/3;20210531;44566100;CompteLib_0018;;;FA000136;20210531;EcritureLib_0029;20250720;174,12;0,00;D;AT/3;;
AT;Achats Tiime;AT/3;20210531;40100000;CompteLib_0028;FMCR;MCR EQUIPEMENT;FA000136;20210531;EcritureLib_0029;20250720;0,00;1044,73;C;AT/3;A;20240731
AT;Achats Tiime;AT/4;20210630;60100000;CompteLib_0029;;;21F94;20210630;EcritureLib_0030;20250720;795,00;0,00;D;AT/4;;
AT;Achats Tiime;AT/4;20210630;44566100;CompteLib_0018;;;21F94;20210630;EcritureLib_0030;20250720;43,73;0,00;D;AT/4;;
AT;Achats Tiime;AT/4;20210630;40100000;CompteLib_0028;FLOTQU;LOT QUALITE;21F94;20210630;EcritureLib_0030;20250720;0,00;838,73;C;AT/4;F;20240826
AT;Achats Tiime;AT/5;20210825;65100000;CompteLib_0030;;;1521010324499;20210825;EcritureLib_0031;20250720;101,68;0,00;D;AT/5;;
AT;Achats Tiime;AT/5;20210825;44566100;CompteLib_0018;;;1521010324499;20210825;EcritureLib_0031;20250720;15,25;0,00;D;AT/5;;
AT;Achats Tiime;AT/5;20210825;40100000;CompteLib_0028;FSACEM;SACEM / SPRE;1521010324499;20210825;EcritureLib_0031;20250720;0,00;116,93;C;AT/5;C;20240731
AT;Achats Tiime;AT/6;20210831;60100000;CompteLib_0029;;;21H51;20210831;EcritureLib_0030;20250720;135,00;0,00;D;AT/6;;
AT;Achats Tiime;AT/6;20210831;44566100;CompteLib_0018;;;21H51;20210831;EcritureLib_0030;20250720;7,43;0,00;D;AT/6;;
AT;Achats Tiime;AT/6;20210831;40100000;CompteLib_0028;FLOTQU;LOT QUALITE;21H51;20210831;EcritureLib_0030;20250720;0,00;142,43;C;AT/6;F;20240826
AT;Achats Tiime;AT/7;20210907;60630000;CompteLib_0027;;;21I28;20210907;EcritureLib_0032;20250720;13,25;0,00;D;AT/7;;
AT;Achats Tiime;AT/7;20210907;44566100;CompteLib_0018;;;21I28;20210907;EcritureLib_0032;20250720;2,65;0,00;D;AT/7;;
AT;Achats Tiime;AT/7;20210907;40100000;CompteLib_0028;FMISTERMINT;MISTER MINT;21I28;20210907;EcritureLib_0032;20250720;0,00;15,90;C;AT/7;A;20240731
AT;Achats Tiime;AT/8;20210909;60100000;CompteLib_0029;;;21I38;20210909;EcritureLib_0033;20250720;192,40;0,00;D;AT/8;;
AT;Achats Tiime;AT/8;20210909;44566100;CompteLib_0018;;;21I38;20210909;EcritureLib_0033;20250720;10,58;0,00;D;AT/8;;
AT;Achats Tiime;AT/8;20210909;40100000;CompteLib_0028;FSPUNTINI;SPUNTINI FOOD'S;21I38;20210909;EcritureLib_0033;20250720;0,00;202,98;C;AT/8;AT;20240731
AT;Achats Tiime;AT/9;20210916;60100000;CompteLib_0029;;;21I64;20210916;EcritureLib_0033;20250720;317,80;0,00;D;AT/9;;
AT;Achats Tiime;AT/9;20210916;44566100;CompteLib_0018;;;21I64;20210916;EcritureLib_0033;20250720;17,48;0,00;D;AT/9;;
AT;Achats Tiime;AT/9;20210916;40100000;CompteLib_0028;FSPUNTINI;SPUNTINI FOOD'S;21I64;20210916;EcritureLib_0033;20250720;0,00;335,28;C;AT/9;AU;20240731
AT;Achats Tiime;AT/10;20210916;60614000;CompteLib_0031;;;21I75;20210916;EcritureLib_0034;20250720;66,67;0,00;D;AT/10;;
AT;Achats Tiime;AT/10;20210916;44566100;CompteLib_0018;;;21I75;20210916;EcritureLib_0034;20250720;13,33;0,00;D;AT/10;;
AT;Achats Tiime;AT/10;20210916;40100000;CompteLib_0028;FCARBURANT;CARBURANT;21I75;20210916;EcritureLib_0034;20250720;0,00;80,00;C;AT/10;B;20240731
AT;Achats Tiime;AT/11;20210923;60100000;CompteLib_0029;;;21I104;20210923;EcritureLib_0035;20250720;334,31;0,00;D;AT/11;;
AT;Achats Tiime;AT/11;20210923;44566100;CompteLib_0018;;;21I104;20210923;EcritureLib_0035;20250720;18,39;0,00;D;AT/11;;
AT;Achats Tiime;AT/11;20210923;40100000;CompteLib_0028;FNOYEZ;NOYEZ;21I104;20210923;EcritureLib_0035;20250720;0,00;352,70;C;AT/11;A;20240826
AT;Achats Tiime;AT/12;20210923;60100000;CompteLib_0029;;;21I99;20210923;EcritureLib_0033;20250720;199,45;0,00;D;AT/12;;
AT;Achats Tiime;AT/12;20210923;44566100;CompteLib_0018;;;21I99;20210923;EcritureLib_0033;20250720;10,97;0,00;D;AT/12;;
AT;Achats Tiime;AT/12;20210923;40100000;CompteLib_0028;FSPUNTINI;SPUNTINI FOOD'S;21I99;20210923;EcritureLib_0033;20250720;0,00;210,42;C;AT/12;AV;20240731
AT;Achats Tiime;AT/13;20210927;61500000;CompteLib_0032;;;21I114;20210927;EcritureLib_0036;20250720;551,20;0,00;D;AT/13;;
AT;Achats Tiime;AT/13;20210927;44566100;CompteLib_0018;;;21I114;20210927;EcritureLib_0036;20250720;110,24;0,00;D;AT/13;;
AT;Achats Tiime;AT/13;20210927;40100000;CompteLib_0028;FRFIL;RFIL;21I114;20210927;EcritureLib_0036;20250720;0,00;661,44;C;AT/13;A;20240731
AT;Achats Tiime;AT/14;20210930;60630000;CompteLib_0027;;;21I128;20210930;EcritureLib_0037;20250720;50,18;0,00;D;AT/14;;
AT;Achats Tiime;AT/14;20210930;44566100;CompteLib_0018;;;21I128;20210930;EcritureLib_0037;20250720;10,04;0,00;D;AT/14;;
AT;Achats Tiime;AT/14;20210930;40100000;CompteLib_0028;FMETRO;METRO;21I128;20210930;EcritureLib_0037;20250720;0,00;60,22;C;AT/14;A;20240731
AT;Achats Tiime;AT/15;20211001;60614000;CompteLib_0031;;;21J6;20211001;EcritureLib_0038;20250720;66,68;0,00;D;AT/15;;
AT;Achats Tiime;AT/15;20211001;44566100;CompteLib_0018;;;21J6;20211001;EcritureLib_0038;20250720;13,34;0,00;D;AT/15;;
AT;Achats Tiime;AT/15;20211001;40100000;CompteLib_0028;FCARBURANT;CARBURANT;21J6;20211001;EcritureLib_0038;20250720;0,00;80,02;C;AT/15;A;20240731
AT;Achats Tiime;AT/16;20211004;60630000;CompteLib_0027;;;21J9;20211004;EcritureLib_0039;20250720;75,00;0,00;D;AT/16;;
AT;Achats Tiime;AT/16;20211004;40100000;CompteLib_0028;FCOUTURIER;COUTURIER;21J9;20211004;EcritureLib_0039;20250720;0,00;75,00;C;AT/16;A;20240731
AT;Achats Tiime;AT/17;20211005;60630000;CompteLib_0027;;;21J23;20211005;EcritureLib_0040;20250720;14,62;0,00;D;AT/17;;
AT;Achats Tiime;AT/17;20211005;44566100;CompteLib_0018;;;21J23;20211005;EcritureLib_0040;20250720;2,92;0,00;D;AT/17;;
AT;Achats Tiime;AT/17;20211005;40100000;CompteLib_0028;FALDI;ALDI;21J23;20211005;EcritureLib_0040;20250720;0,00;17,54;C;AT/17;A;20240731
AT;Achats Tiime;AT/18;20211007;60100000;CompteLib_0029;;;21J35;20211007;EcritureLib_0033;20250720;252,82;0,00;D;AT/18;;
AT;Achats Tiime;AT/18;20211007;44566100;CompteLib_0018;;;21J35;20211007;EcritureLib_0033;20250720;13,91;0,00;D;AT/18;;
AT;Achats Tiime;AT/18;20211007;40100000;CompteLib_0028;FSPUNTINI;SPUNTINI FOOD'S;21J35;20211007;EcritureLib_0033;20250720;0,00;266,73;C;AT/18;AW;20240731
AT;Achats Tiime;AT/19;20211014;60100000;CompteLib_0029;;;21J67;20211014;EcritureLib_0033;20250720;254,14;0,00;D;AT/19;;
AT;Achats Tiime;AT/19;20211014;44566100;CompteLib_0018;;;21J67;20211014;EcritureLib_0033;20250720;13,98;0,00;D;AT/19;;
AT;Achats Tiime;AT/19;20211014;40100000;CompteLib_0028;FSPUNTINI;SPUNTINI FOOD'S;21J67;20211014;EcritureLib_0033;20250720;0,00;268,12;C;AT/19;AX;20240731
AT;Achats Tiime;AT/20;20211021;60100000;CompteLib_0029;;;20184240;20211021;EcritureLib_0041;20250720;24,32;0,00;D;AT/20;;
AT;Achats Tiime;AT/20;20211021;44566100;CompteLib_0018;;;20184240;20211021;EcritureLib_0041;20250720;1,34;0,00;D;AT/20;;
AT;Achats Tiime;AT/20;20211021;40100000;CompteLib_0028;FSPUNTINI;SPUNTINI FOOD'S;20184240;20211021;EcritureLib_0041;20250720;0,00;25,66;C;AT/20;AY;20240731
AT;Achats Tiime;AT/21;20211021;60100000;CompteLib_0029;;;20184180;20211021;EcritureLib_0041;20250720;215,37;0,00;D;AT/21;;
AT;Achats Tiime;AT/21;20211021;44566100;CompteLib_0018;;;20184180;20211021;EcritureLib_0041;20250720;11,85;0,00;D;AT/21;;
AT;Achats Tiime;AT/21;20211021;40100000;CompteLib_0028;FSPUNTINI;SPUNTINI FOOD'S;20184180;20211021;EcritureLib_0041;20250720;0,00;227,22;C;AT/21;AY;20240731
AT;Achats Tiime;AT/22;20211021;60100000;CompteLib_0029;;;21J98;20211021;EcritureLib_0030;20250720;1012,50;0,00;D;AT/22;;
AT;Achats Tiime;AT/22;20211021;44566100;CompteLib_0018;;;21J98;20211021;EcritureLib_0030;20250720;55,69;0,00;D;AT/22;;
AT;Achats Tiime;AT/22;20211021;40100000;CompteLib_0028;FLOTQU;LOT QUALITE;21J98;20211021;EcritureLib_0030;20250720;0,00;1068,19;C;AT/22;E;20240826
AT;Achats Tiime;AT/23;20211025;60120000;CompteLib_0033;;;21J116;20211025;EcritureLib_0042;20250720;357,17;0,00;D;AT/23;;
AT;Achats Tiime;AT/23;20211025;44566100;CompteLib_0018;;;21J116;20211025;EcritureLib_0042;20250720;19,64;0,00;D;AT/23;;
AT;Achats Tiime;AT/23;20211025;40100000;CompteLib_0028;FNOYEZ;NOYEZ;21J116;20211025;EcritureLib_0042;20250720;0,00;376,81;C;AT/23;E;20240826
AT;Achats Tiime;AT/24;20211110;60100000;CompteLib_0029;;;21K50;20211110;EcritureLib_0033;20250720;278,85;0,00;D;AT/24;;
AT;Achats Tiime;AT/24;20211110;44566100;CompteLib_0018;;;21K50;20211110;EcritureLib_0033;20250720;15,34;0,00;D;AT/24;;
AT;Achats Tiime;AT/24;20211110;40100000;CompteLib_0028;FSPUNTINI;SPUNTINI FOOD'S;21K50;20211110;EcritureLib_0033;20250720;0,00;294,19;C;AT/24;AZ;20240731
AT;Achats Tiime;AT/25;20211125;60100000;CompteLib_0029;;;21K113;20211125;EcritureLib_0033;20250720;233,08;0,00;D;AT/25;;
AT;Achats Tiime;AT/25;20211125;44566100;CompteLib_0018;;;21K113;20211125;EcritureLib_0033;20250720;12,82;0,00;D;AT/25;;
AT;Achats Tiime;AT/25;20211125;40100000;CompteLib_0028;FSPUNTINI;SPUNTINI FOOD'S;21K113;20211125;EcritureLib_0033;20250720;0,00;245,90;C;AT/25;BA;20240731
AT;Achats Tiime;AT/26;20211202;60100000;CompteLib_0029;;;21L5;20211202;EcritureLib_0033;20250720;280,66;0,00;D;AT/26;;
AT;Achats Tiime;AT/26;20211202;44566100;CompteLib_0018;;;21L5;20211202;EcritureLib_0033;20250720;15,44;0,00;D;AT/26;;
AT;Achats Tiime;AT/26;20211202;40100000;CompteLib_0028;FSPUNTINI;SPUNTINI FOOD'S;21L5;20211202;EcritureLib_0033;20250720;0,00;296,10;C;AT/26;BC;20240731
AT;Achats Tiime;AT/27;20211206;60120000;CompteLib_0033;;;21L31;20211206;EcritureLib_0042;20250720;332,99;0,00;D;AT/27;;
AT;Achats Tiime;AT/27;20211206;44566100;CompteLib_0018;;;21L31;20211206;EcritureLib_0042;20250720;18,31;0,00;D;AT/27;;
AT;Achats Tiime;AT/27;20211206;40100000;CompteLib_0028;FNOYEZ;NOYEZ;21L31;20211206;EcritureLib_0042;20250720;0,00;351,30;C;AT/27;D;20240826
AT;Achats Tiime;AT/28;20211209;60100000;CompteLib_0029;;;21L36;20211209;EcritureLib_0033;20250720;296,49;0,00;D;AT/28;;
AT;Achats Tiime;AT/28;20211209;44566100;CompteLib_0018;;;21L36;20211209;EcritureLib_0033;20250720;16,31;0,00;D;AT/28;;
AT;Achats Tiime;AT/28;20211209;40100000;CompteLib_0028;FSPUNTINI;SPUNTINI FOOD'S;21L36;20211209;EcritureLib_0033;20250720;0,00;312,80;C;AT/28;BB;20240731
AT;Achats Tiime;AT/29;20211216;60100000;CompteLib_0029;;;21L64;20211216;EcritureLib_0033;20250720;207,26;0,00;D;AT/29;;
AT;Achats Tiime;AT/29;20211216;44566100;CompteLib_0018;;;21L64;20211216;EcritureLib_0033;20250720;11,40;0,00;D;AT/29;;
AT;Achats Tiime;AT/29;20211216;40100000;CompteLib_0028;FSPUNTINI;SPUNTINI FOOD'S;21L64;20211216;EcritureLib_0033;20250720;0,00;218,66;C;AT/29;BD;20240731
AT;Achats Tiime;AT/30;20211224;62340000;CompteLib_0034;;;21L100;20211224;EcritureLib_0043;20250720;38,90;0,00;D;AT/30;;
AT;Achats Tiime;AT/30;20211224;40100000;CompteLib_0028;FFLEURS;FLEURS;21L100;20211224;EcritureLib_0043;20250720;0,00;38,90;C;AT/30;A;20240731
AT;Achats Tiime;AT/31;20211228;60630000;CompteLib_0027;;;21L111;20211228;EcritureLib_0044;20250720;110,75;0,00;D;AT/31;;
AT;Achats Tiime;AT/31;20211228;44566100;CompteLib_0018;;;21L111;20211228;EcritureLib_0044;20250720;22,15;0,00;D;AT/31;;
AT;Achats Tiime;AT/31;20211228;40100000;CompteLib_0028;FCASTORAMA;CASTORAMA;21L111;20211228;EcritureLib_0044;20250720;0,00;132,90;C;AT/31;A;20240731
AT;Achats Tiime;AT/32;20220103;60100000;CompteLib_0029;;;22A123;20220103;EcritureLib_0033;20250720;30,88;0,00;D;AT/32;;
AT;Achats Tiime;AT/32;20220103;44566100;CompteLib_0018;;;22A123;20220103;EcritureLib_0033;20250720;1,70;0,00;D;AT/32;;
AT;Achats Tiime;AT/32;20220103;40100000;CompteLib_0028;FSPUNTINI;SPUNTINI FOOD'S;22A123;20220103;EcritureLib_0033;20250720;0,00;32,58;C;AT/32;BE;20240731
AT;Achats Tiime;AT/33;20220106;60100000;CompteLib_0029;;;22A129;20220106;EcritureLib_0033;20250720;441,82;0,00;D;AT/33;;
AT;Achats Tiime;AT/33;20220106;44566100;CompteLib_0018;;;22A129;20220106;EcritureLib_0033;20250720;24,30;0,00;D;AT/33;;
AT;Achats Tiime;AT/33;20220106;40100000;CompteLib_0028;FSPUNTINI;SPUNTINI FOOD'S;22A129;20220106;EcritureLib_0033;20250720;0,00;466,12;C;AT/33;BF;20240731
AT;Achats Tiime;AT/34;20220117;60100000;CompteLib_0029;;;22A135;20220117;EcritureLib_0033;20250720;55,04;0,00;D;AT/34;;
AT;Achats Tiime;AT/34;20220117;44566100;CompteLib_0018;;;22A135;20220117;EcritureLib_0033;20250720;3,03;0,00;D;AT/34;;
AT;Achats Tiime;AT/34;20220117;40100000;CompteLib_0028;FSPUNTINI;SPUNTINI FOOD'S;22A135;20220117;EcritureLib_0033;20250720;0,00;58,07;C;AT/34;BG;20240731
AT;Achats Tiime;AT/35;20220127;60100000;CompteLib_0029;;;20191445;20220127;EcritureLib_0041;20250720;0,00;32,52;C;AT/35;;
AT;Achats Tiime;AT/35;20220127;44566100;CompteLib_0018;;;20191445;20220127;EcritureLib_0041;20250720;0,00;1,79;C;AT/35;;
AT;Achats Tiime;AT/35;20220127;40100000;CompteLib_0028;FSPUNTINI;SPUNTINI FOOD'S;20191445;20220127;EcritureLib_0041;20250720;34,31;0,00;D;AT/35;BK;20240801
AT;Achats Tiime;AT/36;20220206;60630000;CompteLib_0027;;;INV-DE-1374754605-2022-180;20220206;EcritureLib_0045;20250720;277,47;0,00;D;AT/36;;
AT;Achats Tiime;AT/36;20220206;40100000;CompteLib_0028;FAMAZON;AMAZON;INV-DE-1374754605-2022-180;20220206;EcritureLib_0045;20250720;0,00;277,47;C;AT/36;A;20240731
AT;Achats Tiime;AT/37;20220210;60100000;CompteLib_0029;;;22B140;20220210;EcritureLib_0046;20250720;469,43;0,00;D;AT/37;;
AT;Achats Tiime;AT/37;20220210;44566100;CompteLib_0018;;;22B140;20220210;EcritureLib_0046;20250720;25,82;0,00;D;AT/37;;
AT;Achats Tiime;AT/37;20220210;40100000;CompteLib_0028;FSPUNTINI;SPUNTINI FOOD'S;22B140;20220210;EcritureLib_0046;20250720;0,00;495,25;C;AT/37;BH;20240731
AT;Achats Tiime;AT/38;20220210;60100000;CompteLib_0029;;;22B141;20220210;EcritureLib_0030;20250720;771,56;0,00;D;AT/38;;
AT;Achats Tiime;AT/38;20220210;44566100;CompteLib_0018;;;22B141;20220210;EcritureLib_0030;20250720;42,44;0,00;D;AT/38;;
AT;Achats Tiime;AT/38;20220210;40100000;CompteLib_0028;FLOTQU;LOT QUALITE;22B141;20220210;EcritureLib_0030;20250720;0,00;814,00;C;AT/38;G;20240826
AT;Achats Tiime;AT/39;20220211;60120000;CompteLib_0033;;;22B146;20220211;EcritureLib_0042;20250720;122,42;0,00;D;AT/39;;
AT;Achats Tiime;AT/39;20220211;44566100;CompteLib_0018;;;22B146;20220211;EcritureLib_0042;20250720;6,73;0,00;D;AT/39;;
AT;Achats Tiime;AT/39;20220211;40100000;CompteLib_0028;FNOYEZ;NOYEZ;22B146;20220211;EcritureLib_0042;20250720;0,00;129,15;C;AT/39;C;20240826
AT;Achats Tiime;AT/40;20220217;60100000;CompteLib_0029;;;20192915;20220217;EcritureLib_0041;20250720;362,08;0,00;D;AT/40;;
AT;Achats Tiime;AT/40;20220217;44566100;CompteLib_0018;;;20192915;20220217;EcritureLib_0041;20250720;19,91;0,00;D;AT/40;;
AT;Achats Tiime;AT/40;20220217;40100000;CompteLib_0028;FSPUNTINI;SPUNTINI FOOD'S;20192915;20220217;EcritureLib_0041;20250720;0,00;381,99;C;AT/40;BK;20240801
AT;Achats Tiime;AT/41;20220317;60100000;CompteLib_0029;;;22C150;20220317;EcritureLib_0033;20250720;357,03;0,00;D;AT/41;;
AT;Achats Tiime;AT/41;20220317;44566100;CompteLib_0018;;;22C150;20220317;EcritureLib_0033;20250720;19,64;0,00;D;AT/41;;
AT;Achats Tiime;AT/41;20220317;40100000;CompteLib_0028;FSPUNTINI;SPUNTINI FOOD'S;22C150;20220317;EcritureLib_0033;20250720;0,00;376,67;C;AT/41;BI;20240731
AT;Achats Tiime;AT/42;20220318;60120000;CompteLib_0033;;;410813;20220318;EcritureLib_0042;20250720;63,27;0,00;D;AT/42;;
AT;Achats Tiime;AT/42;20220318;44566100;CompteLib_0018;;;410813;20220318;EcritureLib_0042;20250720;3,48;0,00;D;AT/42;;
AT;Achats Tiime;AT/42;20220318;40100000;CompteLib_0028;FNOYEZ;NOYEZ;410813;20220318;EcritureLib_0042;20250720;0,00;66,75;C;AT/42;B;20240826
AT;Achats Tiime;AT/43;20220319;60630000;CompteLib_0027;;;22C154;20220319;EcritureLib_0047;20250720;333,31;0,00;D;AT/43;;
AT;Achats Tiime;AT/43;20220319;44566100;CompteLib_0018;;;22C154;20220319;EcritureLib_0047;20250720;66,67;0,00;D;AT/43;;
AT;Achats Tiime;AT/43;20220319;40100000;CompteLib_0028;FELECTRO;ELECTRO DEPOT;22C154;20220319;EcritureLib_0047;20250720;0,00;399,98;C;AT/43;A;20240731
AT;Achats Tiime;AT/44;20220330;60100000;CompteLib_0029;;;20196015;20220330;EcritureLib_0048;20250720;6,85;0,00;D;AT/44;;
AT;Achats Tiime;AT/44;20220330;44566100;CompteLib_0018;;;20196015;20220330;EcritureLib_0048;20250720;0,38;0,00;D;AT/44;;
AT;Achats Tiime;AT/44;20220330;40100000;CompteLib_0028;FSPUNTINI;SPUNTINI FOOD'S;20196015;20220330;EcritureLib_0048;20250720;0,00;7,23;C;AT/44;BJ;20240801
AT;Achats Tiime;AT/45;20220331;60100000;CompteLib_0029;;;20196069;20220331;EcritureLib_0041;20250720;625,00;0,00;D;AT/45;;
AT;Achats Tiime;AT/45;20220331;44566100;CompteLib_0018;;;20196069;20220331;EcritureLib_0041;20250720;34,38;0,00;D;AT/45;;
AT;Achats Tiime;AT/45;20220331;40100000;CompteLib_0028;FSPUNTINI;SPUNTINI FOOD'S;20196069;20220331;EcritureLib_0041;20250720;0,00;659,38;C;AT/45;BJ;20240801
BQ;Banque BQ;BQ/1;20210401;61600000;CompteLib_0035;;;21D2;20210401;EcritureLib_0049;20250720;92,12;0,00;D;BQ/1;;
BQ;Banque BQ;BQ/1;20210401;51200000;CompteLib_0024;;;21D2;20210401;EcritureLib_0049;20250720;0,00;92,12;C;BQ/1;;
BQ;Banque BQ;BQ/2;20210401;62700000;CompteLib_0036;;;21D3;20210401;EcritureLib_0050;20250720;47,88;0,00;D;BQ/2;;
BQ;Banque BQ;BQ/2;20210401;51200000;CompteLib_0024;;;21D3;20210401;EcritureLib_0050;20250720;0,00;47,88;C;BQ/2;;
BQ;Banque BQ;BQ/3;20210402;61600000;CompteLib_0035;;;21D8;20210402;EcritureLib_0051;20250720;18,89;0,00;D;BQ/3;;
BQ;Banque BQ;BQ/3;20210402;51200000;CompteLib_0024;;;21D8;20210402;EcritureLib_0051;20250720;0,00;18,89;C;BQ/3;;
BQ;Banque BQ;BQ/4;20210406;42100000;CompteLib_0010;;;21D12;20210406;EcritureLib_0052;20250720;873,41;0,00;D;BQ/4;Q;20240802
BQ;Banque BQ;BQ/4;20210406;51200000;CompteLib_0024;;;21D12;20210406;EcritureLib_0052;20250720;0,00;873,41;C;BQ/4;;
BQ;Banque BQ;BQ/5;20210406;44566100;CompteLib_0018;;;21D9;20210406;EcritureLib_0053;20250720;39,80;0,00;D;BQ/5;;
BQ;Banque BQ;BQ/5;20210406;62260000;CompteLib_0037;;;21D9;20210406;EcritureLib_0053;20250720;199,00;0,00;D;BQ/5;;
BQ;Banque BQ;BQ/5;20210406;51200000;CompteLib_0024;;;21D9;20210406;EcritureLib_0053;20250720;0,00;238,80;C;BQ/5;;
BQ;Banque BQ;BQ/6;20210406;61321000;CompteLib_0038;;;21D10;20210406;EcritureLib_0054;20250720;1000,00;0,00;D;BQ/6;;
BQ;Banque BQ;BQ/6;20210406;44566100;CompteLib_0018;;;21D10;20210406;EcritureLib_0054;20250720;200,00;0,00;D;BQ/6;;
BQ;Banque BQ;BQ/6;20210406;51200000;CompteLib_0024;;;21D10;20210406;EcritureLib_0054;20250720;0,00;1200,00;C;BQ/6;;
BQ;Banque BQ;BQ/7;20210406;42100000;CompteLib_0010;;;21D11;20210406;EcritureLib_0055;20250720;566,87;0,00;D;BQ/7;Q;20240802
BQ;Banque BQ;BQ/7;20210406;51200000;CompteLib_0024;;;21D11;20210406;EcritureLib_0055;20250720;0,00;566,87;C;BQ/7;;
BQ;Banque BQ;BQ/8;20210406;61600000;CompteLib_0035;;;21D14;20210406;EcritureLib_0056;20250720;53,03;0,00;D;BQ/8;;
BQ;Banque BQ;BQ/8;20210406;51200000;CompteLib_0024;;;21D14;20210406;EcritureLib_0056;20250720;0,00;53,03;C;BQ/8;;
BQ;Banque BQ;BQ/9;20210406;62700000;CompteLib_0036;;;21D13;20210406;EcritureLib_0057;20250720;0,00;15,00;C;BQ/9;;
BQ;Banque BQ;BQ/9;20210406;51200000;CompteLib_0024;;;21D13;20210406;EcritureLib_0057;20250720;15,00;0,00;D;BQ/9;;
BQ;Banque BQ;BQ/10;20210407;60612000;CompteLib_0039;;;21D15;20210407;EcritureLib_0058;20250720;0,00;130,00;C;BQ/10;;
BQ;Banque BQ;BQ/10;20210407;51200000;CompteLib_0024;;;21D15;20210407;EcritureLib_0058;20250720;130,00;0,00;D;BQ/10;;
BQ;Banque BQ;BQ/11;20210409;62261000;CompteLib_0037;;;21D16;20210409;EcritureLib_0059;20250720;39,00;0,00;D;BQ/11;;
BQ;Banque BQ;BQ/11;20210409;44566100;CompteLib_0018;;;21D16;20210409;EcritureLib_0059;20250720;7,80;0,00;D;BQ/11;;
BQ;Banque BQ;BQ/11;20210409;51200000;CompteLib_0024;;;21D16;20210409;EcritureLib_0059;20250720;0,00;46,80;C;BQ/11;;
BQ;Banque BQ;BQ/12;20210409;43870000;CompteLib_0016;;;21D17;20210409;EcritureLib_0060;20250720;0,00;9398,00;C;BQ/12;;
BQ;Banque BQ;BQ/12;20210409;51200000;CompteLib_0024;;;21D17;20210409;EcritureLib_0060;20250720;9398,00;0,00;D;BQ/12;;
BQ;Banque BQ;BQ/13;20210410;16400000;CompteLib_0004;;;21D18;20210410;EcritureLib_0061;20250720;668,91;0,00;D;BQ/13;;
BQ;Banque BQ;BQ/13;20210410;51200000;CompteLib_0024;;;21D18;20210410;EcritureLib_0061;20250720;0,00;668,91;C;BQ/13;;
BQ;Banque BQ;BQ/14;20210410;66100000;CompteLib_0040;;;21D19;20210410;EcritureLib_0062;20250720;35,69;0,00;D;BQ/14;;
BQ;Banque BQ;BQ/14;20210410;51200000;CompteLib_0024;;;21D19;20210410;EcritureLib_0062;20250720;0,00;35,69;C;BQ/14;;
BQ;Banque BQ;BQ/15;20210412;61350000;CompteLib_0041;;;21D22;20210412;EcritureLib_0063;20250720;142,74;0,00;D;BQ/15;;
BQ;Banque BQ;BQ/15;20210412;51200000;CompteLib_0024;;;21D22;20210412;EcritureLib_0063;20250720;0,00;142,74;C;BQ/15;;
BQ;Banque BQ;BQ/16;20210412;62600000;CompteLib_0042;;;21D20;20210412;EcritureLib_0064;20250720;240,80;0,00;D;BQ/16;;
BQ;Banque BQ;BQ/16;20210412;51200000;CompteLib_0024;;;21D20;20210412;EcritureLib_0064;20250720;0,00;240,80;C;BQ/16;;
BQ;Banque BQ;BQ/17;20210412;62700000;CompteLib_0036;;;21D21;20210412;EcritureLib_0065;20250720;21,80;0,00;D;BQ/17;;
BQ;Banque BQ;BQ/17;20210412;51200000;CompteLib_0024;;;21D21;20210412;EcritureLib_0065;20250720;0,00;21,80;C;BQ/17;;
BQ;Banque BQ;BQ/18;20210416;60630000;CompteLib_0027;;;21D23;20210416;EcritureLib_0066;20250720;39,13;0,00;D;BQ/18;;
BQ;Banque BQ;BQ/18;20210416;51200000;CompteLib_0024;;;21D23;20210416;EcritureLib_0066;20250720;0,00;39,13;C;BQ/18;;
BQ;Banque BQ;BQ/19;20210416;60630000;CompteLib_0027;;;21D24;20210416;EcritureLib_0066;20250720;34,98;0,00;D;BQ/19;;
BQ;Banque BQ;BQ/19;20210416;51200000;CompteLib_0024;;;21D24;20210416;EcritureLib_0066;20250720;0,00;34,98;C;BQ/19;;
BQ;Banque BQ;BQ/20;20210419;60100000;CompteLib_0029;;;21D26;20210419;EcritureLib_0067;20250720;511,86;0,00;D;BQ/20;;
BQ;Banque BQ;BQ/20;20210419;51200000;CompteLib_0024;;;21D26;20210419;EcritureLib_0067;20250720;0,00;511,86;C;BQ/20;;
BQ;Banque BQ;BQ/21;20210419;60630000;CompteLib_0027;;;21D25;20210419;EcritureLib_0066;20250720;44,34;0,00;D;BQ/21;;
BQ;Banque BQ;BQ/21;20210419;51200000;CompteLib_0024;;;21D25;20210419;EcritureLib_0066;20250720;0,00;44,34;C;BQ/21;;
BQ;Banque BQ;BQ/22;20210420;61200000;CompteLib_0043;;;21D27;20210420;EcritureLib_0068;20250720;326,91;0,00;D;BQ/22;;
BQ;Banque BQ;BQ/22;20210420;51200000;CompteLib_0024;;;21D27;20210420;EcritureLib_0068;20250720;0,00;326,91;C;BQ/22;;
BQ;Banque BQ;BQ/23;20210421;43702000;CompteLib_0044;;;21D28;20210421;EcritureLib_0069;20250720;10,26;0,00;D;BQ/23;;
BQ;Banque BQ;BQ/23;20210421;51200000;CompteLib_0024;;;21D28;20210421;EcritureLib_0069;20250720;0,00;10,26;C;BQ/23;;
BQ;Banque BQ;BQ/24;20210422;66100000;CompteLib_0040;;;21D29;20210422;EcritureLib_0070;20250720;30,00;0,00;D;BQ/24;;
BQ;Banque BQ;BQ/24;20210422;51200000;CompteLib_0024;;;21D29;20210422;EcritureLib_0070;20250720;0,00;30,00;C;BQ/24;;
BQ;Banque BQ;BQ/25;20210423;45500000;CompteLib_0023;;;21D30;20210423;EcritureLib_0071;20250720;121,80;0,00;D;BQ/25;;
BQ;Banque BQ;BQ/25;20210423;51200000;CompteLib_0024;;;21D30;20210423;EcritureLib_0071;20250720;0,00;121,80;C;BQ/25;;
BQ;Banque BQ;BQ/26;20210426;43703000;CompteLib_0045;;;21D33;20210426;EcritureLib_0072;20250720;1,37;0,00;D;BQ/26;;
BQ;Banque BQ;BQ/26;20210426;51200000;CompteLib_0024;;;21D33;20210426;EcritureLib_0072;20250720;0,00;1,37;C;BQ/26;;
BQ;Banque BQ;BQ/27;20210426;60630000;CompteLib_0027;;;21D32;20210426;EcritureLib_0073;20250720;23,40;0,00;D;BQ/27;;
BQ;Banque BQ;BQ/27;20210426;51200000;CompteLib_0024;;;21D32;20210426;EcritureLib_0073;20250720;0,00;23,40;C;BQ/27;;
BQ;Banque BQ;BQ/28;20210426;60630000;CompteLib_0027;;;21D31;20210426;EcritureLib_0066;20250720;55,20;0,00;D;BQ/28;;
BQ;Banque BQ;BQ/28;20210426;51200000;CompteLib_0024;;;21D31;20210426;EcritureLib_0066;20250720;0,00;55,20;C;BQ/28;;
BQ;Banque BQ;BQ/29;20210427;79120000;CompteLib_0046;;;21D34;20210427;EcritureLib_0074;20250720;0,00;1662,55;C;BQ/29;;
BQ;Banque BQ;BQ/29;20210427;51200000;CompteLib_0024;;;21D34;20210427;EcritureLib_0074;20250720;1662,55;0,00;D;BQ/29;;
BQ;Banque BQ;BQ/30;20210428;60612000;CompteLib_0039;;;21D35;20210428;EcritureLib_0075;20250720;799,47;0,00;D;BQ/30;;
BQ;Banque BQ;BQ/30;20210428;51200000;CompteLib_0024;;;21D35;20210428;EcritureLib_0075;20250720;0,00;799,47;C;BQ/30;;
BQ;Banque BQ;BQ/31;20210429;62600000;CompteLib_0042;;;21D36;20210429;EcritureLib_0076;20250720;50,00;0,00;D;BQ/31;;
BQ;Banque BQ;BQ/31;20210429;51200000;CompteLib_0024;;;21D36;20210429;EcritureLib_0076;20250720;0,00;60,00;C;BQ/31;;
BQ;Banque BQ;BQ/31;20210429;44566100;CompteLib_0018;;;21D36;20210429;EcritureLib_0076;20250720;10,00;0,00;D;BQ/31;;
BQ;Banque BQ;BQ/32;20210430;40100000;CompteLib_0028;FIKEA;IKEA;21D37;20210430;EcritureLib_0077;20250720;565,09;0,00;D;BQ/32;A;20240731
BQ;Banque BQ;BQ/32;20210430;51200000;CompteLib_0024;;;21D37;20210430;EcritureLib_0077;20250720;0,00;565,09;C;BQ/32;;
BQ;Banque BQ;BQ/33;20210503;62700000;CompteLib_0036;;;21E2;20210503;EcritureLib_0050;20250720;47,88;0,00;D;BQ/33;;
BQ;Banque BQ;BQ/33;20210503;51200000;CompteLib_0024;;;21E2;20210503;EcritureLib_0050;20250720;0,00;47,88;C;BQ/33;;
BQ;Banque BQ;BQ/34;20210503;42100000;CompteLib_0010;;;21E3;20210503;EcritureLib_0078;20250720;561,44;0,00;D;BQ/34;B;20240802
BQ;Banque BQ;BQ/34;20210503;51200000;CompteLib_0024;;;21E3;20210503;EcritureLib_0078;20250720;0,00;561,44;C;BQ/34;;
BQ;Banque BQ;BQ/35;20210503;61600000;CompteLib_0035;;;21E1;20210503;EcritureLib_0079;20250720;92,12;0,00;D;BQ/35;;
BQ;Banque BQ;BQ/35;20210503;51200000;CompteLib_0024;;;21E1;20210503;EcritureLib_0079;20250720;0,00;92,12;C;BQ/35;;
BQ;Banque BQ;BQ/36;20210503;42100000;CompteLib_0010;;;21E4;20210503;EcritureLib_0080;20250720;886,94;0,00;D;BQ/36;C;20240802
BQ;Banque BQ;BQ/36;20210503;51200000;CompteLib_0024;;;21E4;20210503;EcritureLib_0080;20250720;0,00;886,94;C;BQ/36;;
BQ;Banque BQ;BQ/37;20210504;60612000;CompteLib_0039;;;21E7;20210504;EcritureLib_0058;20250720;0,00;130,00;C;BQ/37;;
BQ;Banque BQ;BQ/37;20210504;51200000;CompteLib_0024;;;21E7;20210504;EcritureLib_0058;20250720;130,00;0,00;D;BQ/37;;
BQ;Banque BQ;BQ/38;20210504;60630000;CompteLib_0027;;;21E6;20210504;EcritureLib_0081;20250720;176,59;0,00;D;BQ/38;;
BQ;Banque BQ;BQ/38;20210504;51200000;CompteLib_0024;;;21E6;20210504;EcritureLib_0081;20250720;0,00;176,59;C;BQ/38;;
BQ;Banque BQ;BQ/39;20210504;61600000;CompteLib_0035;;;21E5;20210504;EcritureLib_0082;20250720;24,08;0,00;D;BQ/39;;
BQ;Banque BQ;BQ/39;20210504;51200000;CompteLib_0024;;;21E5;20210504;EcritureLib_0082;20250720;0,00;24,08;C;BQ/39;;
BQ;Banque BQ;BQ/40;20210505;61600000;CompteLib_0035;;;21E9;20210505;EcritureLib_0083;20250720;53,03;0,00;D;BQ/40;;
BQ;Banque BQ;BQ/40;20210505;51200000;CompteLib_0024;;;21E9;20210505;EcritureLib_0083;20250720;0,00;53,03;C;BQ/40;;
BQ;Banque BQ;BQ/41;20210505;61321000;CompteLib_0038;;;21E10;20210505;EcritureLib_0084;20250720;1000,00;0,00;D;BQ/41;;
BQ;Banque BQ;BQ/41;20210505;44566100;CompteLib_0018;;;21E10;20210505;EcritureLib_0084;20250720;200,00;0,00;D;BQ/41;;
BQ;Banque BQ;BQ/41;20210505;51200000;CompteLib_0024;;;21E10;20210505;EcritureLib_0084;20250720;0,00;1200,00;C;BQ/41;;
BQ;Banque BQ;BQ/42;20210507;40100000;CompteLib_0028;FMETRO;METRO;21E12;20210507;EcritureLib_0085;20250720;936,00;0,00;D;BQ/42;B;20240731
BQ;Banque BQ;BQ/42;20210507;51200000;CompteLib_0024;;;21E12;20210507;EcritureLib_0085;20250720;0,00;936,00;C;BQ/42;;
BQ;Banque BQ;BQ/43;20210507;44566100;CompteLib_0018;;;21E13;20210507;EcritureLib_0086;20250720;39,80;0,00;D;BQ/43;;
BQ;Banque BQ;BQ/43;20210507;62260000;CompteLib_0037;;;21E13;20210507;EcritureLib_0086;20250720;199,00;0,00;D;BQ/43;;
BQ;Banque BQ;BQ/43;20210507;51200000;CompteLib_0024;;;21E13;20210507;EcritureLib_0086;20250720;0,00;238,80;C;BQ/43;;
BQ;Banque BQ;BQ/44;20210510;61600000;CompteLib_0035;;;21E20;20210510;EcritureLib_0087;20250720;374,82;0,00;D;BQ/44;;
BQ;Banque BQ;BQ/44;20210510;51200000;CompteLib_0024;;;21E20;20210510;EcritureLib_0087;20250720;0,00;374,82;C;BQ/44;;
BQ;Banque BQ;BQ/45;20210510;62700000;CompteLib_0036;;;21E18;20210510;EcritureLib_0088;20250720;10,90;0,00;D;BQ/45;;
BQ;Banque BQ;BQ/45;20210510;51200000;CompteLib_0024;;;21E18;20210510;EcritureLib_0088;20250720;0,00;10,90;C;BQ/45;;
BQ;Banque BQ;BQ/46;20210510;16400000;CompteLib_0004;;;21E14;20210510;EcritureLib_0089;20250720;669,58;0,00;D;BQ/46;;
BQ;Banque BQ;BQ/46;20210510;51200000;CompteLib_0024;;;21E14;20210510;EcritureLib_0089;20250720;0,00;669,58;C;BQ/46;;
BQ;Banque BQ;BQ/47;20210510;66100000;CompteLib_0040;;;21E15;20210510;EcritureLib_0090;20250720;35,02;0,00;D;BQ/47;;
BQ;Banque BQ;BQ/47;20210510;51200000;CompteLib_0024;;;21E15;20210510;EcritureLib_0090;20250720;0,00;35,02;C;BQ/47;;
BQ;Banque BQ;BQ/48;20210510;62261000;CompteLib_0037;;;21E16;20210510;EcritureLib_0091;20250720;39,00;0,00;D;BQ/48;;
BQ;Banque BQ;BQ/48;20210510;44566100;CompteLib_0018;;;21E16;20210510;EcritureLib_0091;20250720;7,80;0,00;D;BQ/48;;
BQ;Banque BQ;BQ/48;20210510;51200000;CompteLib_0024;;;21E16;20210510;EcritureLib_0091;20250720;0,00;46,80;C;BQ/48;;
BQ;Banque BQ;BQ/49;20210510;62600000;CompteLib_0042;;;21E17;20210510;EcritureLib_0092;20250720;120,00;0,00;D;BQ/49;;
BQ;Banque BQ;BQ/49;20210510;51200000;CompteLib_0024;;;21E17;20210510;EcritureLib_0092;20250720;0,00;120,00;C;BQ/49;;
BQ;Banque BQ;BQ/50;20210510;61350000;CompteLib_0041;;;21E19;20210510;EcritureLib_0093;20250720;142,74;0,00;D;BQ/50;;
BQ;Banque BQ;BQ/50;20210510;51200000;CompteLib_0024;;;21E19;20210510;EcritureLib_0093;20250720;0,00;142,74;C;BQ/50;;
BQ;Banque BQ;BQ/51;20210518;60630000;CompteLib_0027;;;21E21;20210518;EcritureLib_0081;20250720;101,95;0,00;D;BQ/51;;
BQ;Banque BQ;BQ/51;20210518;51200000;CompteLib_0024;;;21E21;20210518;EcritureLib_0081;20250720;0,00;101,95;C;BQ/51;;
BQ;Banque BQ;BQ/52;20210520;61200000;CompteLib_0043;;;21E22;20210520;EcritureLib_0094;20250720;326,91;0,00;D;BQ/52;;
BQ;Banque BQ;BQ/52;20210520;51200000;CompteLib_0024;;;21E22;20210520;EcritureLib_0094;20250720;0,00;326,91;C;BQ/52;;
BQ;Banque BQ;BQ/53;20210522;16410000;CompteLib_0004;;;21E23;20210522;EcritureLib_0095;20250720;197,36;0,00;D;BQ/53;;
BQ;Banque BQ;BQ/53;20210522;51200000;CompteLib_0024;;;21E23;20210522;EcritureLib_0095;20250720;0,00;197,36;C;BQ/53;;
BQ;Banque BQ;BQ/54;20210522;66100000;CompteLib_0040;;;21E25;20210522;EcritureLib_0096;20250720;5,40;0,00;D;BQ/54;;
BQ;Banque BQ;BQ/54;20210522;51200000;CompteLib_0024;;;21E25;20210522;EcritureLib_0096;20250720;0,00;5,40;C;BQ/54;;
BQ;Banque BQ;BQ/55;20210522;66100000;CompteLib_0040;;;21E24;20210522;EcritureLib_0097;20250720;5,00;0,00;D;BQ/55;;
BQ;Banque BQ;BQ/55;20210522;51200000;CompteLib_0024;;;21E24;20210522;EcritureLib_0097;20250720;0,00;5,00;C;BQ/55;;
BQ;Banque BQ;BQ/56;20210525;43703000;CompteLib_0045;;;21E28;20210525;EcritureLib_0098;20250720;0,55;0,00;D;BQ/56;A;20240826
BQ;Banque BQ;BQ/56;20210525;51200000;CompteLib_0024;;;21E28;20210525;EcritureLib_0098;20250720;0,00;0,55;C;BQ/56;;
BQ;Banque BQ;BQ/57;20210525;60612000;CompteLib_0039;;;21E26;20210525;EcritureLib_0099;20250720;0,00;1005,59;C;BQ/57;;
BQ;Banque BQ;BQ/57;20210525;51200000;CompteLib_0024;;;21E26;20210525;EcritureLib_0099;20250720;1005,59;0,00;D;BQ/57;;
BQ;Banque BQ;BQ/58;20210525;60612000;CompteLib_0039;;;21E27;20210525;EcritureLib_0100;20250720;0,00;980,40;C;BQ/58;;
BQ;Banque BQ;BQ/58;20210525;51200000;CompteLib_0024;;;21E27;20210525;EcritureLib_0100;20250720;980,40;0,00;D;BQ/58;;
BQ;Banque BQ;BQ/59;20210526;74000000;CompteLib_0047;;;21E29;20210526;EcritureLib_0101;20250720;0,00;10000,00;C;BQ/59;;
BQ;Banque BQ;BQ/59;20210526;51200000;CompteLib_0024;;;21E29;20210526;EcritureLib_0101;20250720;10000,00;0,00;D;BQ/59;;
BQ;Banque BQ;BQ/60;20210526;58000000;CompteLib_0048;;;21E31;20210526;EcritureLib_0102;20250720;20000,00;0,00;D;BQ/60;;
BQ;Banque BQ;BQ/60;20210526;51200000;CompteLib_0024;;;21E31;20210526;EcritureLib_0102;20250720;0,00;20000,00;C;BQ/60;;
BQ;Banque BQ;BQ/61;20210526;74000000;CompteLib_0047;;;21E30;20210526;EcritureLib_0103;20250720;0,00;9867,00;C;BQ/61;;
BQ;Banque BQ;BQ/61;20210526;51200000;CompteLib_0024;;;21E30;20210526;EcritureLib_0103;20250720;9867,00;0,00;D;BQ/61;;
BQ;Banque BQ;BQ/62;20210531;62600000;CompteLib_0042;;;21E34;20210531;EcritureLib_0104;20250720;50,00;0,00;D;BQ/62;;
BQ;Banque BQ;BQ/62;20210531;51200000;CompteLib_0024;;;21E34;20210531;EcritureLib_0104;20250720;0,00;60,00;C;BQ/62;;
BQ;Banque BQ;BQ/62;20210531;44566100;CompteLib_0018;;;21E34;20210531;EcritureLib_0104;20250720;10,00;0,00;D;BQ/62;;
BQ;Banque BQ;BQ/63;20210531;60100000;CompteLib_0029;;;21E33;20210531;EcritureLib_0105;20250720;153,19;0,00;D;BQ/63;;
BQ;Banque BQ;BQ/63;20210531;51200000;CompteLib_0024;;;21E33;20210531;EcritureLib_0105;20250720;0,00;153,19;C;BQ/63;;
BQ;Banque BQ;BQ/64;20210601;62700000;CompteLib_0036;;;21F2;20210601;EcritureLib_0050;20250720;47,88;0,00;D;BQ/64;;
BQ;Banque BQ;BQ/64;20210601;51200000;CompteLib_0024;;;21F2;20210601;EcritureLib_0050;20250720;0,00;47,88;C;BQ/64;;
BQ;Banque BQ;BQ/65;20210601;61600000;CompteLib_0035;;;21F1;20210601;EcritureLib_0106;20250720;92,12;0,00;D;BQ/65;;
BQ;Banque BQ;BQ/65;20210601;51200000;CompteLib_0024;;;21F1;20210601;EcritureLib_0106;20250720;0,00;92,12;C;BQ/65;;
BQ;Banque BQ;BQ/66;20210601;40100000;CompteLib_0028;FMCR;MCR EQUIPEMENT;21F3;20210601;EcritureLib_0107;20250720;1044,73;0,00;D;BQ/66;A;20240731
BQ;Banque BQ;BQ/66;20210601;51200000;CompteLib_0024;;;21F3;20210601;EcritureLib_0107;20250720;0,00;1044,73;C;BQ/66;;
BQ;Banque BQ;BQ/67;20210602;61600000;CompteLib_0035;;;21F5;20210602;EcritureLib_0108;20250720;24,08;0,00;D;BQ/67;;
BQ;Banque BQ;BQ/67;20210602;51200000;CompteLib_0024;;;21F5;20210602;EcritureLib_0108;20250720;0,00;24,08;C;BQ/67;;
BQ;Banque BQ;BQ/68;20210602;62620000;CompteLib_0049;;;21F4;20210602;EcritureLib_0109;20250720;5,55;0,00;D;BQ/68;;
BQ;Banque BQ;BQ/68;20210602;51200000;CompteLib_0024;;;21F4;20210602;EcritureLib_0109;20250720;0,00;5,55;C;BQ/68;;
BQ;Banque BQ;BQ/69;20210603;60630000;CompteLib_0027;;;21F6;20210603;EcritureLib_0110;20250720;6,58;0,00;D;BQ/69;;
BQ;Banque BQ;BQ/69;20210603;51200000;CompteLib_0024;;;21F6;20210603;EcritureLib_0110;20250720;0,00;6,58;C;BQ/69;;
BQ;Banque BQ;BQ/70;20210603;42100000;CompteLib_0010;;;21F7;20210603;EcritureLib_0111;20250720;566,91;0,00;D;BQ/70;D;20240802
BQ;Banque BQ;BQ/70;20210603;51200000;CompteLib_0024;;;21F7;20210603;EcritureLib_0111;20250720;0,00;566,91;C;BQ/70;;
BQ;Banque BQ;BQ/71;20210603;42100000;CompteLib_0010;;;21F8;20210603;EcritureLib_0112;20250720;891,24;0,00;D;BQ/71;D;20240802
BQ;Banque BQ;BQ/71;20210603;51200000;CompteLib_0024;;;21F8;20210603;EcritureLib_0112;20250720;0,00;891,24;C;BQ/71;;
BQ;Banque BQ;BQ/72;20210604;60612000;CompteLib_0039;;;21F9;20210604;EcritureLib_0058;20250720;0,00;130,00;C;BQ/72;;
BQ;Banque BQ;BQ/72;20210604;51200000;CompteLib_0024;;;21F9;20210604;EcritureLib_0058;20250720;130,00;0,00;D;BQ/72;;
BQ;Banque BQ;BQ/73;20210607;61600000;CompteLib_0035;;;21F10;20210607;EcritureLib_0113;20250720;53,03;0,00;D;BQ/73;;
BQ;Banque BQ;BQ/73;20210607;51200000;CompteLib_0024;;;21F10;20210607;EcritureLib_0113;20250720;0,00;53,03;C;BQ/73;;
BQ;Banque BQ;BQ/74;20210607;61321000;CompteLib_0038;;;21F13;20210607;EcritureLib_0084;20250720;1000,00;0,00;D;BQ/74;;
BQ;Banque BQ;BQ/74;20210607;44566100;CompteLib_0018;;;21F13;20210607;EcritureLib_0084;20250720;200,00;0,00;D;BQ/74;;
BQ;Banque BQ;BQ/74;20210607;51200000;CompteLib_0024;;;21F13;20210607;EcritureLib_0084;20250720;0,00;1200,00;C;BQ/74;;
BQ;Banque BQ;BQ/75;20210607;44566100;CompteLib_0018;;;21F12;20210607;EcritureLib_0114;20250720;39,80;0,00;D;BQ/75;;
BQ;Banque BQ;BQ/75;20210607;62260000;CompteLib_0037;;;21F12;20210607;EcritureLib_0114;20250720;199,00;0,00;D;BQ/75;;
BQ;Banque BQ;BQ/75;20210607;51200000;CompteLib_0024;;;21F12;20210607;EcritureLib_0114;20250720;0,00;238,80;C;BQ/75;;
BQ;Banque BQ;BQ/76;20210607;60100000;CompteLib_0029;;;21F11;20210607;EcritureLib_0115;20250720;188,40;0,00;D;BQ/76;;
BQ;Banque BQ;BQ/76;20210607;51200000;CompteLib_0024;;;21F11;20210607;EcritureLib_0115;20250720;0,00;188,40;C;BQ/76;;
BQ;Banque BQ;BQ/77;20210608;42870100;CompteLib_0050;;;21F15;20210608;EcritureLib_0116;20250720;0,00;1240,83;C;BQ/77;;
BQ;Banque BQ;BQ/77;20210608;51200000;CompteLib_0024;;;21F15;20210608;EcritureLib_0116;20250720;1240,83;0,00;D;BQ/77;;
BQ;Banque BQ;BQ/78;20210608;60630000;CompteLib_0027;;;21F14;20210608;EcritureLib_0117;20250720;66,09;0,00;D;BQ/78;;
BQ;Banque BQ;BQ/78;20210608;51200000;CompteLib_0024;;;21F14;20210608;EcritureLib_0117;20250720;0,00;66,09;C;BQ/78;;
BQ;Banque BQ;BQ/79;20210609;60100000;CompteLib_0029;;;21F16;20210609;EcritureLib_0105;20250720;160,27;0,00;D;BQ/79;;
BQ;Banque BQ;BQ/79;20210609;51200000;CompteLib_0024;;;21F16;20210609;EcritureLib_0105;20250720;0,00;160,27;C;BQ/79;;
BQ;Banque BQ;BQ/80;20210609;60100000;CompteLib_0029;;;21F17;20210609;EcritureLib_0105;20250720;4,50;0,00;D;BQ/80;;
BQ;Banque BQ;BQ/80;20210609;51200000;CompteLib_0024;;;21F17;20210609;EcritureLib_0105;20250720;0,00;4,50;C;BQ/80;;
BQ;Banque BQ;BQ/81;20210610;51100000;CompteLib_0051;;;21F26;20210610;EcritureLib_0118;20250720;0,00;102,44;C;BQ/81;;
BQ;Banque BQ;BQ/81;20210610;51200000;CompteLib_0024;;;21F26;20210610;EcritureLib_0118;20250720;102,44;0,00;D;BQ/81;;
BQ;Banque BQ;BQ/82;20210610;66100000;CompteLib_0040;;;21F19;20210610;EcritureLib_0119;20250720;34,35;0,00;D;BQ/82;;
BQ;Banque BQ;BQ/82;20210610;51200000;CompteLib_0024;;;21F19;20210610;EcritureLib_0119;20250720;0,00;34,35;C;BQ/82;;
BQ;Banque BQ;BQ/83;20210610;16400000;CompteLib_0004;;;21F18;20210610;EcritureLib_0120;20250720;670,25;0,00;D;BQ/83;;
BQ;Banque BQ;BQ/83;20210610;51200000;CompteLib_0024;;;21F18;20210610;EcritureLib_0120;20250720;0,00;670,25;C;BQ/83;;
BQ;Banque BQ;BQ/84;20210610;60100000;CompteLib_0029;;;21F22;20210610;EcritureLib_0105;20250720;14,66;0,00;D;BQ/84;;
BQ;Banque BQ;BQ/84;20210610;51200000;CompteLib_0024;;;21F22;20210610;EcritureLib_0105;20250720;0,00;14,66;C;BQ/84;;
BQ;Banque BQ;BQ/85;20210610;62700000;CompteLib_0036;;;21F23;20210610;EcritureLib_0121;20250720;10,90;0,00;D;BQ/85;;
BQ;Banque BQ;BQ/85;20210610;51200000;CompteLib_0024;;;21F23;20210610;EcritureLib_0121;20250720;0,00;10,90;C;BQ/85;;
BQ;Banque BQ;BQ/86;20210610;61350000;CompteLib_0041;;;21F24;20210610;EcritureLib_0122;20250720;143,46;0,00;D;BQ/86;;
BQ;Banque BQ;BQ/86;20210610;51200000;CompteLib_0024;;;21F24;20210610;EcritureLib_0122;20250720;0,00;143,46;C;BQ/86;;
BQ;Banque BQ;BQ/87;20210610;51100000;CompteLib_0051;;;21F25;20210610;EcritureLib_0123;20250720;0,00;99,70;C;BQ/87;;
BQ;Banque BQ;BQ/87;20210610;51200000;CompteLib_0024;;;21F25;20210610;EcritureLib_0123;20250720;99,70;0,00;D;BQ/87;;
BQ;Banque BQ;BQ/88;20210610;60614000;CompteLib_0031;;;21F21;20210610;EcritureLib_0124;20250720;70,00;0,00;D;BQ/88;;
BQ;Banque BQ;BQ/88;20210610;51200000;CompteLib_0024;;;21F21;20210610;EcritureLib_0124;20250720;0,00;70,00;C;BQ/88;;
BQ;Banque BQ;BQ/89;20210610;62261000;CompteLib_0037;;;21F20;20210610;EcritureLib_0125;20250720;39,00;0,00;D;BQ/89;;
BQ;Banque BQ;BQ/89;20210610;44566100;CompteLib_0018;;;21F20;20210610;EcritureLib_0125;20250720;7,80;0,00;D;BQ/89;;
BQ;Banque BQ;BQ/89;20210610;51200000;CompteLib_0024;;;21F20;20210610;EcritureLib_0125;20250720;0,00;46,80;C;BQ/89;;
BQ;Banque BQ;BQ/90;20210611;60100000;CompteLib_0029;;;21F27;20210611;EcritureLib_0126;20250720;5,20;0,00;D;BQ/90;;
BQ;Banque BQ;BQ/90;20210611;51200000;CompteLib_0024;;;21F27;20210611;EcritureLib_0126;20250720;0,00;5,20;C;BQ/90;;
BQ;Banque BQ;BQ/91;20210611;60100000;CompteLib_0029;;;21F28;20210611;EcritureLib_0105;20250720;24,92;0,00;D;BQ/91;;
BQ;Banque BQ;BQ/91;20210611;51200000;CompteLib_0024;;;21F28;20210611;EcritureLib_0105;20250720;0,00;24,92;C;BQ/91;;
BQ;Banque BQ;BQ/92;20210611;60630000;CompteLib_0027;;;21F29;20210611;EcritureLib_0117;20250720;30,09;0,00;D;BQ/92;;
BQ;Banque BQ;BQ/92;20210611;51200000;CompteLib_0024;;;21F29;20210611;EcritureLib_0117;20250720;0,00;30,09;C;BQ/92;;
BQ;Banque BQ;BQ/93;20210611;51100000;CompteLib_0051;;;21F31;20210611;EcritureLib_0127;20250720;0,00;52,80;C;BQ/93;;
BQ;Banque BQ;BQ/93;20210611;51200000;CompteLib_0024;;;21F31;20210611;EcritureLib_0127;20250720;52,80;0,00;D;BQ/93;;
BQ;Banque BQ;BQ/94;20210611;51100000;CompteLib_0051;;;21F30;20210611;EcritureLib_0128;20250720;0,00;41,90;C;BQ/94;;
BQ;Banque BQ;BQ/94;20210611;51200000;CompteLib_0024;;;21F30;20210611;EcritureLib_0128;20250720;41,90;0,00;D;BQ/94;;
BQ;Banque BQ;BQ/95;20210612;51100000;CompteLib_0051;;;21F33;20210612;EcritureLib_0129;20250720;0,00;515,50;C;BQ/95;;
BQ;Banque BQ;BQ/95;20210612;51200000;CompteLib_0024;;;21F33;20210612;EcritureLib_0129;20250720;515,50;0,00;D;BQ/95;;
BQ;Banque BQ;BQ/96;20210612;51100000;CompteLib_0051;;;21F32;20210612;EcritureLib_0130;20250720;0,00;61,30;C;BQ/96;;
BQ;Banque BQ;BQ/96;20210612;51200000;CompteLib_0024;;;21F32;20210612;EcritureLib_0130;20250720;61,30;0,00;D;BQ/96;;
BQ;Banque BQ;BQ/97;20210614;51100000;CompteLib_0051;;;21F35;20210614;EcritureLib_0131;20250720;0,00;160,83;C;BQ/97;;
BQ;Banque BQ;BQ/97;20210614;51200000;CompteLib_0024;;;21F35;20210614;EcritureLib_0131;20250720;160,83;0,00;D;BQ/97;;
BQ;Banque BQ;BQ/98;20210614;51100000;CompteLib_0051;;;21F38;20210614;EcritureLib_0132;20250720;0,00;159,50;C;BQ/98;;
BQ;Banque BQ;BQ/98;20210614;51200000;CompteLib_0024;;;21F38;20210614;EcritureLib_0132;20250720;159,50;0,00;D;BQ/98;;
BQ;Banque BQ;BQ/99;20210614;60100000;CompteLib_0029;;;21F37;20210614;EcritureLib_0105;20250720;4,50;0,00;D;BQ/99;;
BQ;Banque BQ;BQ/99;20210614;51200000;CompteLib_0024;;;21F37;20210614;EcritureLib_0105;20250720;0,00;4,50;C;BQ/99;;
BQ;Banque BQ;BQ/100;20210614;51100000;CompteLib_0051;;;21F34;20210614;EcritureLib_0133;20250720;0,00;64,00;C;BQ/100;;
BQ;Banque BQ;BQ/100;20210614;51200000;CompteLib_0024;;;21F34;20210614;EcritureLib_0133;20250720;64,00;0,00;D;BQ/100;;
BQ;Banque BQ;BQ/101;20210614;60100000;CompteLib_0029;;;21F36;20210614;EcritureLib_0105;20250720;41,99;0,00;D;BQ/101;;
BQ;Banque BQ;BQ/101;20210614;51200000;CompteLib_0024;;;21F36;20210614;EcritureLib_0105;20250720;0,00;41,99;C;BQ/101;;
BQ;Banque BQ;BQ/102;20210615;60100000;CompteLib_0029;;;21F39;20210615;EcritureLib_0105;20250720;25,72;0,00;D;BQ/102;;
BQ;Banque BQ;BQ/102;20210615;51200000;CompteLib_0024;;;21F39;20210615;EcritureLib_0105;20250720;0,00;25,72;C;BQ/102;;
BQ;Banque BQ;BQ/103;20210616;51100000;CompteLib_0051;;;21F41;20210616;EcritureLib_0134;20250720;0,00;63,70;C;BQ/103;;
BQ;Banque BQ;BQ/103;20210616;51200000;CompteLib_0024;;;21F41;20210616;EcritureLib_0134;20250720;63,70;0,00;D;BQ/103;;
BQ;Banque BQ;BQ/104;20210616;51100000;CompteLib_0051;;;21F42;20210616;EcritureLib_0135;20250720;0,00;125,80;C;BQ/104;;
BQ;Banque BQ;BQ/104;20210616;51200000;CompteLib_0024;;;21F42;20210616;EcritureLib_0135;20250720;125,80;0,00;D;BQ/104;;
BQ;Banque BQ;BQ/105;20210616;60100000;CompteLib_0029;;;21F40;20210616;EcritureLib_0105;20250720;19,50;0,00;D;BQ/105;;
BQ;Banque BQ;BQ/105;20210616;51200000;CompteLib_0024;;;21F40;20210616;EcritureLib_0105;20250720;0,00;19,50;C;BQ/105;;
BQ;Banque BQ;BQ/106;20210617;51100000;CompteLib_0051;;;21F44;20210617;EcritureLib_0136;20250720;0,00;43,70;C;BQ/106;;
BQ;Banque BQ;BQ/106;20210617;51200000;CompteLib_0024;;;21F44;20210617;EcritureLib_0136;20250720;43,70;0,00;D;BQ/106;;
BQ;Banque BQ;BQ/107;20210617;60100000;CompteLib_0029;;;21F43;20210617;EcritureLib_0105;20250720;22,18;0,00;D;BQ/107;;
BQ;Banque BQ;BQ/107;20210617;51200000;CompteLib_0024;;;21F43;20210617;EcritureLib_0105;20250720;0,00;22,18;C;BQ/107;;
BQ;Banque BQ;BQ/108;20210617;51100000;CompteLib_0051;;;21F45;20210617;EcritureLib_0137;20250720;0,00;154,10;C;BQ/108;;
BQ;Banque BQ;BQ/108;20210617;51200000;CompteLib_0024;;;21F45;20210617;EcritureLib_0137;20250720;154,10;0,00;D;BQ/108;;
BQ;Banque BQ;BQ/109;20210618;51100000;CompteLib_0051;;;21F49;20210618;EcritureLib_0138;20250720;0,00;118,00;C;BQ/109;;
BQ;Banque BQ;BQ/109;20210618;51200000;CompteLib_0024;;;21F49;20210618;EcritureLib_0138;20250720;118,00;0,00;D;BQ/109;;
BQ;Banque BQ;BQ/110;20210618;51100000;CompteLib_0051;;;21F48;20210618;EcritureLib_0139;20250720;0,00;101,50;C;BQ/110;;
BQ;Banque BQ;BQ/110;20210618;51200000;CompteLib_0024;;;21F48;20210618;EcritureLib_0139;20250720;101,50;0,00;D;BQ/110;;
BQ;Banque BQ;BQ/111;20210618;60100000;CompteLib_0029;;;21F46;20210618;EcritureLib_0105;20250720;11,55;0,00;D;BQ/111;;
BQ;Banque BQ;BQ/111;20210618;51200000;CompteLib_0024;;;21F46;20210618;EcritureLib_0105;20250720;0,00;11,55;C;BQ/111;;
BQ;Banque BQ;BQ/112;20210618;60100000;CompteLib_0029;;;21F47;20210618;EcritureLib_0140;20250720;841,45;0,00;D;BQ/112;;
BQ;Banque BQ;BQ/112;20210618;51200000;CompteLib_0024;;;21F47;20210618;EcritureLib_0140;20250720;0,00;841,45;C;BQ/112;;
BQ;Banque BQ;BQ/113;20210619;51100000;CompteLib_0051;;;21F51;20210619;EcritureLib_0141;20250720;0,00;340,35;C;BQ/113;;
BQ;Banque BQ;BQ/113;20210619;51200000;CompteLib_0024;;;21F51;20210619;EcritureLib_0141;20250720;340,35;0,00;D;BQ/113;;
BQ;Banque BQ;BQ/114;20210619;51100000;CompteLib_0051;;;21F50;20210619;EcritureLib_0142;20250720;0,00;130,60;C;BQ/114;;
BQ;Banque BQ;BQ/114;20210619;51200000;CompteLib_0024;;;21F50;20210619;EcritureLib_0142;20250720;130,60;0,00;D;BQ/114;;
BQ;Banque BQ;BQ/115;20210621;51100000;CompteLib_0051;;;21F52;20210621;EcritureLib_0143;20250720;0,00;51,30;C;BQ/115;;
BQ;Banque BQ;BQ/115;20210621;51200000;CompteLib_0024;;;21F52;20210621;EcritureLib_0143;20250720;51,30;0,00;D;BQ/115;;
BQ;Banque BQ;BQ/116;20210621;60100000;CompteLib_0029;;;21F54;20210621;EcritureLib_0105;20250720;50,05;0,00;D;BQ/116;;
BQ;Banque BQ;BQ/116;20210621;51200000;CompteLib_0024;;;21F54;20210621;EcritureLib_0105;20250720;0,00;50,05;C;BQ/116;;
BQ;Banque BQ;BQ/117;20210621;60100000;CompteLib_0029;;;21F55;20210621;EcritureLib_0105;20250720;9,60;0,00;D;BQ/117;;
BQ;Banque BQ;BQ/117;20210621;51200000;CompteLib_0024;;;21F55;20210621;EcritureLib_0105;20250720;0,00;9,60;C;BQ/117;;
BQ;Banque BQ;BQ/118;20210621;61200000;CompteLib_0043;;;21F56;20210621;EcritureLib_0144;20250720;326,91;0,00;D;BQ/118;;
BQ;Banque BQ;BQ/118;20210621;51200000;CompteLib_0024;;;21F56;20210621;EcritureLib_0144;20250720;0,00;326,91;C;BQ/118;;
BQ;Banque BQ;BQ/119;20210621;51100000;CompteLib_0051;;;21F58;20210621;EcritureLib_0145;20250720;0,00;309,45;C;BQ/119;;
BQ;Banque BQ;BQ/119;20210621;51200000;CompteLib_0024;;;21F58;20210621;EcritureLib_0145;20250720;309,45;0,00;D;BQ/119;;
BQ;Banque BQ;BQ/120;20210621;51100000;CompteLib_0051;;;21F57;20210621;EcritureLib_0146;20250720;0,00;89,10;C;BQ/120;;
BQ;Banque BQ;BQ/120;20210621;51200000;CompteLib_0024;;;21F57;20210621;EcritureLib_0146;20250720;89,10;0,00;D;BQ/120;;
BQ;Banque BQ;BQ/121;20210621;51100000;CompteLib_0051;;;21F53;20210621;EcritureLib_0147;20250720;0,00;211,70;C;BQ/121;;
BQ;Banque BQ;BQ/121;20210621;51200000;CompteLib_0024;;;21F53;20210621;EcritureLib_0147;20250720;211,70;0,00;D;BQ/121;;
BQ;Banque BQ;BQ/122;20210622;60100000;CompteLib_0029;;;21F62;20210622;EcritureLib_0105;20250720;29,81;0,00;D;BQ/122;;
BQ;Banque BQ;BQ/122;20210622;51200000;CompteLib_0024;;;21F62;20210622;EcritureLib_0105;20250720;0,00;29,81;C;BQ/122;;
BQ;Banque BQ;BQ/123;20210622;66100000;CompteLib_0040;;;21F61;20210622;EcritureLib_0148;20250720;5,31;0,00;D;BQ/123;;
BQ;Banque BQ;BQ/123;20210622;51200000;CompteLib_0024;;;21F61;20210622;EcritureLib_0148;20250720;0,00;5,31;C;BQ/123;;
BQ;Banque BQ;BQ/124;20210622;16410000;CompteLib_0004;;;21F59;20210622;EcritureLib_0149;20250720;197,45;0,00;D;BQ/124;;
BQ;Banque BQ;BQ/124;20210622;51200000;CompteLib_0024;;;21F59;20210622;EcritureLib_0149;20250720;0,00;197,45;C;BQ/124;;
BQ;Banque BQ;BQ/125;20210622;66100000;CompteLib_0040;;;21F60;20210622;EcritureLib_0150;20250720;4,92;0,00;D;BQ/125;;
BQ;Banque BQ;BQ/125;20210622;51200000;CompteLib_0024;;;21F60;20210622;EcritureLib_0150;20250720;0,00;4,92;C;BQ/125;;
BQ;Banque BQ;BQ/126;20210623;51100000;CompteLib_0051;;;21F64;20210623;EcritureLib_0151;20250720;0,00;25,10;C;BQ/126;;
BQ;Banque BQ;BQ/126;20210623;51200000;CompteLib_0024;;;21F64;20210623;EcritureLib_0151;20250720;25,10;0,00;D;BQ/126;;
BQ;Banque BQ;BQ/127;20210623;51100000;CompteLib_0051;;;21F65;20210623;EcritureLib_0152;20250720;0,00;99,40;C;BQ/127;;
BQ;Banque BQ;BQ/127;20210623;51200000;CompteLib_0024;;;21F65;20210623;EcritureLib_0152;20250720;99,40;0,00;D;BQ/127;;
BQ;Banque BQ;BQ/128;20210623;60100000;CompteLib_0029;;;21F63;20210623;EcritureLib_0105;20250720;32,70;0,00;D;BQ/128;;
BQ;Banque BQ;BQ/128;20210623;51200000;CompteLib_0024;;;21F63;20210623;EcritureLib_0105;20250720;0,00;32,70;C;BQ/128;;
BQ;Banque BQ;BQ/129;20210624;60100000;CompteLib_0029;;;21F67;20210624;EcritureLib_0153;20250720;1085,47;0,00;D;BQ/129;;
BQ;Banque BQ;BQ/129;20210624;51200000;CompteLib_0024;;;21F67;20210624;EcritureLib_0153;20250720;0,00;1085,47;C;BQ/129;;
BQ;Banque BQ;BQ/130;20210624;60100000;CompteLib_0029;;;21F66;20210624;EcritureLib_0105;20250720;12,28;0,00;D;BQ/130;;
BQ;Banque BQ;BQ/130;20210624;51200000;CompteLib_0024;;;21F66;20210624;EcritureLib_0105;20250720;0,00;12,28;C;BQ/130;;
BQ;Banque BQ;BQ/131;20210624;51140000;CompteLib_0052;;;21F68;20210624;EcritureLib_0154;20250720;0,00;16,17;C;BQ/131;;
BQ;Banque BQ;BQ/131;20210624;51200000;CompteLib_0024;;;21F68;20210624;EcritureLib_0154;20250720;16,17;0,00;D;BQ/131;;
BQ;Banque BQ;BQ/132;20210624;51100000;CompteLib_0051;;;21F69;20210624;EcritureLib_0155;20250720;0,00;98,70;C;BQ/132;;
BQ;Banque BQ;BQ/132;20210624;51200000;CompteLib_0024;;;21F69;20210624;EcritureLib_0155;20250720;98,70;0,00;D;BQ/132;;
BQ;Banque BQ;BQ/133;20210624;51100000;CompteLib_0051;;;21F70;20210624;EcritureLib_0156;20250720;0,00;127,90;C;BQ/133;;
BQ;Banque BQ;BQ/133;20210624;51200000;CompteLib_0024;;;21F70;20210624;EcritureLib_0156;20250720;127,90;0,00;D;BQ/133;;
BQ;Banque BQ;BQ/134;20210625;60100000;CompteLib_0029;;;21F71;20210625;EcritureLib_0105;20250720;35,21;0,00;D;BQ/134;;
BQ;Banque BQ;BQ/134;20210625;51200000;CompteLib_0024;;;21F71;20210625;EcritureLib_0105;20250720;0,00;35,21;C;BQ/134;;
BQ;Banque BQ;BQ/135;20210625;51100000;CompteLib_0051;;;21F75;20210625;EcritureLib_0157;20250720;0,00;153,90;C;BQ/135;;
BQ;Banque BQ;BQ/135;20210625;51200000;CompteLib_0024;;;21F75;20210625;EcritureLib_0157;20250720;153,90;0,00;D;BQ/135;;
BQ;Banque BQ;BQ/136;20210625;43703000;CompteLib_0045;;;21F73;20210625;EcritureLib_0158;20250720;12,02;0,00;D;BQ/136;B;20240826
BQ;Banque BQ;BQ/136;20210625;51200000;CompteLib_0024;;;21F73;20210625;EcritureLib_0158;20250720;0,00;12,02;C;BQ/136;;
BQ;Banque BQ;BQ/137;20210625;42870100;CompteLib_0050;;;21F74;20210625;EcritureLib_0159;20250720;0,00;1184,06;C;BQ/137;;
BQ;Banque BQ;BQ/137;20210625;51200000;CompteLib_0024;;;21F74;20210625;EcritureLib_0159;20250720;1184,06;0,00;D;BQ/137;;
BQ;Banque BQ;BQ/138;20210625;60100000;CompteLib_0029;;;21F72;20210625;EcritureLib_0160;20250720;212,77;0,00;D;BQ/138;;
BQ;Banque BQ;BQ/138;20210625;51200000;CompteLib_0024;;;21F72;20210625;EcritureLib_0160;20250720;0,00;212,77;C;BQ/138;;
BQ;Banque BQ;BQ/139;20210625;51100000;CompteLib_0051;;;21F76;20210625;EcritureLib_0161;20250720;0,00;168,30;C;BQ/139;;
BQ;Banque BQ;BQ/139;20210625;51200000;CompteLib_0024;;;21F76;20210625;EcritureLib_0161;20250720;168,30;0,00;D;BQ/139;;
BQ;Banque BQ;BQ/140;20210626;51100000;CompteLib_0051;;;21F78;20210626;EcritureLib_0162;20250720;0,00;387,50;C;BQ/140;;
BQ;Banque BQ;BQ/140;20210626;51200000;CompteLib_0024;;;21F78;20210626;EcritureLib_0162;20250720;387,50;0,00;D;BQ/140;;
BQ;Banque BQ;BQ/141;20210626;51100000;CompteLib_0051;;;21F77;20210626;EcritureLib_0163;20250720;0,00;8,60;C;BQ/141;;
BQ;Banque BQ;BQ/141;20210626;51200000;CompteLib_0024;;;21F77;20210626;EcritureLib_0163;20250720;8,60;0,00;D;BQ/141;;
BQ;Banque BQ;BQ/142;20210628;51100000;CompteLib_0051;;;21F85;20210628;EcritureLib_0164;20250720;0,00;126,40;C;BQ/142;;
BQ;Banque BQ;BQ/142;20210628;51200000;CompteLib_0024;;;21F85;20210628;EcritureLib_0164;20250720;126,40;0,00;D;BQ/142;;
BQ;Banque BQ;BQ/143;20210628;51100000;CompteLib_0051;;;21F80;20210628;EcritureLib_0165;20250720;0,00;286,82;C;BQ/143;;
BQ;Banque BQ;BQ/143;20210628;51200000;CompteLib_0024;;;21F80;20210628;EcritureLib_0165;20250720;286,82;0,00;D;BQ/143;;
BQ;Banque BQ;BQ/144;20210628;60100000;CompteLib_0029;;;21F81;20210628;EcritureLib_0124;20250720;76,53;0,00;D;BQ/144;;
BQ;Banque BQ;BQ/144;20210628;51200000;CompteLib_0024;;;21F81;20210628;EcritureLib_0124;20250720;0,00;76,53;C;BQ/144;;
BQ;Banque BQ;BQ/145;20210628;60100000;CompteLib_0029;;;21F82;20210628;EcritureLib_0105;20250720;50,94;0,00;D;BQ/145;;
BQ;Banque BQ;BQ/145;20210628;51200000;CompteLib_0024;;;21F82;20210628;EcritureLib_0105;20250720;0,00;50,94;C;BQ/145;;
BQ;Banque BQ;BQ/146;20210628;60100000;CompteLib_0029;;;21F83;20210628;EcritureLib_0105;20250720;5,61;0,00;D;BQ/146;;
BQ;Banque BQ;BQ/146;20210628;51200000;CompteLib_0024;;;21F83;20210628;EcritureLib_0105;20250720;0,00;5,61;C;BQ/146;;
BQ;Banque BQ;BQ/147;20210628;60612000;CompteLib_0039;;;21F84;20210628;EcritureLib_0166;20250720;623,05;0,00;D;BQ/147;;
BQ;Banque BQ;BQ/147;20210628;51200000;CompteLib_0024;;;21F84;20210628;EcritureLib_0166;20250720;0,00;623,05;C;BQ/147;;
BQ;Banque BQ;BQ/148;20210628;51100000;CompteLib_0051;;;21F86;20210628;EcritureLib_0167;20250720;0,00;262,86;C;BQ/148;;
BQ;Banque BQ;BQ/148;20210628;51200000;CompteLib_0024;;;21F86;20210628;EcritureLib_0167;20250720;262,86;0,00;D;BQ/148;;
BQ;Banque BQ;BQ/149;20210628;51100000;CompteLib_0051;;;21F79;20210628;EcritureLib_0168;20250720;0,00;87,20;C;BQ/149;;
BQ;Banque BQ;BQ/149;20210628;51200000;CompteLib_0024;;;21F79;20210628;EcritureLib_0168;20250720;87,20;0,00;D;BQ/149;;
BQ;Banque BQ;BQ/150;20210629;60100000;CompteLib_0029;;;21F87;20210629;EcritureLib_0105;20250720;19,97;0,00;D;BQ/150;;
BQ;Banque BQ;BQ/150;20210629;51200000;CompteLib_0024;;;21F87;20210629;EcritureLib_0105;20250720;0,00;19,97;C;BQ/150;;
BQ;Banque BQ;BQ/151;20210629;60630000;CompteLib_0027;;;21F88;20210629;EcritureLib_0169;20250720;17,00;0,00;D;BQ/151;;
BQ;Banque BQ;BQ/151;20210629;51200000;CompteLib_0024;;;21F88;20210629;EcritureLib_0169;20250720;0,00;17,00;C;BQ/151;;
BQ;Banque BQ;BQ/152;20210629;62600000;CompteLib_0042;;;21F89;20210629;EcritureLib_0170;20250720;50,00;0,00;D;BQ/152;;
BQ;Banque BQ;BQ/152;20210629;51200000;CompteLib_0024;;;21F89;20210629;EcritureLib_0170;20250720;0,00;60,00;C;BQ/152;;
BQ;Banque BQ;BQ/152;20210629;44566100;CompteLib_0018;;;21F89;20210629;EcritureLib_0170;20250720;10,00;0,00;D;BQ/152;;
BQ;Banque BQ;BQ/153;20210630;51140000;CompteLib_0052;;;21F90;20210630;EcritureLib_0171;20250720;0,00;20,55;C;BQ/153;;
BQ;Banque BQ;BQ/153;20210630;51200000;CompteLib_0024;;;21F90;20210630;EcritureLib_0171;20250720;20,55;0,00;D;BQ/153;;
BQ;Banque BQ;BQ/154;20210630;51100000;CompteLib_0051;;;21F91;20210630;EcritureLib_0172;20250720;0,00;34,50;C;BQ/154;;
BQ;Banque BQ;BQ/154;20210630;51200000;CompteLib_0024;;;21F91;20210630;EcritureLib_0172;20250720;34,50;0,00;D;BQ/154;;
BQ;Banque BQ;BQ/155;20210630;51100000;CompteLib_0051;;;21F92;20210630;EcritureLib_0173;20250720;0,00;76,70;C;BQ/155;;
BQ;Banque BQ;BQ/155;20210630;51200000;CompteLib_0024;;;21F92;20210630;EcritureLib_0173;20250720;76,70;0,00;D;BQ/155;;
BQ;Banque BQ;BQ/156;20210701;51100000;CompteLib_0051;;;21G3;20210701;EcritureLib_0174;20250720;0,00;32,40;C;BQ/156;;
BQ;Banque BQ;BQ/156;20210701;51200000;CompteLib_0024;;;21G3;20210701;EcritureLib_0174;20250720;32,40;0,00;D;BQ/156;;
BQ;Banque BQ;BQ/157;20210701;62700000;CompteLib_0036;;;21G1;20210701;EcritureLib_0050;20250720;47,88;0,00;D;BQ/157;;
BQ;Banque BQ;BQ/157;20210701;51200000;CompteLib_0024;;;21G1;20210701;EcritureLib_0050;20250720;0,00;47,88;C;BQ/157;;
BQ;Banque BQ;BQ/158;20210701;51100000;CompteLib_0051;;;21G2;20210701;EcritureLib_0175;20250720;0,00;143,50;C;BQ/158;;
BQ;Banque BQ;BQ/158;20210701;51200000;CompteLib_0024;;;21G2;20210701;EcritureLib_0175;20250720;143,50;0,00;D;BQ/158;;
BQ;Banque BQ;BQ/159;20210702;51100000;CompteLib_0051;;;21G8;20210702;EcritureLib_0176;20250720;0,00;194,00;C;BQ/159;;
BQ;Banque BQ;BQ/159;20210702;51200000;CompteLib_0024;;;21G8;20210702;EcritureLib_0176;20250720;194,00;0,00;D;BQ/159;;
BQ;Banque BQ;BQ/160;20210702;61600000;CompteLib_0035;;;21G9;20210702;EcritureLib_0177;20250720;24,08;0,00;D;BQ/160;;
BQ;Banque BQ;BQ/160;20210702;51200000;CompteLib_0024;;;21G9;20210702;EcritureLib_0177;20250720;0,00;24,08;C;BQ/160;;
BQ;Banque BQ;BQ/161;20210702;60100000;CompteLib_0029;;;21G5;20210702;EcritureLib_0178;20250720;179,16;0,00;D;BQ/161;;
BQ;Banque BQ;BQ/161;20210702;51200000;CompteLib_0024;;;21G5;20210702;EcritureLib_0178;20250720;0,00;179,16;C;BQ/161;;
BQ;Banque BQ;BQ/162;20210702;60100000;CompteLib_0029;;;21G4;20210702;EcritureLib_0105;20250720;41,34;0,00;D;BQ/162;;
BQ;Banque BQ;BQ/162;20210702;51200000;CompteLib_0024;;;21G4;20210702;EcritureLib_0105;20250720;0,00;41,34;C;BQ/162;;
BQ;Banque BQ;BQ/163;20210702;51100000;CompteLib_0051;;;21G7;20210702;EcritureLib_0179;20250720;0,00;119,50;C;BQ/163;;
BQ;Banque BQ;BQ/163;20210702;51200000;CompteLib_0024;;;21G7;20210702;EcritureLib_0179;20250720;119,50;0,00;D;BQ/163;;
BQ;Banque BQ;BQ/164;20210702;53000000;CompteLib_0025;;;21G6;20210702;EcritureLib_0180;20250720;274,00;0,00;D;BQ/164;;
BQ;Banque BQ;BQ/164;20210702;51200000;CompteLib_0024;;;21G6;20210702;EcritureLib_0180;20250720;0,00;274,00;C;BQ/164;;
BQ;Banque BQ;BQ/165;20210703;51100000;CompteLib_0051;;;21G11;20210703;EcritureLib_0181;20250720;0,00;344,90;C;BQ/165;;
BQ;Banque BQ;BQ/165;20210703;51200000;CompteLib_0024;;;21G11;20210703;EcritureLib_0181;20250720;344,90;0,00;D;BQ/165;;
BQ;Banque BQ;BQ/166;20210703;51100000;CompteLib_0051;;;21G10;20210703;EcritureLib_0182;20250720;0,00;26,00;C;BQ/166;;
BQ;Banque BQ;BQ/166;20210703;51200000;CompteLib_0024;;;21G10;20210703;EcritureLib_0182;20250720;26,00;0,00;D;BQ/166;;
BQ;Banque BQ;BQ/167;20210704;62700000;CompteLib_0036;;;21G12;20210704;EcritureLib_0183;20250720;25,58;0,00;D;BQ/167;;
BQ;Banque BQ;BQ/167;20210704;51200000;CompteLib_0024;;;21G12;20210704;EcritureLib_0183;20250720;0,00;25,58;C;BQ/167;;
BQ;Banque BQ;BQ/168;20210705;51100000;CompteLib_0051;;;21G20;20210705;EcritureLib_0184;20250720;0,00;98,90;C;BQ/168;;
BQ;Banque BQ;BQ/168;20210705;51200000;CompteLib_0024;;;21G20;20210705;EcritureLib_0184;20250720;98,90;0,00;D;BQ/168;;
BQ;Banque BQ;BQ/169;20210705;60100000;CompteLib_0029;;;21G18;20210705;EcritureLib_0185;20250720;302,23;0,00;D;BQ/169;;
BQ;Banque BQ;BQ/169;20210705;51200000;CompteLib_0024;;;21G18;20210705;EcritureLib_0185;20250720;0,00;302,23;C;BQ/169;;
BQ;Banque BQ;BQ/170;20210705;51100000;CompteLib_0051;;;21G15;20210705;EcritureLib_0186;20250720;0,00;163,80;C;BQ/170;;
BQ;Banque BQ;BQ/170;20210705;51200000;CompteLib_0024;;;21G15;20210705;EcritureLib_0186;20250720;163,80;0,00;D;BQ/170;;
BQ;Banque BQ;BQ/171;20210705;60100000;CompteLib_0029;;;21G16;20210705;EcritureLib_0105;20250720;26,68;0,00;D;BQ/171;;
BQ;Banque BQ;BQ/171;20210705;51200000;CompteLib_0024;;;21G16;20210705;EcritureLib_0105;20250720;0,00;26,68;C;BQ/171;;
BQ;Banque BQ;BQ/172;20210705;60100000;CompteLib_0029;;;21G17;20210705;EcritureLib_0105;20250720;15,00;0,00;D;BQ/172;;
BQ;Banque BQ;BQ/172;20210705;51200000;CompteLib_0024;;;21G17;20210705;EcritureLib_0105;20250720;0,00;15,00;C;BQ/172;;
BQ;Banque BQ;BQ/173;20210705;61321000;CompteLib_0038;;;21G19;20210705;EcritureLib_0084;20250720;1000,00;0,00;D;BQ/173;;
BQ;Banque BQ;BQ/173;20210705;44566100;CompteLib_0018;;;21G19;20210705;EcritureLib_0084;20250720;200,00;0,00;D;BQ/173;;
BQ;Banque BQ;BQ/173;20210705;51200000;CompteLib_0024;;;21G19;20210705;EcritureLib_0084;20250720;0,00;1200,00;C;BQ/173;;
BQ;Banque BQ;BQ/174;20210705;51100000;CompteLib_0051;;;21G21;20210705;EcritureLib_0187;20250720;0,00;199,40;C;BQ/174;;
BQ;Banque BQ;BQ/174;20210705;51200000;CompteLib_0024;;;21G21;20210705;EcritureLib_0187;20250720;199,40;0,00;D;BQ/174;;
BQ;Banque BQ;BQ/175;20210705;61600000;CompteLib_0035;;;21G13;20210705;EcritureLib_0188;20250720;61,35;0,00;D;BQ/175;;
BQ;Banque BQ;BQ/175;20210705;51200000;CompteLib_0024;;;21G13;20210705;EcritureLib_0188;20250720;0,00;61,35;C;BQ/175;;
BQ;Banque BQ;BQ/176;20210705;51100000;CompteLib_0051;;;21G14;20210705;EcritureLib_0189;20250720;0,00;57,20;C;BQ/176;;
BQ;Banque BQ;BQ/176;20210705;51200000;CompteLib_0024;;;21G14;20210705;EcritureLib_0189;20250720;57,20;0,00;D;BQ/176;;
BQ;Banque BQ;BQ/177;20210706;60612000;CompteLib_0039;;;21G23;20210706;EcritureLib_0058;20250720;0,00;130,00;C;BQ/177;;
BQ;Banque BQ;BQ/177;20210706;51200000;CompteLib_0024;;;21G23;20210706;EcritureLib_0058;20250720;130,00;0,00;D;BQ/177;;
BQ;Banque BQ;BQ/178;20210706;60100000;CompteLib_0029;;;21G22;20210706;EcritureLib_0105;20250720;23,24;0,00;D;BQ/178;;
BQ;Banque BQ;BQ/178;20210706;51200000;CompteLib_0024;;;21G22;20210706;EcritureLib_0105;20250720;0,00;23,24;C;BQ/178;;
BQ;Banque BQ;BQ/179;20210707;60100000;CompteLib_0029;;;21G24;20210707;EcritureLib_0105;20250720;17,70;0,00;D;BQ/179;;
BQ;Banque BQ;BQ/179;20210707;51200000;CompteLib_0024;;;21G24;20210707;EcritureLib_0105;20250720;0,00;17,70;C;BQ/179;;
BQ;Banque BQ;BQ/180;20210707;51100000;CompteLib_0051;;;21G25;20210707;EcritureLib_0190;20250720;0,00;9,00;C;BQ/180;;
BQ;Banque BQ;BQ/180;20210707;51200000;CompteLib_0024;;;21G25;20210707;EcritureLib_0190;20250720;9,00;0,00;D;BQ/180;;
BQ;Banque BQ;BQ/181;20210707;51100000;CompteLib_0051;;;21G26;20210707;EcritureLib_0191;20250720;0,00;124,70;C;BQ/181;;
BQ;Banque BQ;BQ/181;20210707;51200000;CompteLib_0024;;;21G26;20210707;EcritureLib_0191;20250720;124,70;0,00;D;BQ/181;;
BQ;Banque BQ;BQ/182;20210708;42100000;CompteLib_0010;;;21G30;20210708;EcritureLib_0192;20250720;547,69;0,00;D;BQ/182;E;20240802
BQ;Banque BQ;BQ/182;20210708;51200000;CompteLib_0024;;;21G30;20210708;EcritureLib_0192;20250720;0,00;547,69;C;BQ/182;;
BQ;Banque BQ;BQ/183;20210708;51100000;CompteLib_0051;;;21G32;20210708;EcritureLib_0193;20250720;0,00;35,00;C;BQ/183;;
BQ;Banque BQ;BQ/183;20210708;51200000;CompteLib_0024;;;21G32;20210708;EcritureLib_0193;20250720;35,00;0,00;D;BQ/183;;
BQ;Banque BQ;BQ/184;20210708;51100000;CompteLib_0051;;;21G33;20210708;EcritureLib_0194;20250720;0,00;148,90;C;BQ/184;;
BQ;Banque BQ;BQ/184;20210708;51200000;CompteLib_0024;;;21G33;20210708;EcritureLib_0194;20250720;148,90;0,00;D;BQ/184;;
BQ;Banque BQ;BQ/185;20210708;60100000;CompteLib_0029;;;21G29;20210708;EcritureLib_0195;20250720;222,22;0,00;D;BQ/185;;
BQ;Banque BQ;BQ/185;20210708;51200000;CompteLib_0024;;;21G29;20210708;EcritureLib_0195;20250720;0,00;222,22;C;BQ/185;;
BQ;Banque BQ;BQ/186;20210708;62261000;CompteLib_0037;;;21G27;20210708;EcritureLib_0196;20250720;210,00;0,00;D;BQ/186;;
BQ;Banque BQ;BQ/186;20210708;44566100;CompteLib_0018;;;21G27;20210708;EcritureLib_0196;20250720;42,00;0,00;D;BQ/186;;
BQ;Banque BQ;BQ/186;20210708;51200000;CompteLib_0024;;;21G27;20210708;EcritureLib_0196;20250720;0,00;252,00;C;BQ/186;;
BQ;Banque BQ;BQ/187;20210708;60100000;CompteLib_0029;;;21G28;20210708;EcritureLib_0105;20250720;11,70;0,00;D;BQ/187;;
BQ;Banque BQ;BQ/187;20210708;51200000;CompteLib_0024;;;21G28;20210708;EcritureLib_0105;20250720;0,00;11,70;C;BQ/187;;
BQ;Banque BQ;BQ/188;20210708;42100000;CompteLib_0010;;;21G31;20210708;EcritureLib_0197;20250720;923,87;0,00;D;BQ/188;E;20240802
BQ;Banque BQ;BQ/188;20210708;51200000;CompteLib_0024;;;21G31;20210708;EcritureLib_0197;20250720;0,00;923,87;C;BQ/188;;
BQ;Banque BQ;BQ/189;20210709;51100000;CompteLib_0051;;;21G35;20210709;EcritureLib_0198;20250720;0,00;16,10;C;BQ/189;;
BQ;Banque BQ;BQ/189;20210709;51200000;CompteLib_0024;;;21G35;20210709;EcritureLib_0198;20250720;16,10;0,00;D;BQ/189;;
BQ;Banque BQ;BQ/190;20210709;60100000;CompteLib_0029;;;21G34;20210709;EcritureLib_0105;20250720;23,97;0,00;D;BQ/190;;
BQ;Banque BQ;BQ/190;20210709;51200000;CompteLib_0024;;;21G34;20210709;EcritureLib_0105;20250720;0,00;23,97;C;BQ/190;;
BQ;Banque BQ;BQ/191;20210709;51100000;CompteLib_0051;;;21G36;20210709;EcritureLib_0199;20250720;0,00;67,50;C;BQ/191;;
BQ;Banque BQ;BQ/191;20210709;51200000;CompteLib_0024;;;21G36;20210709;EcritureLib_0199;20250720;67,50;0,00;D;BQ/191;;
BQ;Banque BQ;BQ/192;20210710;16400000;CompteLib_0004;;;21G37;20210710;EcritureLib_0200;20250720;670,92;0,00;D;BQ/192;;
BQ;Banque BQ;BQ/192;20210710;51200000;CompteLib_0024;;;21G37;20210710;EcritureLib_0200;20250720;0,00;670,92;C;BQ/192;;
BQ;Banque BQ;BQ/193;20210710;51100000;CompteLib_0051;;;21G39;20210710;EcritureLib_0201;20250720;0,00;122,77;C;BQ/193;;
BQ;Banque BQ;BQ/193;20210710;51200000;CompteLib_0024;;;21G39;20210710;EcritureLib_0201;20250720;122,77;0,00;D;BQ/193;;
BQ;Banque BQ;BQ/194;20210710;51100000;CompteLib_0051;;;21G40;20210710;EcritureLib_0202;20250720;0,00;431,70;C;BQ/194;;
BQ;Banque BQ;BQ/194;20210710;51200000;CompteLib_0024;;;21G40;20210710;EcritureLib_0202;20250720;431,70;0,00;D;BQ/194;;
BQ;Banque BQ;BQ/195;20210710;42100000;CompteLib_0010;;;21G41;20210710;EcritureLib_0203;20250720;411,99;0,00;D;BQ/195;E;20240802
BQ;Banque BQ;BQ/195;20210710;51200000;CompteLib_0024;;;21G41;20210710;EcritureLib_0203;20250720;0,00;411,99;C;BQ/195;;
BQ;Banque BQ;BQ/196;20210710;66100000;CompteLib_0040;;;21G38;20210710;EcritureLib_0204;20250720;33,68;0,00;D;BQ/196;;
BQ;Banque BQ;BQ/196;20210710;51200000;CompteLib_0024;;;21G38;20210710;EcritureLib_0204;20250720;0,00;33,68;C;BQ/196;;
BQ;Banque BQ;BQ/197;20210712;51100000;CompteLib_0051;;;21G44;20210712;EcritureLib_0205;20250720;0,00;209,50;C;BQ/197;;
BQ;Banque BQ;BQ/197;20210712;51200000;CompteLib_0024;;;21G44;20210712;EcritureLib_0205;20250720;209,50;0,00;D;BQ/197;;
BQ;Banque BQ;BQ/198;20210712;62261000;CompteLib_0037;;;21G42;20210712;EcritureLib_0206;20250720;90,00;0,00;D;BQ/198;;
BQ;Banque BQ;BQ/198;20210712;44566100;CompteLib_0018;;;21G42;20210712;EcritureLib_0206;20250720;18,00;0,00;D;BQ/198;;
BQ;Banque BQ;BQ/198;20210712;51200000;CompteLib_0024;;;21G42;20210712;EcritureLib_0206;20250720;0,00;108,00;C;BQ/198;;
BQ;Banque BQ;BQ/199;20210712;51100000;CompteLib_0051;;;21G43;20210712;EcritureLib_0207;20250720;0,00;63,20;C;BQ/199;;
BQ;Banque BQ;BQ/199;20210712;51200000;CompteLib_0024;;;21G43;20210712;EcritureLib_0207;20250720;63,20;0,00;D;BQ/199;;
BQ;Banque BQ;BQ/200;20210712;60100000;CompteLib_0029;;;21G45;20210712;EcritureLib_0124;20250720;68,00;0,00;D;BQ/200;;
BQ;Banque BQ;BQ/200;20210712;51200000;CompteLib_0024;;;21G45;20210712;EcritureLib_0124;20250720;0,00;68,00;C;BQ/200;;
BQ;Banque BQ;BQ/201;20210712;60100000;CompteLib_0029;;;21G46;20210712;EcritureLib_0105;20250720;63,44;0,00;D;BQ/201;;
BQ;Banque BQ;BQ/201;20210712;51200000;CompteLib_0024;;;21G46;20210712;EcritureLib_0105;20250720;0,00;63,44;C;BQ/201;;
BQ;Banque BQ;BQ/202;20210712;60100000;CompteLib_0029;;;21G47;20210712;EcritureLib_0105;20250720;26,13;0,00;D;BQ/202;;
BQ;Banque BQ;BQ/202;20210712;51200000;CompteLib_0024;;;21G47;20210712;EcritureLib_0105;20250720;0,00;26,13;C;BQ/202;;
BQ;Banque BQ;BQ/203;20210712;60100000;CompteLib_0029;;;21G48;20210712;EcritureLib_0208;20250720;339,29;0,00;D;BQ/203;;
BQ;Banque BQ;BQ/203;20210712;51200000;CompteLib_0024;;;21G48;20210712;EcritureLib_0208;20250720;0,00;339,29;C;BQ/203;;
BQ;Banque BQ;BQ/204;20210712;62700000;CompteLib_0036;;;21G49;20210712;EcritureLib_0209;20250720;10,90;0,00;D;BQ/204;;
BQ;Banque BQ;BQ/204;20210712;51200000;CompteLib_0024;;;21G49;20210712;EcritureLib_0209;20250720;0,00;10,90;C;BQ/204;;
BQ;Banque BQ;BQ/205;20210712;61350000;CompteLib_0041;;;21G50;20210712;EcritureLib_0210;20250720;142,74;0,00;D;BQ/205;;
BQ;Banque BQ;BQ/205;20210712;51200000;CompteLib_0024;;;21G50;20210712;EcritureLib_0210;20250720;0,00;142,74;C;BQ/205;;
BQ;Banque BQ;BQ/206;20210712;51100000;CompteLib_0051;;;21G51;20210712;EcritureLib_0211;20250720;0,00;149,50;C;BQ/206;;
BQ;Banque BQ;BQ/206;20210712;51200000;CompteLib_0024;;;21G51;20210712;EcritureLib_0211;20250720;149,50;0,00;D;BQ/206;;
BQ;Banque BQ;BQ/207;20210712;51100000;CompteLib_0051;;;21G52;20210712;EcritureLib_0212;20250720;0,00;212,30;C;BQ/207;;
BQ;Banque BQ;BQ/207;20210712;51200000;CompteLib_0024;;;21G52;20210712;EcritureLib_0212;20250720;212,30;0,00;D;BQ/207;;
BQ;Banque BQ;BQ/208;20210713;60100000;CompteLib_0029;;;21G53;20210713;EcritureLib_0105;20250720;16,79;0,00;D;BQ/208;;
BQ;Banque BQ;BQ/208;20210713;51200000;CompteLib_0024;;;21G53;20210713;EcritureLib_0105;20250720;0,00;16,79;C;BQ/208;;
BQ;Banque BQ;BQ/209;20210714;51100000;CompteLib_0051;;;21G55;20210714;EcritureLib_0213;20250720;0,00;139,70;C;BQ/209;;
BQ;Banque BQ;BQ/209;20210714;51200000;CompteLib_0024;;;21G55;20210714;EcritureLib_0213;20250720;139,70;0,00;D;BQ/209;;
BQ;Banque BQ;BQ/210;20210714;51100000;CompteLib_0051;;;21G54;20210714;EcritureLib_0214;20250720;0,00;18,10;C;BQ/210;;
BQ;Banque BQ;BQ/210;20210714;51200000;CompteLib_0024;;;21G54;20210714;EcritureLib_0214;20250720;18,10;0,00;D;BQ/210;;
BQ;Banque BQ;BQ/211;20210715;60100000;CompteLib_0029;;;21G57;20210715;EcritureLib_0105;20250720;6,12;0,00;D;BQ/211;;
BQ;Banque BQ;BQ/211;20210715;51200000;CompteLib_0024;;;21G57;20210715;EcritureLib_0105;20250720;0,00;6,12;C;BQ/211;;
BQ;Banque BQ;BQ/212;20210715;61350000;CompteLib_0041;;;21G58;20210715;EcritureLib_0215;20250720;27,48;0,00;D;BQ/212;;
BQ;Banque BQ;BQ/212;20210715;51200000;CompteLib_0024;;;21G58;20210715;EcritureLib_0215;20250720;0,00;27,48;C;BQ/212;;
BQ;Banque BQ;BQ/213;20210715;61600000;CompteLib_0035;;;21G56;20210715;EcritureLib_0216;20250720;92,12;0,00;D;BQ/213;;
BQ;Banque BQ;BQ/213;20210715;51200000;CompteLib_0024;;;21G56;20210715;EcritureLib_0216;20250720;0,00;92,12;C;BQ/213;;
BQ;Banque BQ;BQ/214;20210716;60100000;CompteLib_0029;;;21G59;20210716;EcritureLib_0126;20250720;11,05;0,00;D;BQ/214;;
BQ;Banque BQ;BQ/214;20210716;51200000;CompteLib_0024;;;21G59;20210716;EcritureLib_0126;20250720;0,00;11,05;C;BQ/214;;
BQ;Banque BQ;BQ/215;20210716;51100000;CompteLib_0051;;;21G62;20210716;EcritureLib_0217;20250720;0,00;67,60;C;BQ/215;;
BQ;Banque BQ;BQ/215;20210716;51200000;CompteLib_0024;;;21G62;20210716;EcritureLib_0217;20250720;67,60;0,00;D;BQ/215;;
BQ;Banque BQ;BQ/216;20210716;51100000;CompteLib_0051;;;21G63;20210716;EcritureLib_0218;20250720;0,00;77,90;C;BQ/216;;
BQ;Banque BQ;BQ/216;20210716;51200000;CompteLib_0024;;;21G63;20210716;EcritureLib_0218;20250720;77,90;0,00;D;BQ/216;;
BQ;Banque BQ;BQ/217;20210716;60100000;CompteLib_0029;;;21G61;20210716;EcritureLib_0219;20250720;363,89;0,00;D;BQ/217;;
BQ;Banque BQ;BQ/217;20210716;51200000;CompteLib_0024;;;21G61;20210716;EcritureLib_0219;20250720;0,00;363,89;C;BQ/217;;
BQ;Banque BQ;BQ/218;20210716;60100000;CompteLib_0029;;;21G60;20210716;EcritureLib_0105;20250720;56,03;0,00;D;BQ/218;;
BQ;Banque BQ;BQ/218;20210716;51200000;CompteLib_0024;;;21G60;20210716;EcritureLib_0105;20250720;0,00;56,03;C;BQ/218;;
BQ;Banque BQ;BQ/219;20210717;51100000;CompteLib_0051;;;21G65;20210717;EcritureLib_0220;20250720;0,00;305,20;C;BQ/219;;
BQ;Banque BQ;BQ/219;20210717;51200000;CompteLib_0024;;;21G65;20210717;EcritureLib_0220;20250720;305,20;0,00;D;BQ/219;;
BQ;Banque BQ;BQ/220;20210717;51100000;CompteLib_0051;;;21G64;20210717;EcritureLib_0221;20250720;0,00;144,20;C;BQ/220;;
BQ;Banque BQ;BQ/220;20210717;51200000;CompteLib_0024;;;21G64;20210717;EcritureLib_0221;20250720;144,20;0,00;D;BQ/220;;
BQ;Banque BQ;BQ/221;20210719;51100000;CompteLib_0051;;;21G68;20210719;EcritureLib_0222;20250720;0,00;267,80;C;BQ/221;;
BQ;Banque BQ;BQ/221;20210719;51200000;CompteLib_0024;;;21G68;20210719;EcritureLib_0222;20250720;267,80;0,00;D;BQ/221;;
BQ;Banque BQ;BQ/222;20210719;51100000;CompteLib_0051;;;21G69;20210719;EcritureLib_0223;20250720;0,00;147,50;C;BQ/222;;
BQ;Banque BQ;BQ/222;20210719;51200000;CompteLib_0024;;;21G69;20210719;EcritureLib_0223;20250720;147,50;0,00;D;BQ/222;;
BQ;Banque BQ;BQ/223;20210719;60100000;CompteLib_0029;;;21G70;20210719;EcritureLib_0105;20250720;17,55;0,00;D;BQ/223;;
BQ;Banque BQ;BQ/223;20210719;51200000;CompteLib_0024;;;21G70;20210719;EcritureLib_0105;20250720;0,00;17,55;C;BQ/223;;
BQ;Banque BQ;BQ/224;20210719;60100000;CompteLib_0029;;;21G71;20210719;EcritureLib_0105;20250720;6,48;0,00;D;BQ/224;;
BQ;Banque BQ;BQ/224;20210719;51200000;CompteLib_0024;;;21G71;20210719;EcritureLib_0105;20250720;0,00;6,48;C;BQ/224;;
BQ;Banque BQ;BQ/225;20210719;60100000;CompteLib_0029;;;21G72;20210719;EcritureLib_0224;20250720;258,88;0,00;D;BQ/225;;
BQ;Banque BQ;BQ/225;20210719;51200000;CompteLib_0024;;;21G72;20210719;EcritureLib_0224;20250720;0,00;258,88;C;BQ/225;;
BQ;Banque BQ;BQ/226;20210719;51100000;CompteLib_0051;;;21G66;20210719;EcritureLib_0225;20250720;0,00;9,00;C;BQ/226;;
BQ;Banque BQ;BQ/226;20210719;51200000;CompteLib_0024;;;21G66;20210719;EcritureLib_0225;20250720;9,00;0,00;D;BQ/226;;
BQ;Banque BQ;BQ/227;20210719;51100000;CompteLib_0051;;;21G67;20210719;EcritureLib_0226;20250720;0,00;1,80;C;BQ/227;;
BQ;Banque BQ;BQ/227;20210719;51200000;CompteLib_0024;;;21G67;20210719;EcritureLib_0226;20250720;1,80;0,00;D;BQ/227;;
BQ;Banque BQ;BQ/228;20210720;61200000;CompteLib_0043;;;21G73;20210720;EcritureLib_0227;20250720;326,91;0,00;D;BQ/228;;
BQ;Banque BQ;BQ/228;20210720;51200000;CompteLib_0024;;;21G73;20210720;EcritureLib_0227;20250720;0,00;326,91;C;BQ/228;;
BQ;Banque BQ;BQ/229;20210721;44566100;CompteLib_0018;;;21G76;20210721;EcritureLib_0228;20250720;39,80;0,00;D;BQ/229;;
BQ;Banque BQ;BQ/229;20210721;62260000;CompteLib_0037;;;21G76;20210721;EcritureLib_0228;20250720;199,00;0,00;D;BQ/229;;
BQ;Banque BQ;BQ/229;20210721;51200000;CompteLib_0024;;;21G76;20210721;EcritureLib_0228;20250720;0,00;238,80;C;BQ/229;;
BQ;Banque BQ;BQ/230;20210721;60100000;CompteLib_0029;;;21G75;20210721;EcritureLib_0229;20250720;102,80;0,00;D;BQ/230;;
BQ;Banque BQ;BQ/230;20210721;51200000;CompteLib_0024;;;21G75;20210721;EcritureLib_0229;20250720;0,00;102,80;C;BQ/230;;
BQ;Banque BQ;BQ/231;20210721;43702000;CompteLib_0044;;;21G74;20210721;EcritureLib_0230;20250720;14,68;0,00;D;BQ/231;;
BQ;Banque BQ;BQ/231;20210721;51200000;CompteLib_0024;;;21G74;20210721;EcritureLib_0230;20250720;0,00;14,68;C;BQ/231;;
BQ;Banque BQ;BQ/232;20210722;66100000;CompteLib_0040;;;21G78;20210722;EcritureLib_0231;20250720;4,84;0,00;D;BQ/232;;
BQ;Banque BQ;BQ/232;20210722;51200000;CompteLib_0024;;;21G78;20210722;EcritureLib_0231;20250720;0,00;4,84;C;BQ/232;;
BQ;Banque BQ;BQ/233;20210722;66100000;CompteLib_0040;;;21G79;20210722;EcritureLib_0232;20250720;5,22;0,00;D;BQ/233;;
BQ;Banque BQ;BQ/233;20210722;51200000;CompteLib_0024;;;21G79;20210722;EcritureLib_0232;20250720;0,00;5,22;C;BQ/233;;
BQ;Banque BQ;BQ/234;20210722;16410000;CompteLib_0004;;;21G77;20210722;EcritureLib_0233;20250720;197,54;0,00;D;BQ/234;;
BQ;Banque BQ;BQ/234;20210722;51200000;CompteLib_0024;;;21G77;20210722;EcritureLib_0233;20250720;0,00;197,54;C;BQ/234;;
BQ;Banque BQ;BQ/235;20210722;60100000;CompteLib_0029;;;21G80;20210722;EcritureLib_0234;20250720;432,00;0,00;D;BQ/235;;
BQ;Banque BQ;BQ/235;20210722;51200000;CompteLib_0024;;;21G80;20210722;EcritureLib_0234;20250720;0,00;432,00;C;BQ/235;;
BQ;Banque BQ;BQ/236;20210723;60100000;CompteLib_0029;;;21G81;20210723;EcritureLib_0235;20250720;256,99;0,00;D;BQ/236;;
BQ;Banque BQ;BQ/236;20210723;51200000;CompteLib_0024;;;21G81;20210723;EcritureLib_0235;20250720;0,00;256,99;C;BQ/236;;
BQ;Banque BQ;BQ/237;20210723;60100000;CompteLib_0029;;;21G83;20210723;EcritureLib_0105;20250720;39,42;0,00;D;BQ/237;;
BQ;Banque BQ;BQ/237;20210723;51200000;CompteLib_0024;;;21G83;20210723;EcritureLib_0105;20250720;0,00;39,42;C;BQ/237;;
BQ;Banque BQ;BQ/238;20210723;60100000;CompteLib_0029;;;21G82;20210723;EcritureLib_0236;20250720;223,96;0,00;D;BQ/238;;
BQ;Banque BQ;BQ/238;20210723;51200000;CompteLib_0024;;;21G82;20210723;EcritureLib_0236;20250720;0,00;223,96;C;BQ/238;;
BQ;Banque BQ;BQ/239;20210724;51100000;CompteLib_0051;;;21G85;20210724;EcritureLib_0237;20250720;0,00;299,88;C;BQ/239;;
BQ;Banque BQ;BQ/239;20210724;51200000;CompteLib_0024;;;21G85;20210724;EcritureLib_0237;20250720;299,88;0,00;D;BQ/239;;
BQ;Banque BQ;BQ/240;20210724;51100000;CompteLib_0051;;;21G84;20210724;EcritureLib_0238;20250720;0,00;55,40;C;BQ/240;;
BQ;Banque BQ;BQ/240;20210724;51200000;CompteLib_0024;;;21G84;20210724;EcritureLib_0238;20250720;55,40;0,00;D;BQ/240;;
BQ;Banque BQ;BQ/241;20210726;51100000;CompteLib_0051;;;21G92;20210726;EcritureLib_0239;20250720;0,00;128,80;C;BQ/241;;
BQ;Banque BQ;BQ/241;20210726;51200000;CompteLib_0024;;;21G92;20210726;EcritureLib_0239;20250720;128,80;0,00;D;BQ/241;;
BQ;Banque BQ;BQ/242;20210726;51120000;CompteLib_0053;;;21G91;20210726;EcritureLib_0240;20250720;0,00;11,80;C;BQ/242;;
BQ;Banque BQ;BQ/242;20210726;51200000;CompteLib_0024;;;21G91;20210726;EcritureLib_0240;20250720;11,80;0,00;D;BQ/242;;
BQ;Banque BQ;BQ/243;20210726;43703000;CompteLib_0045;;;21G90;20210726;EcritureLib_0241;20250720;129,11;0,00;D;BQ/243;C;20240826
BQ;Banque BQ;BQ/243;20210726;51200000;CompteLib_0024;;;21G90;20210726;EcritureLib_0241;20250720;0,00;129,11;C;BQ/243;;
BQ;Banque BQ;BQ/244;20210726;60100000;CompteLib_0029;;;21G89;20210726;EcritureLib_0105;20250720;6,12;0,00;D;BQ/244;;
BQ;Banque BQ;BQ/244;20210726;51200000;CompteLib_0024;;;21G89;20210726;EcritureLib_0105;20250720;0,00;6,12;C;BQ/244;;
BQ;Banque BQ;BQ/245;20210726;60100000;CompteLib_0029;;;21G88;20210726;EcritureLib_0124;20250720;66,01;0,00;D;BQ/245;;
BQ;Banque BQ;BQ/245;20210726;51200000;CompteLib_0024;;;21G88;20210726;EcritureLib_0124;20250720;0,00;66,01;C;BQ/245;;
BQ;Banque BQ;BQ/246;20210726;51100000;CompteLib_0051;;;21G87;20210726;EcritureLib_0242;20250720;0,00;171,40;C;BQ/246;;
BQ;Banque BQ;BQ/246;20210726;51200000;CompteLib_0024;;;21G87;20210726;EcritureLib_0242;20250720;171,40;0,00;D;BQ/246;;
BQ;Banque BQ;BQ/247;20210726;51100000;CompteLib_0051;;;21G86;20210726;EcritureLib_0243;20250720;0,00;27,80;C;BQ/247;;
BQ;Banque BQ;BQ/247;20210726;51200000;CompteLib_0024;;;21G86;20210726;EcritureLib_0243;20250720;27,80;0,00;D;BQ/247;;
BQ;Banque BQ;BQ/248;20210726;51100000;CompteLib_0051;;;21G93;20210726;EcritureLib_0244;20250720;0,00;220,00;C;BQ/248;;
BQ;Banque BQ;BQ/248;20210726;51200000;CompteLib_0024;;;21G93;20210726;EcritureLib_0244;20250720;220,00;0,00;D;BQ/248;;
BQ;Banque BQ;BQ/249;20210727;53000000;CompteLib_0025;;;21G94;20210727;EcritureLib_0245;20250720;0,00;3830,00;C;BQ/249;;
BQ;Banque BQ;BQ/249;20210727;51200000;CompteLib_0024;;;21G94;20210727;EcritureLib_0245;20250720;3830,00;0,00;D;BQ/249;;
BQ;Banque BQ;BQ/250;20210728;60612000;CompteLib_0039;;;21G95;20210728;EcritureLib_0246;20250720;623,05;0,00;D;BQ/250;;
BQ;Banque BQ;BQ/250;20210728;51200000;CompteLib_0024;;;21G95;20210728;EcritureLib_0246;20250720;0,00;623,05;C;BQ/250;;
BQ;Banque BQ;BQ/251;20210729;62600000;CompteLib_0042;;;21G96;20210729;EcritureLib_0247;20250720;50,00;0,00;D;BQ/251;;
BQ;Banque BQ;BQ/251;20210729;51200000;CompteLib_0024;;;21G96;20210729;EcritureLib_0247;20250720;0,00;60,00;C;BQ/251;;
BQ;Banque BQ;BQ/251;20210729;44566100;CompteLib_0018;;;21G96;20210729;EcritureLib_0247;20250720;10,00;0,00;D;BQ/251;;
BQ;Banque BQ;BQ/252;20210729;61600000;CompteLib_0035;;;21G97;20210729;EcritureLib_0248;20250720;374,82;0,00;D;BQ/252;;
BQ;Banque BQ;BQ/252;20210729;51200000;CompteLib_0024;;;21G97;20210729;EcritureLib_0248;20250720;0,00;374,82;C;BQ/252;;
BQ;Banque BQ;BQ/253;20210730;51140000;CompteLib_0052;;;21G98;20210730;EcritureLib_0249;20250720;0,00;415,57;C;BQ/253;;
BQ;Banque BQ;BQ/253;20210730;51200000;CompteLib_0024;;;21G98;20210730;EcritureLib_0249;20250720;415,57;0,00;D;BQ/253;;
BQ;Banque BQ;BQ/254;20210802;62700000;CompteLib_0036;;;21H2;20210802;EcritureLib_0050;20250720;47,88;0,00;D;BQ/254;;
BQ;Banque BQ;BQ/254;20210802;51200000;CompteLib_0024;;;21H2;20210802;EcritureLib_0050;20250720;0,00;47,88;C;BQ/254;;
BQ;Banque BQ;BQ/255;20210802;61600000;CompteLib_0035;;;21H1;20210802;EcritureLib_0250;20250720;92,12;0,00;D;BQ/255;;
BQ;Banque BQ;BQ/255;20210802;51200000;CompteLib_0024;;;21H1;20210802;EcritureLib_0250;20250720;0,00;92,12;C;BQ/255;;
BQ;Banque BQ;BQ/256;20210802;51140000;CompteLib_0052;;;21H3;20210802;EcritureLib_0251;20250720;0,00;190,31;C;BQ/256;;
BQ;Banque BQ;BQ/256;20210802;51200000;CompteLib_0024;;;21H3;20210802;EcritureLib_0251;20250720;190,31;0,00;D;BQ/256;;
BQ;Banque BQ;BQ/257;20210803;51140000;CompteLib_0052;;;21H4;20210803;EcritureLib_0252;20250720;0,00;313,61;C;BQ/257;;
BQ;Banque BQ;BQ/257;20210803;51200000;CompteLib_0024;;;21H4;20210803;EcritureLib_0252;20250720;313,61;0,00;D;BQ/257;;
BQ;Banque BQ;BQ/258;20210803;61600000;CompteLib_0035;;;21H6;20210803;EcritureLib_0253;20250720;24,08;0,00;D;BQ/258;;
BQ;Banque BQ;BQ/258;20210803;51200000;CompteLib_0024;;;21H6;20210803;EcritureLib_0253;20250720;0,00;24,08;C;BQ/258;;
BQ;Banque BQ;BQ/259;20210803;51140000;CompteLib_0052;;;21H5;20210803;EcritureLib_0254;20250720;0,00;266,86;C;BQ/259;;
BQ;Banque BQ;BQ/259;20210803;51200000;CompteLib_0024;;;21H5;20210803;EcritureLib_0254;20250720;266,86;0,00;D;BQ/259;;
BQ;Banque BQ;BQ/260;20210804;60612000;CompteLib_0039;;;21H8;20210804;EcritureLib_0058;20250720;0,00;130,00;C;BQ/260;;
BQ;Banque BQ;BQ/260;20210804;51200000;CompteLib_0024;;;21H8;20210804;EcritureLib_0058;20250720;130,00;0,00;D;BQ/260;;
BQ;Banque BQ;BQ/261;20210804;62700000;CompteLib_0036;;;21H7;20210804;EcritureLib_0255;20250720;25,89;0,00;D;BQ/261;;
BQ;Banque BQ;BQ/261;20210804;51200000;CompteLib_0024;;;21H7;20210804;EcritureLib_0255;20250720;0,00;25,89;C;BQ/261;;
BQ;Banque BQ;BQ/262;20210805;61350000;CompteLib_0041;;;21H10;20210805;EcritureLib_0256;20250720;27,48;0,00;D;BQ/262;;
BQ;Banque BQ;BQ/262;20210805;51200000;CompteLib_0024;;;21H10;20210805;EcritureLib_0256;20250720;0,00;27,48;C;BQ/262;;
BQ;Banque BQ;BQ/263;20210805;61600000;CompteLib_0035;;;21H9;20210805;EcritureLib_0257;20250720;55,40;0,00;D;BQ/263;;
BQ;Banque BQ;BQ/263;20210805;51200000;CompteLib_0024;;;21H9;20210805;EcritureLib_0257;20250720;0,00;55,40;C;BQ/263;;
BQ;Banque BQ;BQ/264;20210805;61321000;CompteLib_0038;;;21H11;20210805;EcritureLib_0084;20250720;1000,00;0,00;D;BQ/264;;
BQ;Banque BQ;BQ/264;20210805;44566100;CompteLib_0018;;;21H11;20210805;EcritureLib_0084;20250720;200,00;0,00;D;BQ/264;;
BQ;Banque BQ;BQ/264;20210805;51200000;CompteLib_0024;;;21H11;20210805;EcritureLib_0084;20250720;0,00;1200,00;C;BQ/264;;
BQ;Banque BQ;BQ/265;20210810;62260000;CompteLib_0037;;;21H16;20210810;EcritureLib_0258;20250720;199,00;0,00;D;BQ/265;;
BQ;Banque BQ;BQ/265;20210810;51200000;CompteLib_0024;;;21H16;20210810;EcritureLib_0258;20250720;0,00;238,80;C;BQ/265;;
BQ;Banque BQ;BQ/265;20210810;44566100;CompteLib_0018;;;21H16;20210810;EcritureLib_0258;20250720;39,80;0,00;D;BQ/265;;
BQ;Banque BQ;BQ/266;20210810;61350000;CompteLib_0041;;;21H15;20210810;EcritureLib_0259;20250720;142,74;0,00;D;BQ/266;;
BQ;Banque BQ;BQ/266;20210810;51200000;CompteLib_0024;;;21H15;20210810;EcritureLib_0259;20250720;0,00;142,74;C;BQ/266;;
BQ;Banque BQ;BQ/267;20210810;66100000;CompteLib_0040;;;21H13;20210810;EcritureLib_0260;20250720;33,01;0,00;D;BQ/267;;
BQ;Banque BQ;BQ/267;20210810;51200000;CompteLib_0024;;;21H13;20210810;EcritureLib_0260;20250720;0,00;33,01;C;BQ/267;;
BQ;Banque BQ;BQ/268;20210810;16400000;CompteLib_0004;;;21H12;20210810;EcritureLib_0261;20250720;671,59;0,00;D;BQ/268;;
BQ;Banque BQ;BQ/268;20210810;51200000;CompteLib_0024;;;21H12;20210810;EcritureLib_0261;20250720;0,00;671,59;C;BQ/268;;
BQ;Banque BQ;BQ/269;20210810;62700000;CompteLib_0036;;;21H14;20210810;EcritureLib_0262;20250720;10,90;0,00;D;BQ/269;;
BQ;Banque BQ;BQ/269;20210810;51200000;CompteLib_0024;;;21H14;20210810;EcritureLib_0262;20250720;0,00;10,90;C;BQ/269;;
BQ;Banque BQ;BQ/270;20210818;60100000;CompteLib_0029;;;21H17;20210818;EcritureLib_0105;20250720;45,16;0,00;D;BQ/270;;
BQ;Banque BQ;BQ/270;20210818;51200000;CompteLib_0024;;;21H17;20210818;EcritureLib_0105;20250720;0,00;45,16;C;BQ/270;;
BQ;Banque BQ;BQ/271;20210819;62620000;CompteLib_0049;;;21H18;20210819;EcritureLib_0263;20250720;6,80;0,00;D;BQ/271;;
BQ;Banque BQ;BQ/271;20210819;51200000;CompteLib_0024;;;21H18;20210819;EcritureLib_0263;20250720;0,00;6,80;C;BQ/271;;
BQ;Banque BQ;BQ/272;20210820;61200000;CompteLib_0043;;;21H21;20210820;EcritureLib_0264;20250720;326,91;0,00;D;BQ/272;;
BQ;Banque BQ;BQ/272;20210820;51200000;CompteLib_0024;;;21H21;20210820;EcritureLib_0264;20250720;0,00;326,91;C;BQ/272;;
BQ;Banque BQ;BQ/273;20210820;60100000;CompteLib_0029;;;21H20;20210820;EcritureLib_0265;20250720;145,15;0,00;D;BQ/273;;
BQ;Banque BQ;BQ/273;20210820;51200000;CompteLib_0024;;;21H20;20210820;EcritureLib_0265;20250720;0,00;145,15;C;BQ/273;;
BQ;Banque BQ;BQ/274;20210820;60100000;CompteLib_0029;;;21H19;20210820;EcritureLib_0105;20250720;63,68;0,00;D;BQ/274;;
BQ;Banque BQ;BQ/274;20210820;51200000;CompteLib_0024;;;21H19;20210820;EcritureLib_0105;20250720;0,00;63,68;C;BQ/274;;
BQ;Banque BQ;BQ/275;20210821;51100000;CompteLib_0051;;;21H22;20210821;EcritureLib_0266;20250720;0,00;240,80;C;BQ/275;;
BQ;Banque BQ;BQ/275;20210821;51200000;CompteLib_0024;;;21H22;20210821;EcritureLib_0266;20250720;240,80;0,00;D;BQ/275;;
BQ;Banque BQ;BQ/276;20210822;66100000;CompteLib_0040;;;21H24;20210822;EcritureLib_0267;20250720;4,75;0,00;D;BQ/276;;
BQ;Banque BQ;BQ/276;20210822;51200000;CompteLib_0024;;;21H24;20210822;EcritureLib_0267;20250720;0,00;4,75;C;BQ/276;;
BQ;Banque BQ;BQ/277;20210822;66100000;CompteLib_0040;;;21H25;20210822;EcritureLib_0268;20250720;5,13;0,00;D;BQ/277;;
BQ;Banque BQ;BQ/277;20210822;51200000;CompteLib_0024;;;21H25;20210822;EcritureLib_0268;20250720;0,00;5,13;C;BQ/277;;
BQ;Banque BQ;BQ/278;20210822;16410000;CompteLib_0004;;;21H23;20210822;EcritureLib_0269;20250720;197,63;0,00;D;BQ/278;;
BQ;Banque BQ;BQ/278;20210822;51200000;CompteLib_0024;;;21H23;20210822;EcritureLib_0269;20250720;0,00;197,63;C;BQ/278;;
BQ;Banque BQ;BQ/279;20210823;60100000;CompteLib_0029;;;21H28;20210823;EcritureLib_0105;20250720;77,61;0,00;D;BQ/279;;
BQ;Banque BQ;BQ/279;20210823;51200000;CompteLib_0024;;;21H28;20210823;EcritureLib_0105;20250720;0,00;77,61;C;BQ/279;;
BQ;Banque BQ;BQ/280;20210823;51100000;CompteLib_0051;;;21H26;20210823;EcritureLib_0270;20250720;0,00;70,30;C;BQ/280;;
BQ;Banque BQ;BQ/280;20210823;51200000;CompteLib_0024;;;21H26;20210823;EcritureLib_0270;20250720;70,30;0,00;D;BQ/280;;
BQ;Banque BQ;BQ/281;20210823;51100000;CompteLib_0051;;;21H27;20210823;EcritureLib_0271;20250720;0,00;283,20;C;BQ/281;;
BQ;Banque BQ;BQ/281;20210823;51200000;CompteLib_0024;;;21H27;20210823;EcritureLib_0271;20250720;283,20;0,00;D;BQ/281;;
BQ;Banque BQ;BQ/282;20210823;42100000;CompteLib_0010;;;21H29;20210823;EcritureLib_0272;20250720;541,58;0,00;D;BQ/282;F;20240802
BQ;Banque BQ;BQ/282;20210823;51200000;CompteLib_0024;;;21H29;20210823;EcritureLib_0272;20250720;0,00;541,58;C;BQ/282;;
BQ;Banque BQ;BQ/283;20210823;51100000;CompteLib_0051;;;21H30;20210823;EcritureLib_0273;20250720;0,00;100,40;C;BQ/283;;
BQ;Banque BQ;BQ/283;20210823;51200000;CompteLib_0024;;;21H30;20210823;EcritureLib_0273;20250720;100,40;0,00;D;BQ/283;;
BQ;Banque BQ;BQ/284;20210823;51100000;CompteLib_0051;;;21H31;20210823;EcritureLib_0274;20250720;0,00;188,00;C;BQ/284;;
BQ;Banque BQ;BQ/284;20210823;51200000;CompteLib_0024;;;21H31;20210823;EcritureLib_0274;20250720;188,00;0,00;D;BQ/284;;
BQ;Banque BQ;BQ/285;20210825;43703000;CompteLib_0045;;;21H33;20210825;EcritureLib_0275;20250720;154,56;0,00;D;BQ/285;D;20240826
BQ;Banque BQ;BQ/285;20210825;51200000;CompteLib_0024;;;21H33;20210825;EcritureLib_0275;20250720;0,00;154,56;C;BQ/285;;
BQ;Banque BQ;BQ/286;20210826;42100000;CompteLib_0010;;;21H35;20210826;EcritureLib_0276;20250720;681,54;0,00;D;BQ/286;J;20240802
BQ;Banque BQ;BQ/286;20210826;51200000;CompteLib_0024;;;21H35;20210826;EcritureLib_0276;20250720;0,00;681,54;C;BQ/286;;
BQ;Banque BQ;BQ/287;20210827;60100000;CompteLib_0029;;;21H39;20210827;EcritureLib_0277;20250720;385,40;0,00;D;BQ/287;;
BQ;Banque BQ;BQ/287;20210827;51200000;CompteLib_0024;;;21H39;20210827;EcritureLib_0277;20250720;0,00;385,40;C;BQ/287;;
BQ;Banque BQ;BQ/288;20210827;60100000;CompteLib_0029;;;21H38;20210827;EcritureLib_0278;20250720;283,00;0,00;D;BQ/288;;
BQ;Banque BQ;BQ/288;20210827;51200000;CompteLib_0024;;;21H38;20210827;EcritureLib_0278;20250720;0,00;283,00;C;BQ/288;;
BQ;Banque BQ;BQ/289;20210827;60100000;CompteLib_0029;;;21H37;20210827;EcritureLib_0279;20250720;92,87;0,00;D;BQ/289;;
BQ;Banque BQ;BQ/289;20210827;51200000;CompteLib_0024;;;21H37;20210827;EcritureLib_0279;20250720;0,00;92,87;C;BQ/289;;
BQ;Banque BQ;BQ/290;20210827;60100000;CompteLib_0029;;;21H36;20210827;EcritureLib_0105;20250720;61,19;0,00;D;BQ/290;;
BQ;Banque BQ;BQ/290;20210827;51200000;CompteLib_0024;;;21H36;20210827;EcritureLib_0105;20250720;0,00;61,19;C;BQ/290;;
BQ;Banque BQ;BQ/291;20210828;51100000;CompteLib_0051;;;21H40;20210828;EcritureLib_0280;20250720;0,00;18,60;C;BQ/291;;
BQ;Banque BQ;BQ/291;20210828;51200000;CompteLib_0024;;;21H40;20210828;EcritureLib_0280;20250720;18,60;0,00;D;BQ/291;;
BQ;Banque BQ;BQ/292;20210828;51100000;CompteLib_0051;;;21H41;20210828;EcritureLib_0281;20250720;0,00;297,80;C;BQ/292;;
BQ;Banque BQ;BQ/292;20210828;51200000;CompteLib_0024;;;21H41;20210828;EcritureLib_0281;20250720;297,80;0,00;D;BQ/292;;
BQ;Banque BQ;BQ/293;20210830;51100000;CompteLib_0051;;;21H47;20210830;EcritureLib_0282;20250720;0,00;286,10;C;BQ/293;;
BQ;Banque BQ;BQ/293;20210830;51200000;CompteLib_0024;;;21H47;20210830;EcritureLib_0282;20250720;286,10;0,00;D;BQ/293;;
BQ;Banque BQ;BQ/294;20210830;60614000;CompteLib_0031;;;21H42;20210830;EcritureLib_0124;20250720;77,00;0,00;D;BQ/294;;
BQ;Banque BQ;BQ/294;20210830;51200000;CompteLib_0024;;;21H42;20210830;EcritureLib_0124;20250720;0,00;77,00;C;BQ/294;;
BQ;Banque BQ;BQ/295;20210830;60612000;CompteLib_0039;;;21H43;20210830;EcritureLib_0283;20250720;623,05;0,00;D;BQ/295;;
BQ;Banque BQ;BQ/295;20210830;51200000;CompteLib_0024;;;21H43;20210830;EcritureLib_0283;20250720;0,00;623,05;C;BQ/295;;
BQ;Banque BQ;BQ/296;20210830;62600000;CompteLib_0042;;;21H44;20210830;EcritureLib_0284;20250720;50,00;0,00;D;BQ/296;;
BQ;Banque BQ;BQ/296;20210830;51200000;CompteLib_0024;;;21H44;20210830;EcritureLib_0284;20250720;0,00;60,00;C;BQ/296;;
BQ;Banque BQ;BQ/296;20210830;44566100;CompteLib_0018;;;21H44;20210830;EcritureLib_0284;20250720;10,00;0,00;D;BQ/296;;
BQ;Banque BQ;BQ/297;20210830;65100000;CompteLib_0030;;;21H45;20210830;EcritureLib_0285;20250720;11,94;0,00;D;BQ/297;;
BQ;Banque BQ;BQ/297;20210830;51200000;CompteLib_0024;;;21H45;20210830;EcritureLib_0285;20250720;0,00;11,94;C;BQ/297;;
BQ;Banque BQ;BQ/298;20210830;65100000;CompteLib_0030;;;21H46;20210830;EcritureLib_0286;20250720;28,66;0,00;D;BQ/298;;
BQ;Banque BQ;BQ/298;20210830;51200000;CompteLib_0024;;;21H46;20210830;EcritureLib_0286;20250720;0,00;28,66;C;BQ/298;;
BQ;Banque BQ;BQ/299;20210830;51100000;CompteLib_0051;;;21H48;20210830;EcritureLib_0287;20250720;0,00;270,40;C;BQ/299;;
BQ;Banque BQ;BQ/299;20210830;51200000;CompteLib_0024;;;21H48;20210830;EcritureLib_0287;20250720;270,40;0,00;D;BQ/299;;
BQ;Banque BQ;BQ/300;20210831;60100000;CompteLib_0029;;;21H49;20210831;EcritureLib_0105;20250720;12,98;0,00;D;BQ/300;;
BQ;Banque BQ;BQ/300;20210831;51200000;CompteLib_0024;;;21H49;20210831;EcritureLib_0105;20250720;0,00;12,98;C;BQ/300;;
BQ;Banque BQ;BQ/301;20210901;61600000;CompteLib_0035;;;21I1;20210901;EcritureLib_0288;20250720;92,12;0,00;D;BQ/301;;
BQ;Banque BQ;BQ/301;20210901;51200000;CompteLib_0024;;;21I1;20210901;EcritureLib_0288;20250720;0,00;92,12;C;BQ/301;;
BQ;Banque BQ;BQ/302;20210901;60100000;CompteLib_0029;;;21I2;20210901;EcritureLib_0105;20250720;43,15;0,00;D;BQ/302;;
BQ;Banque BQ;BQ/302;20210901;51200000;CompteLib_0024;;;21I2;20210901;EcritureLib_0105;20250720;0,00;43,15;C;BQ/302;;
BQ;Banque BQ;BQ/303;20210901;51100000;CompteLib_0051;;;21I3;20210901;EcritureLib_0289;20250720;0,00;26,40;C;BQ/303;;
BQ;Banque BQ;BQ/303;20210901;51200000;CompteLib_0024;;;21I3;20210901;EcritureLib_0289;20250720;26,40;0,00;D;BQ/303;;
BQ;Banque BQ;BQ/304;20210901;51100000;CompteLib_0051;;;21I4;20210901;EcritureLib_0290;20250720;0,00;143,10;C;BQ/304;;
BQ;Banque BQ;BQ/304;20210901;51200000;CompteLib_0024;;;21I4;20210901;EcritureLib_0290;20250720;143,10;0,00;D;BQ/304;;
BQ;Banque BQ;BQ/305;20210902;51100000;CompteLib_0051;;;21I6;20210902;EcritureLib_0291;20250720;0,00;21,00;C;BQ/305;;
BQ;Banque BQ;BQ/305;20210902;51200000;CompteLib_0024;;;21I6;20210902;EcritureLib_0291;20250720;21,00;0,00;D;BQ/305;;
BQ;Banque BQ;BQ/306;20210902;60100000;CompteLib_0029;;;21I5;20210902;EcritureLib_0105;20250720;33,13;0,00;D;BQ/306;;
BQ;Banque BQ;BQ/306;20210902;51200000;CompteLib_0024;;;21I5;20210902;EcritureLib_0105;20250720;0,00;33,13;C;BQ/306;;
BQ;Banque BQ;BQ/307;20210902;51100000;CompteLib_0051;;;21I7;20210902;EcritureLib_0292;20250720;0,00;194,00;C;BQ/307;;
BQ;Banque BQ;BQ/307;20210902;51200000;CompteLib_0024;;;21I7;20210902;EcritureLib_0292;20250720;194,00;0,00;D;BQ/307;;
BQ;Banque BQ;BQ/308;20210902;61600000;CompteLib_0035;;;21I8;20210902;EcritureLib_0293;20250720;24,08;0,00;D;BQ/308;;
BQ;Banque BQ;BQ/308;20210902;51200000;CompteLib_0024;;;21I8;20210902;EcritureLib_0293;20250720;0,00;24,08;C;BQ/308;;
BQ;Banque BQ;BQ/309;20210903;60100000;CompteLib_0029;;;21I10;20210903;EcritureLib_0294;20250720;167,80;0,00;D;BQ/309;;
BQ;Banque BQ;BQ/309;20210903;51200000;CompteLib_0024;;;21I10;20210903;EcritureLib_0294;20250720;0,00;167,80;C;BQ/309;;
BQ;Banque BQ;BQ/310;20210903;60100000;CompteLib_0029;;;21I9;20210903;EcritureLib_0105;20250720;16,11;0,00;D;BQ/310;;
BQ;Banque BQ;BQ/310;20210903;51200000;CompteLib_0024;;;21I9;20210903;EcritureLib_0105;20250720;0,00;16,11;C;BQ/310;;
BQ;Banque BQ;BQ/311;20210903;51100000;CompteLib_0051;;;21I11;20210903;EcritureLib_0295;20250720;0,00;53,10;C;BQ/311;;
BQ;Banque BQ;BQ/311;20210903;51200000;CompteLib_0024;;;21I11;20210903;EcritureLib_0295;20250720;53,10;0,00;D;BQ/311;;
BQ;Banque BQ;BQ/312;20210903;51100000;CompteLib_0051;;;21I12;20210903;EcritureLib_0296;20250720;0,00;134,60;C;BQ/312;;
BQ;Banque BQ;BQ/312;20210903;51200000;CompteLib_0024;;;21I12;20210903;EcritureLib_0296;20250720;134,60;0,00;D;BQ/312;;
BQ;Banque BQ;BQ/313;20210904;51100000;CompteLib_0051;;;21I15;20210904;EcritureLib_0297;20250720;0,00;83,80;C;BQ/313;;
BQ;Banque BQ;BQ/313;20210904;51200000;CompteLib_0024;;;21I15;20210904;EcritureLib_0297;20250720;83,80;0,00;D;BQ/313;;
BQ;Banque BQ;BQ/314;20210904;51100000;CompteLib_0051;;;21I13;20210904;EcritureLib_0298;20250720;0,00;397,40;C;BQ/314;;
BQ;Banque BQ;BQ/314;20210904;51200000;CompteLib_0024;;;21I13;20210904;EcritureLib_0298;20250720;397,40;0,00;D;BQ/314;;
BQ;Banque BQ;BQ/315;20210904;62700000;CompteLib_0036;;;21I14;20210904;EcritureLib_0299;20250720;9,36;0,00;D;BQ/315;;
BQ;Banque BQ;BQ/315;20210904;51200000;CompteLib_0024;;;21I14;20210904;EcritureLib_0299;20250720;0,00;9,36;C;BQ/315;;
BQ;Banque BQ;BQ/316;20210906;42100000;CompteLib_0010;;;21I16;20210906;EcritureLib_0300;20250720;610,18;0,00;D;BQ/316;G;20240802
BQ;Banque BQ;BQ/316;20210906;51200000;CompteLib_0024;;;21I16;20210906;EcritureLib_0300;20250720;0,00;610,18;C;BQ/316;;
BQ;Banque BQ;BQ/317;20210906;42100000;CompteLib_0010;;;21I17;20210906;EcritureLib_0301;20250720;238,39;0,00;D;BQ/317;H;20240802
BQ;Banque BQ;BQ/317;20210906;51200000;CompteLib_0024;;;21I17;20210906;EcritureLib_0301;20250720;0,00;238,39;C;BQ/317;;
BQ;Banque BQ;BQ/318;20210906;51100000;CompteLib_0051;;;21I18;20210906;EcritureLib_0302;20250720;0,00;19,50;C;BQ/318;;
BQ;Banque BQ;BQ/318;20210906;51200000;CompteLib_0024;;;21I18;20210906;EcritureLib_0302;20250720;19,50;0,00;D;BQ/318;;
BQ;Banque BQ;BQ/319;20210906;51100000;CompteLib_0051;;;21I19;20210906;EcritureLib_0303;20250720;0,00;162,80;C;BQ/319;;
BQ;Banque BQ;BQ/319;20210906;51200000;CompteLib_0024;;;21I19;20210906;EcritureLib_0303;20250720;162,80;0,00;D;BQ/319;;
BQ;Banque BQ;BQ/320;20210906;51100000;CompteLib_0051;;;21I21;20210906;EcritureLib_0304;20250720;0,00;68,20;C;BQ/320;;
BQ;Banque BQ;BQ/320;20210906;51200000;CompteLib_0024;;;21I21;20210906;EcritureLib_0304;20250720;68,20;0,00;D;BQ/320;;
BQ;Banque BQ;BQ/321;20210906;61600000;CompteLib_0035;;;21I20;20210906;EcritureLib_0305;20250720;55,40;0,00;D;BQ/321;;
BQ;Banque BQ;BQ/321;20210906;51200000;CompteLib_0024;;;21I20;20210906;EcritureLib_0305;20250720;0,00;55,40;C;BQ/321;;
BQ;Banque BQ;BQ/322;20210906;51100000;CompteLib_0051;;;21I22;20210906;EcritureLib_0306;20250720;0,00;276,70;C;BQ/322;;
BQ;Banque BQ;BQ/322;20210906;51200000;CompteLib_0024;;;21I22;20210906;EcritureLib_0306;20250720;276,70;0,00;D;BQ/322;;
BQ;Banque BQ;BQ/323;20210906;60100000;CompteLib_0029;;;21I23;20210906;EcritureLib_0307;20250720;12,91;0,00;D;BQ/323;;
BQ;Banque BQ;BQ/323;20210906;51200000;CompteLib_0024;;;21I23;20210906;EcritureLib_0307;20250720;0,00;12,91;C;BQ/323;;
BQ;Banque BQ;BQ/324;20210906;61321000;CompteLib_0038;;;21I27;20210906;EcritureLib_0084;20250720;1000,00;0,00;D;BQ/324;;
BQ;Banque BQ;BQ/324;20210906;44566100;CompteLib_0018;;;21I27;20210906;EcritureLib_0084;20250720;200,00;0,00;D;BQ/324;;
BQ;Banque BQ;BQ/324;20210906;51200000;CompteLib_0024;;;21I27;20210906;EcritureLib_0084;20250720;0,00;1200,00;C;BQ/324;;
BQ;Banque BQ;BQ/325;20210906;44566100;CompteLib_0018;;;21I25;20210906;EcritureLib_0308;20250720;39,80;0,00;D;BQ/325;;
BQ;Banque BQ;BQ/325;20210906;62260000;CompteLib_0037;;;21I25;20210906;EcritureLib_0308;20250720;199,00;0,00;D;BQ/325;;
BQ;Banque BQ;BQ/325;20210906;51200000;CompteLib_0024;;;21I25;20210906;EcritureLib_0308;20250720;0,00;238,80;C;BQ/325;;
BQ;Banque BQ;BQ/326;20210906;60612000;CompteLib_0039;;;21I26;20210906;EcritureLib_0058;20250720;0,00;130,00;C;BQ/326;;
BQ;Banque BQ;BQ/326;20210906;51200000;CompteLib_0024;;;21I26;20210906;EcritureLib_0058;20250720;130,00;0,00;D;BQ/326;;
BQ;Banque BQ;BQ/327;20210906;60100000;CompteLib_0029;;;21I24;20210906;EcritureLib_0105;20250720;51,09;0,00;D;BQ/327;;
BQ;Banque BQ;BQ/327;20210906;51200000;CompteLib_0024;;;21I24;20210906;EcritureLib_0105;20250720;0,00;51,09;C;BQ/327;;
BQ;Banque BQ;BQ/328;20210907;62340000;CompteLib_0034;;;21I30;20210907;EcritureLib_0309;20250720;1044,00;0,00;D;BQ/328;;
BQ;Banque BQ;BQ/328;20210907;51200000;CompteLib_0024;;;21I30;20210907;EcritureLib_0309;20250720;0,00;1044,00;C;BQ/328;;
BQ;Banque BQ;BQ/329;20210907;40100000;CompteLib_0028;FMISTERMINT;MISTER MINT;21I32;20210907;EcritureLib_0310;20250720;15,90;0,00;D;BQ/329;A;20240731
BQ;Banque BQ;BQ/329;20210907;51200000;CompteLib_0024;;;21I32;20210907;EcritureLib_0310;20250720;0,00;15,90;C;BQ/329;;
BQ;Banque BQ;BQ/330;20210907;61350000;CompteLib_0041;;;21I33;20210907;EcritureLib_0311;20250720;27,48;0,00;D;BQ/330;;
BQ;Banque BQ;BQ/330;20210907;51200000;CompteLib_0024;;;21I33;20210907;EcritureLib_0311;20250720;0,00;27,48;C;BQ/330;;
BQ;Banque BQ;BQ/331;20210907;60100000;CompteLib_0029;;;21I29;20210907;EcritureLib_0105;20250720;12,52;0,00;D;BQ/331;;
BQ;Banque BQ;BQ/331;20210907;51200000;CompteLib_0024;;;21I29;20210907;EcritureLib_0105;20250720;0,00;12,52;C;BQ/331;;
BQ;Banque BQ;BQ/332;20210907;62340000;CompteLib_0034;;;21I31;20210907;EcritureLib_0309;20250720;391,50;0,00;D;BQ/332;;
BQ;Banque BQ;BQ/332;20210907;51200000;CompteLib_0024;;;21I31;20210907;EcritureLib_0309;20250720;0,00;391,50;C;BQ/332;;
BQ;Banque BQ;BQ/333;20210908;51100000;CompteLib_0051;;;21I37;20210908;EcritureLib_0312;20250720;0,00;53,50;C;BQ/333;;
BQ;Banque BQ;BQ/333;20210908;51200000;CompteLib_0024;;;21I37;20210908;EcritureLib_0312;20250720;53,50;0,00;D;BQ/333;;
BQ;Banque BQ;BQ/334;20210908;51100000;CompteLib_0051;;;21I36;20210908;EcritureLib_0313;20250720;0,00;63,80;C;BQ/334;;
BQ;Banque BQ;BQ/334;20210908;51200000;CompteLib_0024;;;21I36;20210908;EcritureLib_0313;20250720;63,80;0,00;D;BQ/334;;
BQ;Banque BQ;BQ/335;20210908;60100000;CompteLib_0029;;;21I34;20210908;EcritureLib_0105;20250720;35,48;0,00;D;BQ/335;;
BQ;Banque BQ;BQ/335;20210908;51200000;CompteLib_0024;;;21I34;20210908;EcritureLib_0105;20250720;0,00;35,48;C;BQ/335;;
BQ;Banque BQ;BQ/336;20210908;65100000;CompteLib_0030;;;21I35;20210908;EcritureLib_0314;20250720;4,47;0,00;D;BQ/336;;
BQ;Banque BQ;BQ/336;20210908;51200000;CompteLib_0024;;;21I35;20210908;EcritureLib_0314;20250720;0,00;4,47;C;BQ/336;;
BQ;Banque BQ;BQ/337;20210909;60100000;CompteLib_0029;;;21I39;20210909;EcritureLib_0315;20250720;449,25;0,00;D;BQ/337;;
BQ;Banque BQ;BQ/337;20210909;51200000;CompteLib_0024;;;21I39;20210909;EcritureLib_0315;20250720;0,00;449,25;C;BQ/337;;
BQ;Banque BQ;BQ/338;20210909;51100000;CompteLib_0051;;;21I41;20210909;EcritureLib_0316;20250720;0,00;61,70;C;BQ/338;;
BQ;Banque BQ;BQ/338;20210909;51200000;CompteLib_0024;;;21I41;20210909;EcritureLib_0316;20250720;61,70;0,00;D;BQ/338;;
BQ;Banque BQ;BQ/339;20210909;51100000;CompteLib_0051;;;21I42;20210909;EcritureLib_0317;20250720;0,00;136,40;C;BQ/339;;
BQ;Banque BQ;BQ/339;20210909;51200000;CompteLib_0024;;;21I42;20210909;EcritureLib_0317;20250720;136,40;0,00;D;BQ/339;;
BQ;Banque BQ;BQ/340;20210909;60100000;CompteLib_0029;;;21I40;20210909;EcritureLib_0315;20250720;97,75;0,00;D;BQ/340;;
BQ;Banque BQ;BQ/340;20210909;51200000;CompteLib_0024;;;21I40;20210909;EcritureLib_0315;20250720;0,00;97,75;C;BQ/340;;
BQ;Banque BQ;BQ/341;20210910;60100000;CompteLib_0029;;;21I47;20210910;EcritureLib_0105;20250720;43,21;0,00;D;BQ/341;;
BQ;Banque BQ;BQ/341;20210910;51200000;CompteLib_0024;;;21I47;20210910;EcritureLib_0105;20250720;0,00;43,21;C;BQ/341;;
BQ;Banque BQ;BQ/342;20210910;16400000;CompteLib_0004;;;21I43;20210910;EcritureLib_0318;20250720;672,27;0,00;D;BQ/342;;
BQ;Banque BQ;BQ/342;20210910;51200000;CompteLib_0024;;;21I43;20210910;EcritureLib_0318;20250720;0,00;672,27;C;BQ/342;;
BQ;Banque BQ;BQ/343;20210910;66100000;CompteLib_0040;;;21I44;20210910;EcritureLib_0319;20250720;32,33;0,00;D;BQ/343;;
BQ;Banque BQ;BQ/343;20210910;51200000;CompteLib_0024;;;21I44;20210910;EcritureLib_0319;20250720;0,00;32,33;C;BQ/343;;
BQ;Banque BQ;BQ/344;20210910;62261000;CompteLib_0037;;;21I45;20210910;EcritureLib_0320;20250720;19,50;0,00;D;BQ/344;;
BQ;Banque BQ;BQ/344;20210910;44566100;CompteLib_0018;;;21I45;20210910;EcritureLib_0320;20250720;3,90;0,00;D;BQ/344;;
BQ;Banque BQ;BQ/344;20210910;51200000;CompteLib_0024;;;21I45;20210910;EcritureLib_0320;20250720;0,00;23,40;C;BQ/344;;
BQ;Banque BQ;BQ/345;20210910;60100000;CompteLib_0029;;;21I46;20210910;EcritureLib_0307;20250720;16,10;0,00;D;BQ/345;;
BQ;Banque BQ;BQ/345;20210910;51200000;CompteLib_0024;;;21I46;20210910;EcritureLib_0307;20250720;0,00;16,10;C;BQ/345;;
BQ;Banque BQ;BQ/346;20210910;62700000;CompteLib_0036;;;21I48;20210910;EcritureLib_0321;20250720;48,33;0,00;D;BQ/346;;
BQ;Banque BQ;BQ/346;20210910;51200000;CompteLib_0024;;;21I48;20210910;EcritureLib_0321;20250720;0,00;48,33;C;BQ/346;;
BQ;Banque BQ;BQ/347;20210910;61350000;CompteLib_0041;;;21I49;20210910;EcritureLib_0322;20250720;142,74;0,00;D;BQ/347;;
BQ;Banque BQ;BQ/347;20210910;51200000;CompteLib_0024;;;21I49;20210910;EcritureLib_0322;20250720;0,00;142,74;C;BQ/347;;
BQ;Banque BQ;BQ/348;20210910;51100000;CompteLib_0051;;;21I50;20210910;EcritureLib_0323;20250720;0,00;36,60;C;BQ/348;;
BQ;Banque BQ;BQ/348;20210910;51200000;CompteLib_0024;;;21I50;20210910;EcritureLib_0323;20250720;36,60;0,00;D;BQ/348;;
BQ;Banque BQ;BQ/349;20210910;51100000;CompteLib_0051;;;21I51;20210910;EcritureLib_0324;20250720;0,00;127,55;C;BQ/349;;
BQ;Banque BQ;BQ/349;20210910;51200000;CompteLib_0024;;;21I51;20210910;EcritureLib_0324;20250720;127,55;0,00;D;BQ/349;;
BQ;Banque BQ;BQ/350;20210911;51100000;CompteLib_0051;;;21I52;20210911;EcritureLib_0325;20250720;0,00;104,40;C;BQ/350;;
BQ;Banque BQ;BQ/350;20210911;51200000;CompteLib_0024;;;21I52;20210911;EcritureLib_0325;20250720;104,40;0,00;D;BQ/350;;
BQ;Banque BQ;BQ/351;20210911;51100000;CompteLib_0051;;;21I53;20210911;EcritureLib_0326;20250720;0,00;437,60;C;BQ/351;;
BQ;Banque BQ;BQ/351;20210911;51200000;CompteLib_0024;;;21I53;20210911;EcritureLib_0326;20250720;437,60;0,00;D;BQ/351;;
BQ;Banque BQ;BQ/352;20210913;60100000;CompteLib_0029;;;21I56;20210913;EcritureLib_0105;20250720;47,01;0,00;D;BQ/352;;
BQ;Banque BQ;BQ/352;20210913;51200000;CompteLib_0024;;;21I56;20210913;EcritureLib_0105;20250720;0,00;47,01;C;BQ/352;;
BQ;Banque BQ;BQ/353;20210913;51100000;CompteLib_0051;;;21I54;20210913;EcritureLib_0327;20250720;0,00;42,10;C;BQ/353;;
BQ;Banque BQ;BQ/353;20210913;51200000;CompteLib_0024;;;21I54;20210913;EcritureLib_0327;20250720;42,10;0,00;D;BQ/353;;
BQ;Banque BQ;BQ/354;20210913;51100000;CompteLib_0051;;;21I55;20210913;EcritureLib_0328;20250720;0,00;172,00;C;BQ/354;;
BQ;Banque BQ;BQ/354;20210913;51200000;CompteLib_0024;;;21I55;20210913;EcritureLib_0328;20250720;172,00;0,00;D;BQ/354;;
BQ;Banque BQ;BQ/355;20210913;60100000;CompteLib_0029;;;21I57;20210913;EcritureLib_0329;20250720;131,22;0,00;D;BQ/355;;
BQ;Banque BQ;BQ/355;20210913;51200000;CompteLib_0024;;;21I57;20210913;EcritureLib_0329;20250720;0,00;131,22;C;BQ/355;;
BQ;Banque BQ;BQ/356;20210913;51100000;CompteLib_0051;;;21I60;20210913;EcritureLib_0330;20250720;0,00;251,90;C;BQ/356;;
BQ;Banque BQ;BQ/356;20210913;51200000;CompteLib_0024;;;21I60;20210913;EcritureLib_0330;20250720;251,90;0,00;D;BQ/356;;
BQ;Banque BQ;BQ/357;20210913;51100000;CompteLib_0051;;;21I59;20210913;EcritureLib_0331;20250720;0,00;161,39;C;BQ/357;;
BQ;Banque BQ;BQ/357;20210913;51200000;CompteLib_0024;;;21I59;20210913;EcritureLib_0331;20250720;161,39;0,00;D;BQ/357;;
BQ;Banque BQ;BQ/358;20210913;60100000;CompteLib_0029;;;21I58;20210913;EcritureLib_0329;20250720;58,27;0,00;D;BQ/358;;
BQ;Banque BQ;BQ/358;20210913;51200000;CompteLib_0024;;;21I58;20210913;EcritureLib_0329;20250720;0,00;58,27;C;BQ/358;;
BQ;Banque BQ;BQ/359;20210914;60100000;CompteLib_0029;;;21I61;20210914;EcritureLib_0105;20250720;20,41;0,00;D;BQ/359;;
BQ;Banque BQ;BQ/359;20210914;51200000;CompteLib_0024;;;21I61;20210914;EcritureLib_0105;20250720;0,00;20,41;C;BQ/359;;
BQ;Banque BQ;BQ/360;20210915;51100000;CompteLib_0051;;;21I63;20210915;EcritureLib_0332;20250720;0,00;134,35;C;BQ/360;;
BQ;Banque BQ;BQ/360;20210915;51200000;CompteLib_0024;;;21I63;20210915;EcritureLib_0332;20250720;134,35;0,00;D;BQ/360;;
BQ;Banque BQ;BQ/361;20210915;51100000;CompteLib_0051;;;21I62;20210915;EcritureLib_0333;20250720;0,00;35,85;C;BQ/361;;
BQ;Banque BQ;BQ/361;20210915;51200000;CompteLib_0024;;;21I62;20210915;EcritureLib_0333;20250720;35,85;0,00;D;BQ/361;;
BQ;Banque BQ;BQ/362;20210916;51100000;CompteLib_0051;;;21I74;20210916;EcritureLib_0334;20250720;0,00;176,20;C;BQ/362;;
BQ;Banque BQ;BQ/362;20210916;51200000;CompteLib_0024;;;21I74;20210916;EcritureLib_0334;20250720;176,20;0,00;D;BQ/362;;
BQ;Banque BQ;BQ/363;20210916;62260000;CompteLib_0037;;;21I69;20210916;EcritureLib_0335;20250720;58,50;0,00;D;BQ/363;;
BQ;Banque BQ;BQ/363;20210916;51200000;CompteLib_0024;;;21I69;20210916;EcritureLib_0335;20250720;0,00;70,20;C;BQ/363;;
BQ;Banque BQ;BQ/363;20210916;44566100;CompteLib_0018;;;21I69;20210916;EcritureLib_0335;20250720;11,70;0,00;D;BQ/363;;
BQ;Banque BQ;BQ/364;20210916;62260000;CompteLib_0037;;;21I70;20210916;EcritureLib_0335;20250720;39,00;0,00;D;BQ/364;;
BQ;Banque BQ;BQ/364;20210916;51200000;CompteLib_0024;;;21I70;20210916;EcritureLib_0335;20250720;0,00;46,80;C;BQ/364;;
BQ;Banque BQ;BQ/364;20210916;44566100;CompteLib_0018;;;21I70;20210916;EcritureLib_0335;20250720;7,80;0,00;D;BQ/364;;
BQ;Banque BQ;BQ/365;20210916;60630000;CompteLib_0027;;;21I71;20210916;EcritureLib_0336;20250720;117,84;0,00;D;BQ/365;;
BQ;Banque BQ;BQ/365;20210916;51200000;CompteLib_0024;;;21I71;20210916;EcritureLib_0336;20250720;0,00;117,84;C;BQ/365;;
BQ;Banque BQ;BQ/366;20210916;60100000;CompteLib_0029;;;21I72;20210916;EcritureLib_0336;20250720;11,94;0,00;D;BQ/366;;
BQ;Banque BQ;BQ/366;20210916;51200000;CompteLib_0024;;;21I72;20210916;EcritureLib_0336;20250720;0,00;11,94;C;BQ/366;;
BQ;Banque BQ;BQ/367;20210916;51100000;CompteLib_0051;;;21I73;20210916;EcritureLib_0337;20250720;0,00;9,70;C;BQ/367;;
BQ;Banque BQ;BQ/367;20210916;51200000;CompteLib_0024;;;21I73;20210916;EcritureLib_0337;20250720;9,70;0,00;D;BQ/367;;
BQ;Banque BQ;BQ/368;20210916;60100000;CompteLib_0029;;;21I67;20210916;EcritureLib_0338;20250720;46,61;0,00;D;BQ/368;;
BQ;Banque BQ;BQ/368;20210916;51200000;CompteLib_0024;;;21I67;20210916;EcritureLib_0338;20250720;0,00;46,61;C;BQ/368;;
BQ;Banque BQ;BQ/369;20210916;60100000;CompteLib_0029;;;21I65;20210916;EcritureLib_0307;20250720;7,76;0,00;D;BQ/369;;
BQ;Banque BQ;BQ/369;20210916;51200000;CompteLib_0024;;;21I65;20210916;EcritureLib_0307;20250720;0,00;7,76;C;BQ/369;;
BQ;Banque BQ;BQ/370;20210916;60100000;CompteLib_0029;;;21I66;20210916;EcritureLib_0338;20250720;181,90;0,00;D;BQ/370;;
BQ;Banque BQ;BQ/370;20210916;51200000;CompteLib_0024;;;21I66;20210916;EcritureLib_0338;20250720;0,00;181,90;C;BQ/370;;
BQ;Banque BQ;BQ/371;20210916;62260000;CompteLib_0037;;;21I68;20210916;EcritureLib_0335;20250720;199,00;0,00;D;BQ/371;;
BQ;Banque BQ;BQ/371;20210916;51200000;CompteLib_0024;;;21I68;20210916;EcritureLib_0335;20250720;0,00;238,80;C;BQ/371;;
BQ;Banque BQ;BQ/371;20210916;44566100;CompteLib_0018;;;21I68;20210916;EcritureLib_0335;20250720;39,80;0,00;D;BQ/371;;
BQ;Banque BQ;BQ/372;20210917;60100000;CompteLib_0029;;;21I76;20210917;EcritureLib_0105;20250720;45,35;0,00;D;BQ/372;;
BQ;Banque BQ;BQ/372;20210917;51200000;CompteLib_0024;;;21I76;20210917;EcritureLib_0105;20250720;0,00;45,35;C;BQ/372;;
BQ;Banque BQ;BQ/373;20210917;40100000;CompteLib_0028;FCARBURANT;CARBURANT;21I77;20210917;EcritureLib_0339;20250720;80,00;0,00;D;BQ/373;B;20240731
BQ;Banque BQ;BQ/373;20210917;51200000;CompteLib_0024;;;21I77;20210917;EcritureLib_0339;20250720;0,00;80,00;C;BQ/373;;
BQ;Banque BQ;BQ/374;20210917;40100000;CompteLib_0028;FSPUNTINI;SPUNTINI FOOD'S;21I78;20210917;EcritureLib_0340;20250720;202,98;0,00;D;BQ/374;AT;20240731
BQ;Banque BQ;BQ/374;20210917;51200000;CompteLib_0024;;;21I78;20210917;EcritureLib_0340;20250720;0,00;202,98;C;BQ/374;;
BQ;Banque BQ;BQ/375;20210917;62260000;CompteLib_0037;;;21I79;20210917;EcritureLib_0341;20250720;90,00;0,00;D;BQ/375;;
BQ;Banque BQ;BQ/375;20210917;51200000;CompteLib_0024;;;21I79;20210917;EcritureLib_0341;20250720;0,00;108,00;C;BQ/375;;
BQ;Banque BQ;BQ/375;20210917;44566100;CompteLib_0018;;;21I79;20210917;EcritureLib_0341;20250720;18,00;0,00;D;BQ/375;;
BQ;Banque BQ;BQ/376;20210917;51100000;CompteLib_0051;;;21I80;20210917;EcritureLib_0342;20250720;0,00;63,70;C;BQ/376;;
BQ;Banque BQ;BQ/376;20210917;51200000;CompteLib_0024;;;21I80;20210917;EcritureLib_0342;20250720;63,70;0,00;D;BQ/376;;
BQ;Banque BQ;BQ/377;20210917;51100000;CompteLib_0051;;;21I81;20210917;EcritureLib_0343;20250720;0,00;132,00;C;BQ/377;;
BQ;Banque BQ;BQ/377;20210917;51200000;CompteLib_0024;;;21I81;20210917;EcritureLib_0343;20250720;132,00;0,00;D;BQ/377;;
BQ;Banque BQ;BQ/378;20210918;51100000;CompteLib_0051;;;21I82;20210918;EcritureLib_0344;20250720;0,00;102,30;C;BQ/378;;
BQ;Banque BQ;BQ/378;20210918;51200000;CompteLib_0024;;;21I82;20210918;EcritureLib_0344;20250720;102,30;0,00;D;BQ/378;;
BQ;Banque BQ;BQ/379;20210918;51100000;CompteLib_0051;;;21I83;20210918;EcritureLib_0345;20250720;0,00;351,80;C;BQ/379;;
BQ;Banque BQ;BQ/379;20210918;51200000;CompteLib_0024;;;21I83;20210918;EcritureLib_0345;20250720;351,80;0,00;D;BQ/379;;
BQ;Banque BQ;BQ/380;20210920;51100000;CompteLib_0051;;;21I84;20210920;EcritureLib_0346;20250720;0,00;47,10;C;BQ/380;;
BQ;Banque BQ;BQ/380;20210920;51200000;CompteLib_0024;;;21I84;20210920;EcritureLib_0346;20250720;47,10;0,00;D;BQ/380;;
BQ;Banque BQ;BQ/381;20210920;51100000;CompteLib_0051;;;21I85;20210920;EcritureLib_0347;20250720;0,00;160,70;C;BQ/381;;
BQ;Banque BQ;BQ/381;20210920;51200000;CompteLib_0024;;;21I85;20210920;EcritureLib_0347;20250720;160,70;0,00;D;BQ/381;;
BQ;Banque BQ;BQ/382;20210920;60100000;CompteLib_0029;;;21I86;20210920;EcritureLib_0105;20250720;5,70;0,00;D;BQ/382;;
BQ;Banque BQ;BQ/382;20210920;51200000;CompteLib_0024;;;21I86;20210920;EcritureLib_0105;20250720;0,00;5,70;C;BQ/382;;
BQ;Banque BQ;BQ/383;20210920;61200000;CompteLib_0043;;;21I87;20210920;EcritureLib_0348;20250720;326,91;0,00;D;BQ/383;;
BQ;Banque BQ;BQ/383;20210920;51200000;CompteLib_0024;;;21I87;20210920;EcritureLib_0348;20250720;0,00;326,91;C;BQ/383;;
BQ;Banque BQ;BQ/384;20210920;51100000;CompteLib_0051;;;21I89;20210920;EcritureLib_0349;20250720;0,00;243,50;C;BQ/384;;
BQ;Banque BQ;BQ/384;20210920;51200000;CompteLib_0024;;;21I89;20210920;EcritureLib_0349;20250720;243,50;0,00;D;BQ/384;;
BQ;Banque BQ;BQ/385;20210920;51100000;CompteLib_0051;;;21I88;20210920;EcritureLib_0350;20250720;0,00;136,10;C;BQ/385;;
BQ;Banque BQ;BQ/385;20210920;51200000;CompteLib_0024;;;21I88;20210920;EcritureLib_0350;20250720;136,10;0,00;D;BQ/385;;
BQ;Banque BQ;BQ/386;20210921;60100000;CompteLib_0029;;;21I90;20210921;EcritureLib_0105;20250720;52,56;0,00;D;BQ/386;;
BQ;Banque BQ;BQ/386;20210921;51200000;CompteLib_0024;;;21I90;20210921;EcritureLib_0105;20250720;0,00;52,56;C;BQ/386;;
BQ;Banque BQ;BQ/387;20210922;40100000;CompteLib_0028;FSACEM;SACEM / SPRE;21I96;20210922;EcritureLib_0351;20250720;116,93;0,00;D;BQ/387;C;20240731
BQ;Banque BQ;BQ/387;20210922;51200000;CompteLib_0024;;;21I96;20210922;EcritureLib_0351;20250720;0,00;116,93;C;BQ/387;;
BQ;Banque BQ;BQ/388;20210922;51100000;CompteLib_0051;;;21I98;20210922;EcritureLib_0352;20250720;0,00;111,80;C;BQ/388;;
BQ;Banque BQ;BQ/388;20210922;51200000;CompteLib_0024;;;21I98;20210922;EcritureLib_0352;20250720;111,80;0,00;D;BQ/388;;
BQ;Banque BQ;BQ/389;20210922;66100000;CompteLib_0040;;;21I92;20210922;EcritureLib_0353;20250720;4,67;0,00;D;BQ/389;;
BQ;Banque BQ;BQ/389;20210922;51200000;CompteLib_0024;;;21I92;20210922;EcritureLib_0353;20250720;0,00;4,67;C;BQ/389;;
BQ;Banque BQ;BQ/390;20210922;66100000;CompteLib_0040;;;21I93;20210922;EcritureLib_0354;20250720;5,04;0,00;D;BQ/390;;
BQ;Banque BQ;BQ/390;20210922;51200000;CompteLib_0024;;;21I93;20210922;EcritureLib_0354;20250720;0,00;5,04;C;BQ/390;;
BQ;Banque BQ;BQ/391;20210922;51120000;CompteLib_0053;;;21I94;20210922;EcritureLib_0355;20250720;0,00;5,50;C;BQ/391;;
BQ;Banque BQ;BQ/391;20210922;51200000;CompteLib_0024;;;21I94;20210922;EcritureLib_0355;20250720;5,50;0,00;D;BQ/391;;
BQ;Banque BQ;BQ/392;20210922;65100000;CompteLib_0030;;;21I95;20210922;EcritureLib_0356;20250720;83,76;0,00;D;BQ/392;;
BQ;Banque BQ;BQ/392;20210922;51200000;CompteLib_0024;;;21I95;20210922;EcritureLib_0356;20250720;0,00;83,76;C;BQ/392;;
BQ;Banque BQ;BQ/393;20210922;51100000;CompteLib_0051;;;21I97;20210922;EcritureLib_0357;20250720;0,00;17,50;C;BQ/393;;
BQ;Banque BQ;BQ/393;20210922;51200000;CompteLib_0024;;;21I97;20210922;EcritureLib_0357;20250720;17,50;0,00;D;BQ/393;;
BQ;Banque BQ;BQ/394;20210922;16410000;CompteLib_0004;;;21I91;20210922;EcritureLib_0358;20250720;197,72;0,00;D;BQ/394;;
BQ;Banque BQ;BQ/394;20210922;51200000;CompteLib_0024;;;21I91;20210922;EcritureLib_0358;20250720;0,00;197,72;C;BQ/394;;
BQ;Banque BQ;BQ/395;20210923;51100000;CompteLib_0051;;;21I103;20210923;EcritureLib_0359;20250720;0,00;165,70;C;BQ/395;;
BQ;Banque BQ;BQ/395;20210923;51200000;CompteLib_0024;;;21I103;20210923;EcritureLib_0359;20250720;165,70;0,00;D;BQ/395;;
BQ;Banque BQ;BQ/396;20210923;51100000;CompteLib_0051;;;21I102;20210923;EcritureLib_0360;20250720;0,00;7,30;C;BQ/396;;
BQ;Banque BQ;BQ/396;20210923;51200000;CompteLib_0024;;;21I102;20210923;EcritureLib_0360;20250720;7,30;0,00;D;BQ/396;;
BQ;Banque BQ;BQ/397;20210923;40100000;CompteLib_0028;FNOYEZ;NOYEZ;21I101;20210923;EcritureLib_0361;20250720;352,70;0,00;D;BQ/397;A;20240826
BQ;Banque BQ;BQ/397;20210923;51200000;CompteLib_0024;;;21I101;20210923;EcritureLib_0361;20250720;0,00;352,70;C;BQ/397;;
BQ;Banque BQ;BQ/398;20210923;60100000;CompteLib_0029;;;21I100;20210923;EcritureLib_0307;20250720;14,82;0,00;D;BQ/398;;
BQ;Banque BQ;BQ/398;20210923;51200000;CompteLib_0024;;;21I100;20210923;EcritureLib_0307;20250720;0,00;14,82;C;BQ/398;;
BQ;Banque BQ;BQ/399;20210924;60630000;CompteLib_0027;;;21I106;20210924;EcritureLib_0362;20250720;42,96;0,00;D;BQ/399;;
BQ;Banque BQ;BQ/399;20210924;51200000;CompteLib_0024;;;21I106;20210924;EcritureLib_0362;20250720;0,00;42,96;C;BQ/399;;
BQ;Banque BQ;BQ/400;20210924;51100000;CompteLib_0051;;;21I108;20210924;EcritureLib_0363;20250720;0,00;146,00;C;BQ/400;;
BQ;Banque BQ;BQ/400;20210924;51200000;CompteLib_0024;;;21I108;20210924;EcritureLib_0363;20250720;146,00;0,00;D;BQ/400;;
BQ;Banque BQ;BQ/401;20210924;60100000;CompteLib_0029;;;21I109;20210924;EcritureLib_0105;20250720;55,17;0,00;D;BQ/401;;
BQ;Banque BQ;BQ/401;20210924;51200000;CompteLib_0024;;;21I109;20210924;EcritureLib_0105;20250720;0,00;55,17;C;BQ/401;;
BQ;Banque BQ;BQ/402;20210924;60100000;CompteLib_0029;;;21I110;20210924;EcritureLib_0364;20250720;99,55;0,00;D;BQ/402;;
BQ;Banque BQ;BQ/402;20210924;51200000;CompteLib_0024;;;21I110;20210924;EcritureLib_0364;20250720;0,00;99,55;C;BQ/402;;
BQ;Banque BQ;BQ/403;20210924;60100000;CompteLib_0029;;;21I111;20210924;EcritureLib_0364;20250720;26,78;0,00;D;BQ/403;;
BQ;Banque BQ;BQ/403;20210924;51200000;CompteLib_0024;;;21I111;20210924;EcritureLib_0364;20250720;0,00;26,78;C;BQ/403;;
BQ;Banque BQ;BQ/404;20210924;60100000;CompteLib_0029;;;21I105;20210924;EcritureLib_0362;20250720;58,22;0,00;D;BQ/404;;
BQ;Banque BQ;BQ/404;20210924;51200000;CompteLib_0024;;;21I105;20210924;EcritureLib_0362;20250720;0,00;58,22;C;BQ/404;;
BQ;Banque BQ;BQ/405;20210924;51100000;CompteLib_0051;;;21I107;20210924;EcritureLib_0365;20250720;0,00;13,30;C;BQ/405;;
BQ;Banque BQ;BQ/405;20210924;51200000;CompteLib_0024;;;21I107;20210924;EcritureLib_0365;20250720;13,30;0,00;D;BQ/405;;
BQ;Banque BQ;BQ/406;20210925;51100000;CompteLib_0051;;;21I112;20210925;EcritureLib_0366;20250720;0,00;197,50;C;BQ/406;;
BQ;Banque BQ;BQ/406;20210925;51200000;CompteLib_0024;;;21I112;20210925;EcritureLib_0366;20250720;197,50;0,00;D;BQ/406;;
BQ;Banque BQ;BQ/407;20210925;51100000;CompteLib_0051;;;21I113;20210925;EcritureLib_0367;20250720;0,00;317,00;C;BQ/407;;
BQ;Banque BQ;BQ/407;20210925;51200000;CompteLib_0024;;;21I113;20210925;EcritureLib_0367;20250720;317,00;0,00;D;BQ/407;;
BQ;Banque BQ;BQ/408;20210927;42100000;CompteLib_0010;;;21I119;20210927;EcritureLib_0368;20250720;1185,79;0,00;D;BQ/408;F;20240802
BQ;Banque BQ;BQ/408;20210927;51200000;CompteLib_0024;;;21I119;20210927;EcritureLib_0368;20250720;0,00;1185,79;C;BQ/408;;
BQ;Banque BQ;BQ/409;20210927;60100000;CompteLib_0029;;;21I117;20210927;EcritureLib_0105;20250720;60,65;0,00;D;BQ/409;;
BQ;Banque BQ;BQ/409;20210927;51200000;CompteLib_0024;;;21I117;20210927;EcritureLib_0105;20250720;0,00;60,65;C;BQ/409;;
BQ;Banque BQ;BQ/410;20210927;51100000;CompteLib_0051;;;21I116;20210927;EcritureLib_0369;20250720;0,00;415,90;C;BQ/410;;
BQ;Banque BQ;BQ/410;20210927;51200000;CompteLib_0024;;;21I116;20210927;EcritureLib_0369;20250720;415,90;0,00;D;BQ/410;;
BQ;Banque BQ;BQ/411;20210927;40100000;CompteLib_0028;FSPUNTINI;SPUNTINI FOOD'S;21I120;20210927;EcritureLib_0370;20250720;335,88;0,00;D;BQ/411;AU;20240731
BQ;Banque BQ;BQ/411;20210927;51200000;CompteLib_0024;;;21I120;20210927;EcritureLib_0370;20250720;0,00;335,88;C;BQ/411;;
BQ;Banque BQ;BQ/412;20210927;51100000;CompteLib_0051;;;21I115;20210927;EcritureLib_0371;20250720;0,00;42,25;C;BQ/412;;
BQ;Banque BQ;BQ/412;20210927;51200000;CompteLib_0024;;;21I115;20210927;EcritureLib_0371;20250720;42,25;0,00;D;BQ/412;;
BQ;Banque BQ;BQ/413;20210927;43703000;CompteLib_0045;;;21I121;20210927;EcritureLib_0372;20250720;57,55;0,00;D;BQ/413;E;20240826
BQ;Banque BQ;BQ/413;20210927;51200000;CompteLib_0024;;;21I121;20210927;EcritureLib_0372;20250720;0,00;57,55;C;BQ/413;;
BQ;Banque BQ;BQ/414;20210927;51100000;CompteLib_0051;;;21I122;20210927;EcritureLib_0373;20250720;0,00;65,70;C;BQ/414;;
BQ;Banque BQ;BQ/414;20210927;51200000;CompteLib_0024;;;21I122;20210927;EcritureLib_0373;20250720;65,70;0,00;D;BQ/414;;
BQ;Banque BQ;BQ/415;20210927;51100000;CompteLib_0051;;;21I123;20210927;EcritureLib_0374;20250720;0,00;289,28;C;BQ/415;;
BQ;Banque BQ;BQ/415;20210927;51200000;CompteLib_0024;;;21I123;20210927;EcritureLib_0374;20250720;289,28;0,00;D;BQ/415;;
BQ;Banque BQ;BQ/416;20210927;60100000;CompteLib_0029;;;21I118;20210927;EcritureLib_0105;20250720;29,37;0,00;D;BQ/416;;
BQ;Banque BQ;BQ/416;20210927;51200000;CompteLib_0024;;;21I118;20210927;EcritureLib_0105;20250720;0,00;29,37;C;BQ/416;;
BQ;Banque BQ;BQ/417;20210929;51100000;CompteLib_0051;;;21I127;20210929;EcritureLib_0375;20250720;0,00;86,40;C;BQ/417;;
BQ;Banque BQ;BQ/417;20210929;51200000;CompteLib_0024;;;21I127;20210929;EcritureLib_0375;20250720;86,40;0,00;D;BQ/417;;
BQ;Banque BQ;BQ/418;20210929;60100000;CompteLib_0029;;;21I125;20210929;EcritureLib_0307;20250720;34,23;0,00;D;BQ/418;;
BQ;Banque BQ;BQ/418;20210929;51200000;CompteLib_0024;;;21I125;20210929;EcritureLib_0307;20250720;0,00;34,23;C;BQ/418;;
BQ;Banque BQ;BQ/419;20210929;62600000;CompteLib_0042;;;21I126;20210929;EcritureLib_0376;20250720;50,00;0,00;D;BQ/419;;
BQ;Banque BQ;BQ/419;20210929;51200000;CompteLib_0024;;;21I126;20210929;EcritureLib_0376;20250720;0,00;60,00;C;BQ/419;;
BQ;Banque BQ;BQ/419;20210929;44566100;CompteLib_0018;;;21I126;20210929;EcritureLib_0376;20250720;10,00;0,00;D;BQ/419;;
BQ;Banque BQ;BQ/420;20210930;51100000;CompteLib_0051;;;21I135;20210930;EcritureLib_0377;20250720;0,00;183,50;C;BQ/420;;
BQ;Banque BQ;BQ/420;20210930;51200000;CompteLib_0024;;;21I135;20210930;EcritureLib_0377;20250720;183,50;0,00;D;BQ/420;;
BQ;Banque BQ;BQ/421;20210930;40100000;CompteLib_0028;FMETRO;METRO;21I130;20210930;EcritureLib_0085;20250720;60,22;0,00;D;BQ/421;A;20240731
BQ;Banque BQ;BQ/421;20210930;51200000;CompteLib_0024;;;21I130;20210930;EcritureLib_0085;20250720;0,00;60,22;C;BQ/421;;
BQ;Banque BQ;BQ/422;20210930;60612000;CompteLib_0039;;;21I133;20210930;EcritureLib_0378;20250720;623,05;0,00;D;BQ/422;;
BQ;Banque BQ;BQ/422;20210930;51200000;CompteLib_0024;;;21I133;20210930;EcritureLib_0378;20250720;0,00;623,05;C;BQ/422;;
BQ;Banque BQ;BQ/423;20210930;51100000;CompteLib_0051;;;21I134;20210930;EcritureLib_0379;20250720;0,00;25,00;C;BQ/423;;
BQ;Banque BQ;BQ/423;20210930;51200000;CompteLib_0024;;;21I134;20210930;EcritureLib_0379;20250720;25,00;0,00;D;BQ/423;;
BQ;Banque BQ;BQ/424;20210930;60100000;CompteLib_0029;;;21I129;20210930;EcritureLib_0307;20250720;23,30;0,00;D;BQ/424;;
BQ;Banque BQ;BQ/424;20210930;51200000;CompteLib_0024;;;21I129;20210930;EcritureLib_0307;20250720;0,00;23,30;C;BQ/424;;
BQ;Banque BQ;BQ/425;20210930;60100000;CompteLib_0029;;;21I132;20210930;EcritureLib_0380;20250720;64,32;0,00;D;BQ/425;;
BQ;Banque BQ;BQ/425;20210930;51200000;CompteLib_0024;;;21I132;20210930;EcritureLib_0380;20250720;0,00;64,32;C;BQ/425;;
BQ;Banque BQ;BQ/426;20210930;60100000;CompteLib_0029;;;21I131;20210930;EcritureLib_0380;20250720;125,94;0,00;D;BQ/426;;
BQ;Banque BQ;BQ/426;20210930;51200000;CompteLib_0024;;;21I131;20210930;EcritureLib_0380;20250720;0,00;125,94;C;BQ/426;;
BQ;Banque BQ;BQ/427;20211001;61600000;CompteLib_0035;;;21J1;20211001;EcritureLib_0381;20250720;92,12;0,00;D;BQ/427;;
BQ;Banque BQ;BQ/427;20211001;51200000;CompteLib_0024;;;21J1;20211001;EcritureLib_0381;20250720;0,00;92,12;C;BQ/427;;
BQ;Banque BQ;BQ/428;20211001;40100000;CompteLib_0028;FSPUNTINI;SPUNTINI FOOD'S;21J3;20211001;EcritureLib_0382;20250720;210,42;0,00;D;BQ/428;AV;20240731
BQ;Banque BQ;BQ/428;20211001;51200000;CompteLib_0024;;;21J3;20211001;EcritureLib_0382;20250720;0,00;210,42;C;BQ/428;;
BQ;Banque BQ;BQ/429;20211001;51100000;CompteLib_0051;;;21J4;20211001;EcritureLib_0383;20250720;0,00;27,40;C;BQ/429;;
BQ;Banque BQ;BQ/429;20211001;51200000;CompteLib_0024;;;21J4;20211001;EcritureLib_0383;20250720;27,40;0,00;D;BQ/429;;
BQ;Banque BQ;BQ/430;20211001;60100000;CompteLib_0029;;;21J2;20211001;EcritureLib_0105;20250720;42,80;0,00;D;BQ/430;;
BQ;Banque BQ;BQ/430;20211001;51200000;CompteLib_0024;;;21J2;20211001;EcritureLib_0105;20250720;0,00;42,80;C;BQ/430;;
BQ;Banque BQ;BQ/431;20211001;51100000;CompteLib_0051;;;21J5;20211001;EcritureLib_0384;20250720;0,00;130,50;C;BQ/431;;
BQ;Banque BQ;BQ/431;20211001;51200000;CompteLib_0024;;;21J5;20211001;EcritureLib_0384;20250720;130,50;0,00;D;BQ/431;;
BQ;Banque BQ;BQ/432;20211002;51100000;CompteLib_0051;;;21J8;20211002;EcritureLib_0385;20250720;0,00;509,00;C;BQ/432;;
BQ;Banque BQ;BQ/432;20211002;51200000;CompteLib_0024;;;21J8;20211002;EcritureLib_0385;20250720;509,00;0,00;D;BQ/432;;
BQ;Banque BQ;BQ/433;20211002;51100000;CompteLib_0051;;;21J7;20211002;EcritureLib_0386;20250720;0,00;73,00;C;BQ/433;;
BQ;Banque BQ;BQ/433;20211002;51200000;CompteLib_0024;;;21J7;20211002;EcritureLib_0386;20250720;73,00;0,00;D;BQ/433;;
BQ;Banque BQ;BQ/434;20211004;51140000;CompteLib_0052;;;21J19;20211004;EcritureLib_0387;20250720;0,00;248,52;C;BQ/434;;
BQ;Banque BQ;BQ/434;20211004;51200000;CompteLib_0024;;;21J19;20211004;EcritureLib_0387;20250720;248,52;0,00;D;BQ/434;;
BQ;Banque BQ;BQ/435;20211004;51100000;CompteLib_0051;;;21J22;20211004;EcritureLib_0388;20250720;0,00;197,39;C;BQ/435;;
BQ;Banque BQ;BQ/435;20211004;51200000;CompteLib_0024;;;21J22;20211004;EcritureLib_0388;20250720;197,39;0,00;D;BQ/435;;
BQ;Banque BQ;BQ/436;20211004;51100000;CompteLib_0051;;;21J21;20211004;EcritureLib_0389;20250720;0,00;121,00;C;BQ/436;;
BQ;Banque BQ;BQ/436;20211004;51200000;CompteLib_0024;;;21J21;20211004;EcritureLib_0389;20250720;121,00;0,00;D;BQ/436;;
BQ;Banque BQ;BQ/437;20211004;60100000;CompteLib_0029;;;21J16;20211004;EcritureLib_0105;20250720;23,70;0,00;D;BQ/437;;
BQ;Banque BQ;BQ/437;20211004;51200000;CompteLib_0024;;;21J16;20211004;EcritureLib_0105;20250720;0,00;23,70;C;BQ/437;;
BQ;Banque BQ;BQ/438;20211004;40100000;CompteLib_0028;FCOUTURIER;COUTURIER;21J17;20211004;EcritureLib_0390;20250720;75,00;0,00;D;BQ/438;A;20240731
BQ;Banque BQ;BQ/438;20211004;51200000;CompteLib_0024;;;21J17;20211004;EcritureLib_0390;20250720;0,00;75,00;C;BQ/438;;
BQ;Banque BQ;BQ/439;20211004;51120000;CompteLib_0053;;;21J18;20211004;EcritureLib_0391;20250720;0,00;7,30;C;BQ/439;;
BQ;Banque BQ;BQ/439;20211004;51200000;CompteLib_0024;;;21J18;20211004;EcritureLib_0391;20250720;7,30;0,00;D;BQ/439;;
BQ;Banque BQ;BQ/440;20211004;61600000;CompteLib_0035;;;21J20;20211004;EcritureLib_0392;20250720;24,08;0,00;D;BQ/440;;
BQ;Banque BQ;BQ/440;20211004;51200000;CompteLib_0024;;;21J20;20211004;EcritureLib_0392;20250720;0,00;24,08;C;BQ/440;;
BQ;Banque BQ;BQ/441;20211004;62700000;CompteLib_0036;;;21J10;20211004;EcritureLib_0393;20250720;36,05;0,00;D;BQ/441;;
BQ;Banque BQ;BQ/441;20211004;51200000;CompteLib_0024;;;21J10;20211004;EcritureLib_0393;20250720;0,00;36,05;C;BQ/441;;
BQ;Banque BQ;BQ/442;20211004;62261000;CompteLib_0037;;;21J11;20211004;EcritureLib_0394;20250720;80,00;0,00;D;BQ/442;;
BQ;Banque BQ;BQ/442;20211004;44566100;CompteLib_0018;;;21J11;20211004;EcritureLib_0394;20250720;16,00;0,00;D;BQ/442;;
BQ;Banque BQ;BQ/442;20211004;51200000;CompteLib_0024;;;21J11;20211004;EcritureLib_0394;20250720;0,00;96,00;C;BQ/442;;
BQ;Banque BQ;BQ/443;20211004;51100000;CompteLib_0051;;;21J12;20211004;EcritureLib_0395;20250720;0,00;34,00;C;BQ/443;;
BQ;Banque BQ;BQ/443;20211004;51200000;CompteLib_0024;;;21J12;20211004;EcritureLib_0395;20250720;34,00;0,00;D;BQ/443;;
BQ;Banque BQ;BQ/444;20211004;51100000;CompteLib_0051;;;21J13;20211004;EcritureLib_0396;20250720;0,00;193,19;C;BQ/444;;
BQ;Banque BQ;BQ/444;20211004;51200000;CompteLib_0024;;;21J13;20211004;EcritureLib_0396;20250720;193,19;0,00;D;BQ/444;;
BQ;Banque BQ;BQ/445;20211004;40100000;CompteLib_0028;FCARBURANT;CARBURANT;21J14;20211004;EcritureLib_0124;20250720;80,02;0,00;D;BQ/445;A;20240731
BQ;Banque BQ;BQ/445;20211004;51200000;CompteLib_0024;;;21J14;20211004;EcritureLib_0124;20250720;0,00;80,02;C;BQ/445;;
BQ;Banque BQ;BQ/446;20211004;60100000;CompteLib_0029;;;21J15;20211004;EcritureLib_0105;20250720;44,61;0,00;D;BQ/446;;
BQ;Banque BQ;BQ/446;20211004;51200000;CompteLib_0024;;;21J15;20211004;EcritureLib_0105;20250720;0,00;44,61;C;BQ/446;;
BQ;Banque BQ;BQ/447;20211005;61600000;CompteLib_0035;;;21J24;20211005;EcritureLib_0397;20250720;55,40;0,00;D;BQ/447;;
BQ;Banque BQ;BQ/447;20211005;51200000;CompteLib_0024;;;21J24;20211005;EcritureLib_0397;20250720;0,00;55,40;C;BQ/447;;
BQ;Banque BQ;BQ/448;20211005;60612000;CompteLib_0039;;;21J25;20211005;EcritureLib_0058;20250720;0,00;130,00;C;BQ/448;;
BQ;Banque BQ;BQ/448;20211005;51200000;CompteLib_0024;;;21J25;20211005;EcritureLib_0058;20250720;130,00;0,00;D;BQ/448;;
BQ;Banque BQ;BQ/449;20211005;51140000;CompteLib_0052;;;21J26;20211005;EcritureLib_0398;20250720;0,00;65,48;C;BQ/449;;
BQ;Banque BQ;BQ/449;20211005;51200000;CompteLib_0024;;;21J26;20211005;EcritureLib_0398;20250720;65,48;0,00;D;BQ/449;;
BQ;Banque BQ;BQ/450;20211005;61321000;CompteLib_0038;;;21J27;20211005;EcritureLib_0084;20250720;1000,00;0,00;D;BQ/450;;
BQ;Banque BQ;BQ/450;20211005;44566100;CompteLib_0018;;;21J27;20211005;EcritureLib_0084;20250720;200,00;0,00;D;BQ/450;;
BQ;Banque BQ;BQ/450;20211005;51200000;CompteLib_0024;;;21J27;20211005;EcritureLib_0084;20250720;0,00;1200,00;C;BQ/450;;
BQ;Banque BQ;BQ/451;20211006;60100000;CompteLib_0029;;;21J30;20211006;EcritureLib_0105;20250720;35,64;0,00;D;BQ/451;;
BQ;Banque BQ;BQ/451;20211006;51200000;CompteLib_0024;;;21J30;20211006;EcritureLib_0105;20250720;0,00;35,64;C;BQ/451;;
BQ;Banque BQ;BQ/452;20211006;40100000;CompteLib_0028;FALDI;ALDI;21J28;20211006;EcritureLib_0126;20250720;17,54;0,00;D;BQ/452;A;20240731
BQ;Banque BQ;BQ/452;20211006;51200000;CompteLib_0024;;;21J28;20211006;EcritureLib_0126;20250720;0,00;17,54;C;BQ/452;;
BQ;Banque BQ;BQ/453;20211006;60100000;CompteLib_0029;;;21J29;20211006;EcritureLib_0307;20250720;39,93;0,00;D;BQ/453;;
BQ;Banque BQ;BQ/453;20211006;51200000;CompteLib_0024;;;21J29;20211006;EcritureLib_0307;20250720;0,00;39,93;C;BQ/453;;
BQ;Banque BQ;BQ/454;20211006;51140000;CompteLib_0052;;;21J31;20211006;EcritureLib_0399;20250720;0,00;158,42;C;BQ/454;;
BQ;Banque BQ;BQ/454;20211006;51200000;CompteLib_0024;;;21J31;20211006;EcritureLib_0399;20250720;158,42;0,00;D;BQ/454;;
BQ;Banque BQ;BQ/455;20211006;51140000;CompteLib_0052;;;21J32;20211006;EcritureLib_0400;20250720;0,00;141,29;C;BQ/455;;
BQ;Banque BQ;BQ/455;20211006;51200000;CompteLib_0024;;;21J32;20211006;EcritureLib_0400;20250720;141,29;0,00;D;BQ/455;;
BQ;Banque BQ;BQ/456;20211006;51100000;CompteLib_0051;;;21J33;20211006;EcritureLib_0401;20250720;0,00;29,20;C;BQ/456;;
BQ;Banque BQ;BQ/456;20211006;51200000;CompteLib_0024;;;21J33;20211006;EcritureLib_0401;20250720;29,20;0,00;D;BQ/456;;
BQ;Banque BQ;BQ/457;20211006;51100000;CompteLib_0051;;;21J34;20211006;EcritureLib_0402;20250720;0,00;87,00;C;BQ/457;;
BQ;Banque BQ;BQ/457;20211006;51200000;CompteLib_0024;;;21J34;20211006;EcritureLib_0402;20250720;87,00;0,00;D;BQ/457;;
BQ;Banque BQ;BQ/458;20211007;51100000;CompteLib_0051;;;21J37;20211007;EcritureLib_0403;20250720;0,00;140,70;C;BQ/458;;
BQ;Banque BQ;BQ/458;20211007;51200000;CompteLib_0024;;;21J37;20211007;EcritureLib_0403;20250720;140,70;0,00;D;BQ/458;;
BQ;Banque BQ;BQ/459;20211007;51140000;CompteLib_0052;;;21J36;20211007;EcritureLib_0404;20250720;0,00;36,18;C;BQ/459;;
BQ;Banque BQ;BQ/459;20211007;51200000;CompteLib_0024;;;21J36;20211007;EcritureLib_0404;20250720;36,18;0,00;D;BQ/459;;
BQ;Banque BQ;BQ/460;20211008;60100000;CompteLib_0029;;;21J39;20211008;EcritureLib_0405;20250720;13,05;0,00;D;BQ/460;;
BQ;Banque BQ;BQ/460;20211008;51200000;CompteLib_0024;;;21J39;20211008;EcritureLib_0405;20250720;0,00;13,05;C;BQ/460;;
BQ;Banque BQ;BQ/461;20211008;51100000;CompteLib_0051;;;21J44;20211008;EcritureLib_0406;20250720;0,00;4,80;C;BQ/461;;
BQ;Banque BQ;BQ/461;20211008;51200000;CompteLib_0024;;;21J44;20211008;EcritureLib_0406;20250720;4,80;0,00;D;BQ/461;;
BQ;Banque BQ;BQ/462;20211008;60100000;CompteLib_0029;;;21J38;20211008;EcritureLib_0405;20250720;283,14;0,00;D;BQ/462;;
BQ;Banque BQ;BQ/462;20211008;51200000;CompteLib_0024;;;21J38;20211008;EcritureLib_0405;20250720;0,00;283,14;C;BQ/462;;
BQ;Banque BQ;BQ/463;20211008;42100000;CompteLib_0010;;;21J41;20211008;EcritureLib_0407;20250720;284,70;0,00;D;BQ/463;I;20240802
BQ;Banque BQ;BQ/463;20211008;51200000;CompteLib_0024;;;21J41;20211008;EcritureLib_0407;20250720;0,00;284,70;C;BQ/463;;
BQ;Banque BQ;BQ/464;20211008;42100000;CompteLib_0010;;;21J42;20211008;EcritureLib_0408;20250720;547,69;0,00;D;BQ/464;K;20240802
BQ;Banque BQ;BQ/464;20211008;51200000;CompteLib_0024;;;21J42;20211008;EcritureLib_0408;20250720;0,00;547,69;C;BQ/464;;
BQ;Banque BQ;BQ/465;20211008;42100000;CompteLib_0010;;;21J43;20211008;EcritureLib_0409;20250720;517,30;0,00;D;BQ/465;I;20240802
BQ;Banque BQ;BQ/465;20211008;51200000;CompteLib_0024;;;21J43;20211008;EcritureLib_0409;20250720;0,00;517,30;C;BQ/465;;
BQ;Banque BQ;BQ/466;20211008;51100000;CompteLib_0051;;;21J45;20211008;EcritureLib_0410;20250720;0,00;77,60;C;BQ/466;;
BQ;Banque BQ;BQ/466;20211008;51200000;CompteLib_0024;;;21J45;20211008;EcritureLib_0410;20250720;77,60;0,00;D;BQ/466;;
BQ;Banque BQ;BQ/467;20211008;53000000;CompteLib_0025;;;21J40;20211008;EcritureLib_0411;20250720;0,00;3580,00;C;BQ/467;;
BQ;Banque BQ;BQ/467;20211008;51200000;CompteLib_0024;;;21J40;20211008;EcritureLib_0411;20250720;3580,00;0,00;D;BQ/467;;
BQ;Banque BQ;BQ/468;20211009;51100000;CompteLib_0051;;;21J47;20211009;EcritureLib_0412;20250720;0,00;305,00;C;BQ/468;;
BQ;Banque BQ;BQ/468;20211009;51200000;CompteLib_0024;;;21J47;20211009;EcritureLib_0412;20250720;305,00;0,00;D;BQ/468;;
BQ;Banque BQ;BQ/469;20211009;51100000;CompteLib_0051;;;21J46;20211009;EcritureLib_0413;20250720;0,00;34,30;C;BQ/469;;
BQ;Banque BQ;BQ/469;20211009;51200000;CompteLib_0024;;;21J46;20211009;EcritureLib_0413;20250720;34,30;0,00;D;BQ/469;;
BQ;Banque BQ;BQ/470;20211010;16400000;CompteLib_0004;;;21J48;20211010;EcritureLib_0414;20250720;672,94;0,00;D;BQ/470;;
BQ;Banque BQ;BQ/470;20211010;51200000;CompteLib_0024;;;21J48;20211010;EcritureLib_0414;20250720;0,00;672,94;C;BQ/470;;
BQ;Banque BQ;BQ/471;20211010;66100000;CompteLib_0040;;;21J49;20211010;EcritureLib_0415;20250720;31,66;0,00;D;BQ/471;;
BQ;Banque BQ;BQ/471;20211010;51200000;CompteLib_0024;;;21J49;20211010;EcritureLib_0415;20250720;0,00;31,66;C;BQ/471;;
BQ;Banque BQ;BQ/472;20211011;40100000;CompteLib_0028;FRFIL;RFIL;21J59;20211011;EcritureLib_0416;20250720;661,44;0,00;D;BQ/472;A;20240731
BQ;Banque BQ;BQ/472;20211011;51200000;CompteLib_0024;;;21J59;20211011;EcritureLib_0416;20250720;0,00;661,44;C;BQ/472;;
BQ;Banque BQ;BQ/473;20211011;51100000;CompteLib_0051;;;21J60;20211011;EcritureLib_0417;20250720;0,00;28,92;C;BQ/473;;
BQ;Banque BQ;BQ/473;20211011;51200000;CompteLib_0024;;;21J60;20211011;EcritureLib_0417;20250720;28,92;0,00;D;BQ/473;;
BQ;Banque BQ;BQ/474;20211011;51100000;CompteLib_0051;;;21J61;20211011;EcritureLib_0418;20250720;0,00;279,90;C;BQ/474;;
BQ;Banque BQ;BQ/474;20211011;51200000;CompteLib_0024;;;21J61;20211011;EcritureLib_0418;20250720;279,90;0,00;D;BQ/474;;
BQ;Banque BQ;BQ/475;20211011;51100000;CompteLib_0051;;;21J50;20211011;EcritureLib_0419;20250720;0,00;46,30;C;BQ/475;;
BQ;Banque BQ;BQ/475;20211011;51200000;CompteLib_0024;;;21J50;20211011;EcritureLib_0419;20250720;46,30;0,00;D;BQ/475;;
BQ;Banque BQ;BQ/476;20211011;51100000;CompteLib_0051;;;21J51;20211011;EcritureLib_0420;20250720;0,00;466,37;C;BQ/476;;
BQ;Banque BQ;BQ/476;20211011;51200000;CompteLib_0024;;;21J51;20211011;EcritureLib_0420;20250720;466,37;0,00;D;BQ/476;;
BQ;Banque BQ;BQ/477;20211011;60100000;CompteLib_0029;;;21J52;20211011;EcritureLib_0307;20250720;26,89;0,00;D;BQ/477;;
BQ;Banque BQ;BQ/477;20211011;51200000;CompteLib_0024;;;21J52;20211011;EcritureLib_0307;20250720;0,00;26,89;C;BQ/477;;
BQ;Banque BQ;BQ/478;20211011;60100000;CompteLib_0029;;;21J53;20211011;EcritureLib_0307;20250720;24,53;0,00;D;BQ/478;;
BQ;Banque BQ;BQ/478;20211011;51200000;CompteLib_0024;;;21J53;20211011;EcritureLib_0307;20250720;0,00;24,53;C;BQ/478;;
BQ;Banque BQ;BQ/479;20211011;60100000;CompteLib_0029;;;21J54;20211011;EcritureLib_0105;20250720;15,74;0,00;D;BQ/479;;
BQ;Banque BQ;BQ/479;20211011;51200000;CompteLib_0024;;;21J54;20211011;EcritureLib_0105;20250720;0,00;15,74;C;BQ/479;;
BQ;Banque BQ;BQ/480;20211011;60100000;CompteLib_0029;;;21J55;20211011;EcritureLib_0421;20250720;297,85;0,00;D;BQ/480;;
BQ;Banque BQ;BQ/480;20211011;51200000;CompteLib_0024;;;21J55;20211011;EcritureLib_0421;20250720;0,00;297,85;C;BQ/480;;
BQ;Banque BQ;BQ/481;20211011;60100000;CompteLib_0029;;;21J56;20211011;EcritureLib_0421;20250720;59,44;0,00;D;BQ/481;;
BQ;Banque BQ;BQ/481;20211011;51200000;CompteLib_0024;;;21J56;20211011;EcritureLib_0421;20250720;0,00;59,44;C;BQ/481;;
BQ;Banque BQ;BQ/482;20211011;62700000;CompteLib_0036;;;21J57;20211011;EcritureLib_0422;20250720;10,90;0,00;D;BQ/482;;
BQ;Banque BQ;BQ/482;20211011;51200000;CompteLib_0024;;;21J57;20211011;EcritureLib_0422;20250720;0,00;10,90;C;BQ/482;;
BQ;Banque BQ;BQ/483;20211011;61350000;CompteLib_0041;;;21J58;20211011;EcritureLib_0423;20250720;142,74;0,00;D;BQ/483;;
BQ;Banque BQ;BQ/483;20211011;51200000;CompteLib_0024;;;21J58;20211011;EcritureLib_0423;20250720;0,00;142,74;C;BQ/483;;
BQ;Banque BQ;BQ/484;20211013;51100000;CompteLib_0051;;;21J64;20211013;EcritureLib_0424;20250720;0,00;17,00;C;BQ/484;;
BQ;Banque BQ;BQ/484;20211013;51200000;CompteLib_0024;;;21J64;20211013;EcritureLib_0424;20250720;17,00;0,00;D;BQ/484;;
BQ;Banque BQ;BQ/485;20211013;44566100;CompteLib_0018;;;21J63;20211013;EcritureLib_0425;20250720;39,80;0,00;D;BQ/485;;
BQ;Banque BQ;BQ/485;20211013;62260000;CompteLib_0037;;;21J63;20211013;EcritureLib_0425;20250720;199,00;0,00;D;BQ/485;;
BQ;Banque BQ;BQ/485;20211013;51200000;CompteLib_0024;;;21J63;20211013;EcritureLib_0425;20250720;0,00;238,80;C;BQ/485;;
BQ;Banque BQ;BQ/486;20211013;62510000;CompteLib_0054;;;21J62;20211013;EcritureLib_0426;20250720;500,00;0,00;D;BQ/486;;
BQ;Banque BQ;BQ/486;20211013;51200000;CompteLib_0024;;;21J62;20211013;EcritureLib_0426;20250720;0,00;500,00;C;BQ/486;;
BQ;Banque BQ;BQ/487;20211013;60100000;CompteLib_0029;;;21J66;20211013;EcritureLib_0307;20250720;39,33;0,00;D;BQ/487;;
BQ;Banque BQ;BQ/487;20211013;51200000;CompteLib_0024;;;21J66;20211013;EcritureLib_0307;20250720;0,00;39,33;C;BQ/487;;
BQ;Banque BQ;BQ/488;20211013;51100000;CompteLib_0051;;;21J65;20211013;EcritureLib_0427;20250720;0,00;82,70;C;BQ/488;;
BQ;Banque BQ;BQ/488;20211013;51200000;CompteLib_0024;;;21J65;20211013;EcritureLib_0427;20250720;82,70;0,00;D;BQ/488;;
BQ;Banque BQ;BQ/489;20211014;60100000;CompteLib_0029;;;21J68;20211014;EcritureLib_0307;20250720;33,22;0,00;D;BQ/489;;
BQ;Banque BQ;BQ/489;20211014;51200000;CompteLib_0024;;;21J68;20211014;EcritureLib_0307;20250720;0,00;33,22;C;BQ/489;;
BQ;Banque BQ;BQ/490;20211014;51100000;CompteLib_0051;;;21J72;20211014;EcritureLib_0428;20250720;0,00;224,40;C;BQ/490;;
BQ;Banque BQ;BQ/490;20211014;51200000;CompteLib_0024;;;21J72;20211014;EcritureLib_0428;20250720;224,40;0,00;D;BQ/490;;
BQ;Banque BQ;BQ/491;20211014;60100000;CompteLib_0029;;;21J70;20211014;EcritureLib_0429;20250720;30,92;0,00;D;BQ/491;;
BQ;Banque BQ;BQ/491;20211014;51200000;CompteLib_0024;;;21J70;20211014;EcritureLib_0429;20250720;0,00;30,92;C;BQ/491;;
BQ;Banque BQ;BQ/492;20211014;60100000;CompteLib_0029;;;21J69;20211014;EcritureLib_0429;20250720;374,22;0,00;D;BQ/492;;
BQ;Banque BQ;BQ/492;20211014;51200000;CompteLib_0024;;;21J69;20211014;EcritureLib_0429;20250720;0,00;374,22;C;BQ/492;;
BQ;Banque BQ;BQ/493;20211014;51100000;CompteLib_0051;;;21J71;20211014;EcritureLib_0430;20250720;0,00;23,60;C;BQ/493;;
BQ;Banque BQ;BQ/493;20211014;51200000;CompteLib_0024;;;21J71;20211014;EcritureLib_0430;20250720;23,60;0,00;D;BQ/493;;
BQ;Banque BQ;BQ/494;20211015;60100000;CompteLib_0029;;;21J74;20211015;EcritureLib_0105;20250720;31,30;0,00;D;BQ/494;;
BQ;Banque BQ;BQ/494;20211015;51200000;CompteLib_0024;;;21J74;20211015;EcritureLib_0105;20250720;0,00;31,30;C;BQ/494;;
BQ;Banque BQ;BQ/495;20211015;40100000;CompteLib_0028;FSPUNTINI;SPUNTINI FOOD'S;21J75;20211015;EcritureLib_0431;20250720;266,73;0,00;D;BQ/495;AW;20240731
BQ;Banque BQ;BQ/495;20211015;51200000;CompteLib_0024;;;21J75;20211015;EcritureLib_0431;20250720;0,00;266,73;C;BQ/495;;
BQ;Banque BQ;BQ/496;20211015;51100000;CompteLib_0051;;;21J76;20211015;EcritureLib_0432;20250720;0,00;15,10;C;BQ/496;;
BQ;Banque BQ;BQ/496;20211015;51200000;CompteLib_0024;;;21J76;20211015;EcritureLib_0432;20250720;15,10;0,00;D;BQ/496;;
BQ;Banque BQ;BQ/497;20211015;51100000;CompteLib_0051;;;21J77;20211015;EcritureLib_0433;20250720;0,00;91,60;C;BQ/497;;
BQ;Banque BQ;BQ/497;20211015;51200000;CompteLib_0024;;;21J77;20211015;EcritureLib_0433;20250720;91,60;0,00;D;BQ/497;;
BQ;Banque BQ;BQ/498;20211015;60100000;CompteLib_0029;;;21J73;20211015;EcritureLib_0307;20250720;16,46;0,00;D;BQ/498;;
BQ;Banque BQ;BQ/498;20211015;51200000;CompteLib_0024;;;21J73;20211015;EcritureLib_0307;20250720;0,00;16,46;C;BQ/498;;
BQ;Banque BQ;BQ/499;20211016;51100000;CompteLib_0051;;;21J79;20211016;EcritureLib_0434;20250720;0,00;460,80;C;BQ/499;;
BQ;Banque BQ;BQ/499;20211016;51200000;CompteLib_0024;;;21J79;20211016;EcritureLib_0434;20250720;460,80;0,00;D;BQ/499;;
BQ;Banque BQ;BQ/500;20211016;51100000;CompteLib_0051;;;21J78;20211016;EcritureLib_0435;20250720;0,00;60,40;C;BQ/500;;
BQ;Banque BQ;BQ/500;20211016;51200000;CompteLib_0024;;;21J78;20211016;EcritureLib_0435;20250720;60,40;0,00;D;BQ/500;;
BQ;Banque BQ;BQ/501;20211018;51100000;CompteLib_0051;;;21J85;20211018;EcritureLib_0436;20250720;0,00;220,60;C;BQ/501;;
BQ;Banque BQ;BQ/501;20211018;51200000;CompteLib_0024;;;21J85;20211018;EcritureLib_0436;20250720;220,60;0,00;D;BQ/501;;
BQ;Banque BQ;BQ/502;20211018;51100000;CompteLib_0051;;;21J80;20211018;EcritureLib_0437;20250720;0,00;234,70;C;BQ/502;;
BQ;Banque BQ;BQ/502;20211018;51200000;CompteLib_0024;;;21J80;20211018;EcritureLib_0437;20250720;234,70;0,00;D;BQ/502;;
BQ;Banque BQ;BQ/503;20211018;60100000;CompteLib_0029;;;21J83;20211018;EcritureLib_0105;20250720;47,06;0,00;D;BQ/503;;
BQ;Banque BQ;BQ/503;20211018;51200000;CompteLib_0024;;;21J83;20211018;EcritureLib_0105;20250720;0,00;47,06;C;BQ/503;;
BQ;Banque BQ;BQ/504;20211018;60100000;CompteLib_0029;;;21J82;20211018;EcritureLib_0307;20250720;24,82;0,00;D;BQ/504;;
BQ;Banque BQ;BQ/504;20211018;51200000;CompteLib_0024;;;21J82;20211018;EcritureLib_0307;20250720;0,00;24,82;C;BQ/504;;
BQ;Banque BQ;BQ/505;20211018;51100000;CompteLib_0051;;;21J84;20211018;EcritureLib_0438;20250720;0,00;141,80;C;BQ/505;;
BQ;Banque BQ;BQ/505;20211018;51200000;CompteLib_0024;;;21J84;20211018;EcritureLib_0438;20250720;141,80;0,00;D;BQ/505;;
BQ;Banque BQ;BQ/506;20211018;60614000;CompteLib_0031;;;21J81;20211018;EcritureLib_0124;20250720;82,01;0,00;D;BQ/506;;
BQ;Banque BQ;BQ/506;20211018;51200000;CompteLib_0024;;;21J81;20211018;EcritureLib_0124;20250720;0,00;82,01;C;BQ/506;;
BQ;Banque BQ;BQ/507;20211019;61350000;CompteLib_0041;;;21J86;20211019;EcritureLib_0439;20250720;27,48;0,00;D;BQ/507;;
BQ;Banque BQ;BQ/507;20211019;51200000;CompteLib_0024;;;21J86;20211019;EcritureLib_0439;20250720;0,00;27,48;C;BQ/507;;
BQ;Banque BQ;BQ/508;20211020;60100000;CompteLib_0029;;;21J88;20211020;EcritureLib_0105;20250720;35,00;0,00;D;BQ/508;;
BQ;Banque BQ;BQ/508;20211020;51200000;CompteLib_0024;;;21J88;20211020;EcritureLib_0105;20250720;0,00;35,00;C;BQ/508;;
BQ;Banque BQ;BQ/509;20211020;65100000;CompteLib_0030;;;21J90;20211020;EcritureLib_0440;20250720;83,76;0,00;D;BQ/509;;
BQ;Banque BQ;BQ/509;20211020;51200000;CompteLib_0024;;;21J90;20211020;EcritureLib_0440;20250720;0,00;83,76;C;BQ/509;;
BQ;Banque BQ;BQ/510;20211020;60100000;CompteLib_0029;;;21J87;20211020;EcritureLib_0307;20250720;28,51;0,00;D;BQ/510;;
BQ;Banque BQ;BQ/510;20211020;51200000;CompteLib_0024;;;21J87;20211020;EcritureLib_0307;20250720;0,00;28,51;C;BQ/510;;
BQ;Banque BQ;BQ/511;20211020;61200000;CompteLib_0043;;;21J89;20211020;EcritureLib_0441;20250720;326,91;0,00;D;BQ/511;;
BQ;Banque BQ;BQ/511;20211020;51200000;CompteLib_0024;;;21J89;20211020;EcritureLib_0441;20250720;0,00;326,91;C;BQ/511;;
BQ;Banque BQ;BQ/512;20211021;40100000;CompteLib_0028;FLOTQU;LOT QUALITE;21J97;20211021;EcritureLib_0442;20250720;1068,19;0,00;D;BQ/512;E;20240826
BQ;Banque BQ;BQ/512;20211021;51200000;CompteLib_0024;;;21J97;20211021;EcritureLib_0442;20250720;0,00;1068,19;C;BQ/512;;
BQ;Banque BQ;BQ/513;20211021;43702000;CompteLib_0044;;;21J94;20211021;EcritureLib_0443;20250720;38,22;0,00;D;BQ/513;;
BQ;Banque BQ;BQ/513;20211021;51200000;CompteLib_0024;;;21J94;20211021;EcritureLib_0443;20250720;0,00;38,22;C;BQ/513;;
BQ;Banque BQ;BQ/514;20211021;60100000;CompteLib_0029;;;21J93;20211021;EcritureLib_0105;20250720;22,06;0,00;D;BQ/514;;
BQ;Banque BQ;BQ/514;20211021;51200000;CompteLib_0024;;;21J93;20211021;EcritureLib_0105;20250720;0,00;22,06;C;BQ/514;;
BQ;Banque BQ;BQ/515;20211021;60100000;CompteLib_0029;;;21J96;20211021;EcritureLib_0444;20250720;11,66;0,00;D;BQ/515;;
BQ;Banque BQ;BQ/515;20211021;51200000;CompteLib_0024;;;21J96;20211021;EcritureLib_0444;20250720;0,00;11,66;C;BQ/515;;
BQ;Banque BQ;BQ/516;20211021;60100000;CompteLib_0029;;;21J95;20211021;EcritureLib_0444;20250720;259,21;0,00;D;BQ/516;;
BQ;Banque BQ;BQ/516;20211021;51200000;CompteLib_0024;;;21J95;20211021;EcritureLib_0444;20250720;0,00;259,21;C;BQ/516;;
BQ;Banque BQ;BQ/517;20211022;51100000;CompteLib_0051;;;21J99;20211022;EcritureLib_0445;20250720;0,00;263,70;C;BQ/517;;
BQ;Banque BQ;BQ/517;20211022;51200000;CompteLib_0024;;;21J99;20211022;EcritureLib_0445;20250720;263,70;0,00;D;BQ/517;;
BQ;Banque BQ;BQ/518;20211022;51100000;CompteLib_0051;;;21J104;20211022;EcritureLib_0446;20250720;0,00;33,20;C;BQ/518;;
BQ;Banque BQ;BQ/518;20211022;51200000;CompteLib_0024;;;21J104;20211022;EcritureLib_0446;20250720;33,20;0,00;D;BQ/518;;
BQ;Banque BQ;BQ/519;20211022;51140000;CompteLib_0052;;;21J103;20211022;EcritureLib_0447;20250720;0,00;55,18;C;BQ/519;;
BQ;Banque BQ;BQ/519;20211022;51200000;CompteLib_0024;;;21J103;20211022;EcritureLib_0447;20250720;55,18;0,00;D;BQ/519;;
BQ;Banque BQ;BQ/520;20211022;66100000;CompteLib_0040;;;21J102;20211022;EcritureLib_0448;20250720;4,96;0,00;D;BQ/520;;
BQ;Banque BQ;BQ/520;20211022;51200000;CompteLib_0024;;;21J102;20211022;EcritureLib_0448;20250720;0,00;4,96;C;BQ/520;;
BQ;Banque BQ;BQ/521;20211022;66100000;CompteLib_0040;;;21J101;20211022;EcritureLib_0449;20250720;4,59;0,00;D;BQ/521;;
BQ;Banque BQ;BQ/521;20211022;51200000;CompteLib_0024;;;21J101;20211022;EcritureLib_0449;20250720;0,00;4,59;C;BQ/521;;
BQ;Banque BQ;BQ/522;20211022;16410000;CompteLib_0004;;;21J100;20211022;EcritureLib_0450;20250720;197,80;0,00;D;BQ/522;;
BQ;Banque BQ;BQ/522;20211022;51200000;CompteLib_0024;;;21J100;20211022;EcritureLib_0450;20250720;0,00;197,80;C;BQ/522;;
BQ;Banque BQ;BQ/523;20211023;51100000;CompteLib_0051;;;21J106;20211023;EcritureLib_0451;20250720;0,00;232,60;C;BQ/523;;
BQ;Banque BQ;BQ/523;20211023;51200000;CompteLib_0024;;;21J106;20211023;EcritureLib_0451;20250720;232,60;0,00;D;BQ/523;;
BQ;Banque BQ;BQ/524;20211023;51100000;CompteLib_0051;;;21J105;20211023;EcritureLib_0452;20250720;0,00;84,10;C;BQ/524;;
BQ;Banque BQ;BQ/524;20211023;51200000;CompteLib_0024;;;21J105;20211023;EcritureLib_0452;20250720;84,10;0,00;D;BQ/524;;
BQ;Banque BQ;BQ/525;20211025;51100000;CompteLib_0051;;;21J115;20211025;EcritureLib_0453;20250720;0,00;243,50;C;BQ/525;;
BQ;Banque BQ;BQ/525;20211025;51200000;CompteLib_0024;;;21J115;20211025;EcritureLib_0453;20250720;243,50;0,00;D;BQ/525;;
BQ;Banque BQ;BQ/526;20211025;51100000;CompteLib_0051;;;21J107;20211025;EcritureLib_0454;20250720;0,00;98,23;C;BQ/526;;
BQ;Banque BQ;BQ/526;20211025;51200000;CompteLib_0024;;;21J107;20211025;EcritureLib_0454;20250720;98,23;0,00;D;BQ/526;;
BQ;Banque BQ;BQ/527;20211025;51100000;CompteLib_0051;;;21J108;20211025;EcritureLib_0455;20250720;0,00;235,90;C;BQ/527;;
BQ;Banque BQ;BQ/527;20211025;51200000;CompteLib_0024;;;21J108;20211025;EcritureLib_0455;20250720;235,90;0,00;D;BQ/527;;
BQ;Banque BQ;BQ/528;20211025;40100000;CompteLib_0028;FSPUNTINI;SPUNTINI FOOD'S;21J112;20211025;EcritureLib_0456;20250720;268,12;0,00;D;BQ/528;AX;20240731
BQ;Banque BQ;BQ/528;20211025;51200000;CompteLib_0024;;;21J112;20211025;EcritureLib_0456;20250720;0,00;268,12;C;BQ/528;;
BQ;Banque BQ;BQ/529;20211025;43703000;CompteLib_0045;;;21J113;20211025;EcritureLib_0457;20250720;119,20;0,00;D;BQ/529;F;20240826
BQ;Banque BQ;BQ/529;20211025;51200000;CompteLib_0024;;;21J113;20211025;EcritureLib_0457;20250720;0,00;119,20;C;BQ/529;;
BQ;Banque BQ;BQ/530;20211025;51100000;CompteLib_0051;;;21J114;20211025;EcritureLib_0458;20250720;0,00;119,20;C;BQ/530;;
BQ;Banque BQ;BQ/530;20211025;51200000;CompteLib_0024;;;21J114;20211025;EcritureLib_0458;20250720;119,20;0,00;D;BQ/530;;
BQ;Banque BQ;BQ/531;20211025;60100000;CompteLib_0029;;;21J111;20211025;EcritureLib_0105;20250720;24,51;0,00;D;BQ/531;;
BQ;Banque BQ;BQ/531;20211025;51200000;CompteLib_0024;;;21J111;20211025;EcritureLib_0105;20250720;0,00;24,51;C;BQ/531;;
BQ;Banque BQ;BQ/532;20211025;60100000;CompteLib_0029;;;21J109;20211025;EcritureLib_0307;20250720;28,38;0,00;D;BQ/532;;
BQ;Banque BQ;BQ/532;20211025;51200000;CompteLib_0024;;;21J109;20211025;EcritureLib_0307;20250720;0,00;28,38;C;BQ/532;;
BQ;Banque BQ;BQ/533;20211025;60100000;CompteLib_0029;;;21J110;20211025;EcritureLib_0307;20250720;13,36;0,00;D;BQ/533;;
BQ;Banque BQ;BQ/533;20211025;51200000;CompteLib_0024;;;21J110;20211025;EcritureLib_0307;20250720;0,00;13,36;C;BQ/533;;
BQ;Banque BQ;BQ/534;20211027;51100000;CompteLib_0051;;;21J118;20211027;EcritureLib_0459;20250720;0,00;14,80;C;BQ/534;;
BQ;Banque BQ;BQ/534;20211027;51200000;CompteLib_0024;;;21J118;20211027;EcritureLib_0459;20250720;14,80;0,00;D;BQ/534;;
BQ;Banque BQ;BQ/535;20211027;60100000;CompteLib_0029;;;21J117;20211027;EcritureLib_0307;20250720;19,88;0,00;D;BQ/535;;
BQ;Banque BQ;BQ/535;20211027;51200000;CompteLib_0024;;;21J117;20211027;EcritureLib_0307;20250720;0,00;19,88;C;BQ/535;;
BQ;Banque BQ;BQ/536;20211027;51100000;CompteLib_0051;;;21J119;20211027;EcritureLib_0460;20250720;0,00;62,00;C;BQ/536;;
BQ;Banque BQ;BQ/536;20211027;51200000;CompteLib_0024;;;21J119;20211027;EcritureLib_0460;20250720;62,00;0,00;D;BQ/536;;
BQ;Banque BQ;BQ/537;20211028;51100000;CompteLib_0051;;;21J120;20211028;EcritureLib_0461;20250720;0,00;124,80;C;BQ/537;;
BQ;Banque BQ;BQ/537;20211028;51200000;CompteLib_0024;;;21J120;20211028;EcritureLib_0461;20250720;124,80;0,00;D;BQ/537;;
BQ;Banque BQ;BQ/538;20211028;51100000;CompteLib_0051;;;21J122;20211028;EcritureLib_0462;20250720;0,00;65,20;C;BQ/538;;
BQ;Banque BQ;BQ/538;20211028;51200000;CompteLib_0024;;;21J122;20211028;EcritureLib_0462;20250720;65,20;0,00;D;BQ/538;;
BQ;Banque BQ;BQ/539;20211028;60100000;CompteLib_0029;;;21J123;20211028;EcritureLib_0307;20250720;10,51;0,00;D;BQ/539;;
BQ;Banque BQ;BQ/539;20211028;51200000;CompteLib_0024;;;21J123;20211028;EcritureLib_0307;20250720;0,00;10,51;C;BQ/539;;
BQ;Banque BQ;BQ/540;20211028;60612000;CompteLib_0039;;;21J121;20211028;EcritureLib_0463;20250720;623,05;0,00;D;BQ/540;;
BQ;Banque BQ;BQ/540;20211028;51200000;CompteLib_0024;;;21J121;20211028;EcritureLib_0463;20250720;0,00;623,05;C;BQ/540;;
BQ;Banque BQ;BQ/541;20211029;51100000;CompteLib_0051;;;21J127;20211029;EcritureLib_0464;20250720;0,00;17,20;C;BQ/541;;
BQ;Banque BQ;BQ/541;20211029;51200000;CompteLib_0024;;;21J127;20211029;EcritureLib_0464;20250720;17,20;0,00;D;BQ/541;;
BQ;Banque BQ;BQ/542;20211029;60100000;CompteLib_0029;;;21J124;20211029;EcritureLib_0105;20250720;50,07;0,00;D;BQ/542;;
BQ;Banque BQ;BQ/542;20211029;51200000;CompteLib_0024;;;21J124;20211029;EcritureLib_0105;20250720;0,00;50,07;C;BQ/542;;
BQ;Banque BQ;BQ/543;20211029;62600000;CompteLib_0042;;;21J125;20211029;EcritureLib_0465;20250720;50,00;0,00;D;BQ/543;;
BQ;Banque BQ;BQ/543;20211029;51200000;CompteLib_0024;;;21J125;20211029;EcritureLib_0465;20250720;0,00;60,00;C;BQ/543;;
BQ;Banque BQ;BQ/543;20211029;44566100;CompteLib_0018;;;21J125;20211029;EcritureLib_0465;20250720;10,00;0,00;D;BQ/543;;
BQ;Banque BQ;BQ/544;20211029;51140000;CompteLib_0052;;;21J126;20211029;EcritureLib_0466;20250720;0,00;36,18;C;BQ/544;;
BQ;Banque BQ;BQ/544;20211029;51200000;CompteLib_0024;;;21J126;20211029;EcritureLib_0466;20250720;36,18;0,00;D;BQ/544;;
BQ;Banque BQ;BQ/545;20211029;51100000;CompteLib_0051;;;21J128;20211029;EcritureLib_0467;20250720;0,00;153,30;C;BQ/545;;
BQ;Banque BQ;BQ/545;20211029;51200000;CompteLib_0024;;;21J128;20211029;EcritureLib_0467;20250720;153,30;0,00;D;BQ/545;;
BQ;Banque BQ;BQ/546;20211030;51100000;CompteLib_0051;;;21J130;20211030;EcritureLib_0468;20250720;0,00;304,60;C;BQ/546;;
BQ;Banque BQ;BQ/546;20211030;51200000;CompteLib_0024;;;21J130;20211030;EcritureLib_0468;20250720;304,60;0,00;D;BQ/546;;
BQ;Banque BQ;BQ/547;20211030;51100000;CompteLib_0051;;;21J129;20211030;EcritureLib_0469;20250720;0,00;72,10;C;BQ/547;;
BQ;Banque BQ;BQ/547;20211030;51200000;CompteLib_0024;;;21J129;20211030;EcritureLib_0469;20250720;72,10;0,00;D;BQ/547;;
BQ;Banque BQ;BQ/548;20211101;51100000;CompteLib_0051;;;21K3;20211101;EcritureLib_0470;20250720;0,00;452,80;C;BQ/548;;
BQ;Banque BQ;BQ/548;20211101;51200000;CompteLib_0024;;;21K3;20211101;EcritureLib_0470;20250720;452,80;0,00;D;BQ/548;;
BQ;Banque BQ;BQ/549;20211101;51100000;CompteLib_0051;;;21K2;20211101;EcritureLib_0471;20250720;0,00;203,90;C;BQ/549;;
BQ;Banque BQ;BQ/549;20211101;51200000;CompteLib_0024;;;21K2;20211101;EcritureLib_0471;20250720;203,90;0,00;D;BQ/549;;
BQ;Banque BQ;BQ/550;20211101;45500000;CompteLib_0023;;;21K1;20211101;EcritureLib_0472;20250720;0,00;2000,00;C;BQ/550;;
BQ;Banque BQ;BQ/550;20211101;51200000;CompteLib_0024;;;21K1;20211101;EcritureLib_0472;20250720;2000,00;0,00;D;BQ/550;;
BQ;Banque BQ;BQ/551;20211102;61600000;CompteLib_0035;;;21K4;20211102;EcritureLib_0473;20250720;92,12;0,00;D;BQ/551;;
BQ;Banque BQ;BQ/551;20211102;51200000;CompteLib_0024;;;21K4;20211102;EcritureLib_0473;20250720;0,00;92,12;C;BQ/551;;
BQ;Banque BQ;BQ/552;20211102;60100000;CompteLib_0029;;;21K10;20211102;EcritureLib_0474;20250720;62,62;0,00;D;BQ/552;;
BQ;Banque BQ;BQ/552;20211102;51200000;CompteLib_0024;;;21K10;20211102;EcritureLib_0474;20250720;0,00;62,62;C;BQ/552;;
BQ;Banque BQ;BQ/553;20211102;60100000;CompteLib_0029;;;21K9;20211102;EcritureLib_0474;20250720;271,64;0,00;D;BQ/553;;
BQ;Banque BQ;BQ/553;20211102;51200000;CompteLib_0024;;;21K9;20211102;EcritureLib_0474;20250720;0,00;271,64;C;BQ/553;;
BQ;Banque BQ;BQ/554;20211102;60100000;CompteLib_0029;;;21K6;20211102;EcritureLib_0307;20250720;39,50;0,00;D;BQ/554;;
BQ;Banque BQ;BQ/554;20211102;51200000;CompteLib_0024;;;21K6;20211102;EcritureLib_0307;20250720;0,00;39,50;C;BQ/554;;
BQ;Banque BQ;BQ/555;20211102;60100000;CompteLib_0029;;;21K7;20211102;EcritureLib_0105;20250720;55,55;0,00;D;BQ/555;;
BQ;Banque BQ;BQ/555;20211102;51200000;CompteLib_0024;;;21K7;20211102;EcritureLib_0105;20250720;0,00;55,55;C;BQ/555;;
BQ;Banque BQ;BQ/556;20211102;40100000;CompteLib_0028;FSPUNTINI;SPUNTINI FOOD'S;21K11;20211102;EcritureLib_0475;20250720;252,88;0,00;D;BQ/556;AY;20240731
BQ;Banque BQ;BQ/556;20211102;51200000;CompteLib_0024;;;21K11;20211102;EcritureLib_0475;20250720;0,00;252,88;C;BQ/556;;
BQ;Banque BQ;BQ/557;20211102;63330000;CompteLib_0055;;;21K8;20211102;EcritureLib_0476;20250720;83,70;0,00;D;BQ/557;;
BQ;Banque BQ;BQ/557;20211102;51200000;CompteLib_0024;;;21K8;20211102;EcritureLib_0476;20250720;0,00;83,70;C;BQ/557;;
BQ;Banque BQ;BQ/558;20211102;60614000;CompteLib_0031;;;21K5;20211102;EcritureLib_0124;20250720;77,00;0,00;D;BQ/558;;
BQ;Banque BQ;BQ/558;20211102;51200000;CompteLib_0024;;;21K5;20211102;EcritureLib_0124;20250720;0,00;77,00;C;BQ/558;;
BQ;Banque BQ;BQ/559;20211103;61600000;CompteLib_0035;;;21K16;20211103;EcritureLib_0477;20250720;24,08;0,00;D;BQ/559;;
BQ;Banque BQ;BQ/559;20211103;51200000;CompteLib_0024;;;21K16;20211103;EcritureLib_0477;20250720;0,00;24,08;C;BQ/559;;
BQ;Banque BQ;BQ/560;20211103;51100000;CompteLib_0051;;;21K14;20211103;EcritureLib_0478;20250720;0,00;20,50;C;BQ/560;;
BQ;Banque BQ;BQ/560;20211103;51200000;CompteLib_0024;;;21K14;20211103;EcritureLib_0478;20250720;20,50;0,00;D;BQ/560;;
BQ;Banque BQ;BQ/561;20211103;60100000;CompteLib_0029;;;21K13;20211103;EcritureLib_0105;20250720;51,19;0,00;D;BQ/561;;
BQ;Banque BQ;BQ/561;20211103;51200000;CompteLib_0024;;;21K13;20211103;EcritureLib_0105;20250720;0,00;51,19;C;BQ/561;;
BQ;Banque BQ;BQ/562;20211103;60100000;CompteLib_0029;;;21K12;20211103;EcritureLib_0307;20250720;18,65;0,00;D;BQ/562;;
BQ;Banque BQ;BQ/562;20211103;51200000;CompteLib_0024;;;21K12;20211103;EcritureLib_0307;20250720;0,00;18,65;C;BQ/562;;
BQ;Banque BQ;BQ/563;20211103;51100000;CompteLib_0051;;;21K15;20211103;EcritureLib_0479;20250720;0,00;141,80;C;BQ/563;;
BQ;Banque BQ;BQ/563;20211103;51200000;CompteLib_0024;;;21K15;20211103;EcritureLib_0479;20250720;141,80;0,00;D;BQ/563;;
BQ;Banque BQ;BQ/564;20211104;42100000;CompteLib_0010;;;21K26;20211104;EcritureLib_0480;20250720;526,50;0,00;D;BQ/564;L;20240802
BQ;Banque BQ;BQ/564;20211104;51200000;CompteLib_0024;;;21K26;20211104;EcritureLib_0480;20250720;0,00;526,50;C;BQ/564;;
BQ;Banque BQ;BQ/565;20211104;40100000;CompteLib_0028;FNOYEZ;NOYEZ;21K19;20211104;EcritureLib_0481;20250720;376,81;0,00;D;BQ/565;E;20240826
BQ;Banque BQ;BQ/565;20211104;51200000;CompteLib_0024;;;21K19;20211104;EcritureLib_0481;20250720;0,00;376,81;C;BQ/565;;
BQ;Banque BQ;BQ/566;20211104;45500000;CompteLib_0023;;;21K20;20211104;EcritureLib_0482;20250720;0,00;2000,00;C;BQ/566;;
BQ;Banque BQ;BQ/566;20211104;51200000;CompteLib_0024;;;21K20;20211104;EcritureLib_0482;20250720;2000,00;0,00;D;BQ/566;;
BQ;Banque BQ;BQ/567;20211104;51140000;CompteLib_0052;;;21K22;20211104;EcritureLib_0483;20250720;0,00;13,18;C;BQ/567;;
BQ;Banque BQ;BQ/567;20211104;51200000;CompteLib_0024;;;21K22;20211104;EcritureLib_0483;20250720;13,18;0,00;D;BQ/567;;
BQ;Banque BQ;BQ/568;20211104;62700000;CompteLib_0036;;;21K17;20211104;EcritureLib_0484;20250720;33,21;0,00;D;BQ/568;;
BQ;Banque BQ;BQ/568;20211104;51200000;CompteLib_0024;;;21K17;20211104;EcritureLib_0484;20250720;0,00;33,21;C;BQ/568;;
BQ;Banque BQ;BQ/569;20211104;60612000;CompteLib_0039;;;21K21;20211104;EcritureLib_0058;20250720;0,00;130,00;C;BQ/569;;
BQ;Banque BQ;BQ/569;20211104;51200000;CompteLib_0024;;;21K21;20211104;EcritureLib_0058;20250720;130,00;0,00;D;BQ/569;;
BQ;Banque BQ;BQ/570;20211104;42100000;CompteLib_0010;;;21K18;20211104;EcritureLib_0485;20250720;268,84;0,00;D;BQ/570;L;20240802
BQ;Banque BQ;BQ/570;20211104;51200000;CompteLib_0024;;;21K18;20211104;EcritureLib_0485;20250720;0,00;268,84;C;BQ/570;;
BQ;Banque BQ;BQ/571;20211104;51100000;CompteLib_0051;;;21K27;20211104;EcritureLib_0486;20250720;0,00;143,70;C;BQ/571;;
BQ;Banque BQ;BQ/571;20211104;51200000;CompteLib_0024;;;21K27;20211104;EcritureLib_0486;20250720;143,70;0,00;D;BQ/571;;
BQ;Banque BQ;BQ/572;20211104;42100000;CompteLib_0010;;;21K24;20211104;EcritureLib_0487;20250720;560,79;0,00;D;BQ/572;L;20240802
BQ;Banque BQ;BQ/572;20211104;51200000;CompteLib_0024;;;21K24;20211104;EcritureLib_0487;20250720;0,00;560,79;C;BQ/572;;
BQ;Banque BQ;BQ/573;20211104;42100000;CompteLib_0010;;;21K25;20211104;EcritureLib_0488;20250720;531,04;0,00;D;BQ/573;L;20240802
BQ;Banque BQ;BQ/573;20211104;51200000;CompteLib_0024;;;21K25;20211104;EcritureLib_0488;20250720;0,00;531,04;C;BQ/573;;
BQ;Banque BQ;BQ/574;20211104;42100000;CompteLib_0010;;;21K23;20211104;EcritureLib_0489;20250720;561,71;0,00;D;BQ/574;L;20240802
BQ;Banque BQ;BQ/574;20211104;51200000;CompteLib_0024;;;21K23;20211104;EcritureLib_0489;20250720;0,00;561,71;C;BQ/574;;
BQ;Banque BQ;BQ/575;20211105;60100000;CompteLib_0029;;;21K31;20211105;EcritureLib_0490;20250720;255,24;0,00;D;BQ/575;;
BQ;Banque BQ;BQ/575;20211105;51200000;CompteLib_0024;;;21K31;20211105;EcritureLib_0490;20250720;0,00;255,24;C;BQ/575;;
BQ;Banque BQ;BQ/576;20211105;61600000;CompteLib_0035;;;21K28;20211105;EcritureLib_0491;20250720;55,40;0,00;D;BQ/576;;
BQ;Banque BQ;BQ/576;20211105;51200000;CompteLib_0024;;;21K28;20211105;EcritureLib_0491;20250720;0,00;55,40;C;BQ/576;;
BQ;Banque BQ;BQ/577;20211105;62340000;CompteLib_0034;;;21K32;20211105;EcritureLib_0490;20250720;59,44;0,00;D;BQ/577;;
BQ;Banque BQ;BQ/577;20211105;51200000;CompteLib_0024;;;21K32;20211105;EcritureLib_0490;20250720;0,00;59,44;C;BQ/577;;
BQ;Banque BQ;BQ/578;20211105;44566100;CompteLib_0018;;;21K33;20211105;EcritureLib_0492;20250720;59,40;0,00;D;BQ/578;;
BQ;Banque BQ;BQ/578;20211105;62260000;CompteLib_0037;;;21K33;20211105;EcritureLib_0492;20250720;297,00;0,00;D;BQ/578;;
BQ;Banque BQ;BQ/578;20211105;51200000;CompteLib_0024;;;21K33;20211105;EcritureLib_0492;20250720;0,00;356,40;C;BQ/578;;
BQ;Banque BQ;BQ/579;20211105;61321000;CompteLib_0038;;;21K34;20211105;EcritureLib_0084;20250720;1000,00;0,00;D;BQ/579;;
BQ;Banque BQ;BQ/579;20211105;44566100;CompteLib_0018;;;21K34;20211105;EcritureLib_0084;20250720;200,00;0,00;D;BQ/579;;
BQ;Banque BQ;BQ/579;20211105;51200000;CompteLib_0024;;;21K34;20211105;EcritureLib_0084;20250720;0,00;1200,00;C;BQ/579;;
BQ;Banque BQ;BQ/580;20211105;51100000;CompteLib_0051;;;21K35;20211105;EcritureLib_0493;20250720;0,00;76,80;C;BQ/580;;
BQ;Banque BQ;BQ/580;20211105;51200000;CompteLib_0024;;;21K35;20211105;EcritureLib_0493;20250720;76,80;0,00;D;BQ/580;;
BQ;Banque BQ;BQ/581;20211105;51100000;CompteLib_0051;;;21K36;20211105;EcritureLib_0494;20250720;0,00;66,60;C;BQ/581;;
BQ;Banque BQ;BQ/581;20211105;51200000;CompteLib_0024;;;21K36;20211105;EcritureLib_0494;20250720;66,60;0,00;D;BQ/581;;
BQ;Banque BQ;BQ/582;20211105;60100000;CompteLib_0029;;;21K30;20211105;EcritureLib_0105;20250720;23,98;0,00;D;BQ/582;;
BQ;Banque BQ;BQ/582;20211105;51200000;CompteLib_0024;;;21K30;20211105;EcritureLib_0105;20250720;0,00;23,98;C;BQ/582;;
BQ;Banque BQ;BQ/583;20211105;60100000;CompteLib_0029;;;21K29;20211105;EcritureLib_0307;20250720;10,82;0,00;D;BQ/583;;
BQ;Banque BQ;BQ/583;20211105;51200000;CompteLib_0024;;;21K29;20211105;EcritureLib_0307;20250720;0,00;10,82;C;BQ/583;;
BQ;Banque BQ;BQ/584;20211106;51100000;CompteLib_0051;;;21K39;20211106;EcritureLib_0495;20250720;0,00;422,91;C;BQ/584;;
BQ;Banque BQ;BQ/584;20211106;51200000;CompteLib_0024;;;21K39;20211106;EcritureLib_0495;20250720;422,91;0,00;D;BQ/584;;
BQ;Banque BQ;BQ/585;20211106;51100000;CompteLib_0051;;;21K37;20211106;EcritureLib_0495;20250720;0,00;65,60;C;BQ/585;;
BQ;Banque BQ;BQ/585;20211106;51200000;CompteLib_0024;;;21K37;20211106;EcritureLib_0495;20250720;65,60;0,00;D;BQ/585;;
BQ;Banque BQ;BQ/586;20211106;51100000;CompteLib_0051;;;21K38;20211106;EcritureLib_0496;20250720;0,00;85,65;C;BQ/586;;
BQ;Banque BQ;BQ/586;20211106;51200000;CompteLib_0024;;;21K38;20211106;EcritureLib_0496;20250720;85,65;0,00;D;BQ/586;;
BQ;Banque BQ;BQ/587;20211108;51100000;CompteLib_0051;;;21K48;20211108;EcritureLib_0497;20250720;0,00;119,10;C;BQ/587;;
BQ;Banque BQ;BQ/587;20211108;51200000;CompteLib_0024;;;21K48;20211108;EcritureLib_0497;20250720;119,10;0,00;D;BQ/587;;
BQ;Banque BQ;BQ/588;20211108;60100000;CompteLib_0029;;;21K45;20211108;EcritureLib_0307;20250720;15,35;0,00;D;BQ/588;;
BQ;Banque BQ;BQ/588;20211108;51200000;CompteLib_0024;;;21K45;20211108;EcritureLib_0307;20250720;0,00;15,35;C;BQ/588;;
BQ;Banque BQ;BQ/589;20211108;60100000;CompteLib_0029;;;21K44;20211108;EcritureLib_0307;20250720;38,63;0,00;D;BQ/589;;
BQ;Banque BQ;BQ/589;20211108;51200000;CompteLib_0024;;;21K44;20211108;EcritureLib_0307;20250720;0,00;38,63;C;BQ/589;;
BQ;Banque BQ;BQ/590;20211108;51100000;CompteLib_0051;;;21K43;20211108;EcritureLib_0497;20250720;0,00;56,00;C;BQ/590;;
BQ;Banque BQ;BQ/590;20211108;51200000;CompteLib_0024;;;21K43;20211108;EcritureLib_0497;20250720;56,00;0,00;D;BQ/590;;
BQ;Banque BQ;BQ/591;20211108;51120000;CompteLib_0053;;;21K46;20211108;EcritureLib_0498;20250720;0,00;13,70;C;BQ/591;;
BQ;Banque BQ;BQ/591;20211108;51200000;CompteLib_0024;;;21K46;20211108;EcritureLib_0498;20250720;13,70;0,00;D;BQ/591;;
BQ;Banque BQ;BQ/592;20211108;61350000;CompteLib_0041;;;21K47;20211108;EcritureLib_0499;20250720;27,48;0,00;D;BQ/592;;
BQ;Banque BQ;BQ/592;20211108;51200000;CompteLib_0024;;;21K47;20211108;EcritureLib_0499;20250720;0,00;27,48;C;BQ/592;;
BQ;Banque BQ;BQ/593;20211108;51100000;CompteLib_0051;;;21K42;20211108;EcritureLib_0500;20250720;0,00;415,10;C;BQ/593;;
BQ;Banque BQ;BQ/593;20211108;51200000;CompteLib_0024;;;21K42;20211108;EcritureLib_0500;20250720;415,10;0,00;D;BQ/593;;
BQ;Banque BQ;BQ/594;20211108;51100000;CompteLib_0051;;;21K40;20211108;EcritureLib_0500;20250720;0,00;42,10;C;BQ/594;;
BQ;Banque BQ;BQ/594;20211108;51200000;CompteLib_0024;;;21K40;20211108;EcritureLib_0500;20250720;42,10;0,00;D;BQ/594;;
BQ;Banque BQ;BQ/595;20211108;51100000;CompteLib_0051;;;21K41;20211108;EcritureLib_0501;20250720;0,00;16,20;C;BQ/595;;
BQ;Banque BQ;BQ/595;20211108;51200000;CompteLib_0024;;;21K41;20211108;EcritureLib_0501;20250720;16,20;0,00;D;BQ/595;;
BQ;Banque BQ;BQ/596;20211109;60100000;CompteLib_0029;;;21K49;20211109;EcritureLib_0105;20250720;47,48;0,00;D;BQ/596;;
BQ;Banque BQ;BQ/596;20211109;51200000;CompteLib_0024;;;21K49;20211109;EcritureLib_0105;20250720;0,00;47,48;C;BQ/596;;
BQ;Banque BQ;BQ/597;20211110;62700000;CompteLib_0036;;;21K54;20211110;EcritureLib_0502;20250720;10,90;0,00;D;BQ/597;;
BQ;Banque BQ;BQ/597;20211110;51200000;CompteLib_0024;;;21K54;20211110;EcritureLib_0502;20250720;0,00;10,90;C;BQ/597;;
BQ;Banque BQ;BQ/598;20211110;61600000;CompteLib_0035;;;21K56;20211110;EcritureLib_0503;20250720;84,64;0,00;D;BQ/598;;
BQ;Banque BQ;BQ/598;20211110;51200000;CompteLib_0024;;;21K56;20211110;EcritureLib_0503;20250720;0,00;84,64;C;BQ/598;;
BQ;Banque BQ;BQ/599;20211110;70190000;CompteLib_0056;;;21K57;20211110;EcritureLib_0504;20250720;0,00;42,00;C;BQ/599;;
BQ;Banque BQ;BQ/599;20211110;51200000;CompteLib_0024;;;21K57;20211110;EcritureLib_0504;20250720;42,00;0,00;D;BQ/599;;
BQ;Banque BQ;BQ/600;20211110;51100000;CompteLib_0051;;;21K58;20211110;EcritureLib_0505;20250720;0,00;10,60;C;BQ/600;;
BQ;Banque BQ;BQ/600;20211110;51200000;CompteLib_0024;;;21K58;20211110;EcritureLib_0505;20250720;10,60;0,00;D;BQ/600;;
BQ;Banque BQ;BQ/601;20211110;51100000;CompteLib_0051;;;21K59;20211110;EcritureLib_0506;20250720;0,00;174,10;C;BQ/601;;
BQ;Banque BQ;BQ/601;20211110;51200000;CompteLib_0024;;;21K59;20211110;EcritureLib_0506;20250720;174,10;0,00;D;BQ/601;;
BQ;Banque BQ;BQ/602;20211110;51100000;CompteLib_0051;;;21K53;20211110;EcritureLib_0506;20250720;0,00;7,40;C;BQ/602;;
BQ;Banque BQ;BQ/602;20211110;51200000;CompteLib_0024;;;21K53;20211110;EcritureLib_0506;20250720;7,40;0,00;D;BQ/602;;
BQ;Banque BQ;BQ/603;20211110;61350000;CompteLib_0041;;;21K55;20211110;EcritureLib_0507;20250720;142,74;0,00;D;BQ/603;;
BQ;Banque BQ;BQ/603;20211110;51200000;CompteLib_0024;;;21K55;20211110;EcritureLib_0507;20250720;0,00;142,74;C;BQ/603;;
BQ;Banque BQ;BQ/604;20211110;16400000;CompteLib_0004;;;21K51;20211110;EcritureLib_0508;20250720;673,61;0,00;D;BQ/604;;
BQ;Banque BQ;BQ/604;20211110;51200000;CompteLib_0024;;;21K51;20211110;EcritureLib_0508;20250720;0,00;673,61;C;BQ/604;;
BQ;Banque BQ;BQ/605;20211110;66100000;CompteLib_0040;;;21K52;20211110;EcritureLib_0509;20250720;30,99;0,00;D;BQ/605;;
BQ;Banque BQ;BQ/605;20211110;51200000;CompteLib_0024;;;21K52;20211110;EcritureLib_0509;20250720;0,00;30,99;C;BQ/605;;
BQ;Banque BQ;BQ/606;20211111;51100000;CompteLib_0051;;;21K60;20211111;EcritureLib_0510;20250720;0,00;24,70;C;BQ/606;;
BQ;Banque BQ;BQ/606;20211111;51200000;CompteLib_0024;;;21K60;20211111;EcritureLib_0510;20250720;24,70;0,00;D;BQ/606;;
BQ;Banque BQ;BQ/607;20211111;51100000;CompteLib_0051;;;21K61;20211111;EcritureLib_0511;20250720;0,00;108,70;C;BQ/607;;
BQ;Banque BQ;BQ/607;20211111;51200000;CompteLib_0024;;;21K61;20211111;EcritureLib_0511;20250720;108,70;0,00;D;BQ/607;;
BQ;Banque BQ;BQ/608;20211112;60100000;CompteLib_0029;;;21K62;20211112;EcritureLib_0307;20250720;17,02;0,00;D;BQ/608;;
BQ;Banque BQ;BQ/608;20211112;51200000;CompteLib_0024;;;21K62;20211112;EcritureLib_0307;20250720;0,00;17,02;C;BQ/608;;
BQ;Banque BQ;BQ/609;20211112;60100000;CompteLib_0029;;;21K66;20211112;EcritureLib_0512;20250720;43,56;0,00;D;BQ/609;;
BQ;Banque BQ;BQ/609;20211112;51200000;CompteLib_0024;;;21K66;20211112;EcritureLib_0512;20250720;0,00;43,56;C;BQ/609;;
BQ;Banque BQ;BQ/610;20211112;60100000;CompteLib_0029;;;21K65;20211112;EcritureLib_0512;20250720;243,36;0,00;D;BQ/610;;
BQ;Banque BQ;BQ/610;20211112;51200000;CompteLib_0024;;;21K65;20211112;EcritureLib_0512;20250720;0,00;243,36;C;BQ/610;;
BQ;Banque BQ;BQ/611;20211112;60630000;CompteLib_0027;;;21K64;20211112;EcritureLib_0513;20250720;234,57;0,00;D;BQ/611;;
BQ;Banque BQ;BQ/611;20211112;51200000;CompteLib_0024;;;21K64;20211112;EcritureLib_0513;20250720;0,00;234,57;C;BQ/611;;
BQ;Banque BQ;BQ/612;20211112;60100000;CompteLib_0029;;;21K68;20211112;EcritureLib_0514;20250720;18,00;0,00;D;BQ/612;;
BQ;Banque BQ;BQ/612;20211112;51200000;CompteLib_0024;;;21K68;20211112;EcritureLib_0514;20250720;0,00;18,00;C;BQ/612;;
BQ;Banque BQ;BQ/613;20211112;51140000;CompteLib_0052;;;21K69;20211112;EcritureLib_0515;20250720;0,00;36,18;C;BQ/613;;
BQ;Banque BQ;BQ/613;20211112;51200000;CompteLib_0024;;;21K69;20211112;EcritureLib_0515;20250720;36,18;0,00;D;BQ/613;;
BQ;Banque BQ;BQ/614;20211112;60100000;CompteLib_0029;;;21K63;20211112;EcritureLib_0105;20250720;37,15;0,00;D;BQ/614;;
BQ;Banque BQ;BQ/614;20211112;51200000;CompteLib_0024;;;21K63;20211112;EcritureLib_0105;20250720;0,00;37,15;C;BQ/614;;
BQ;Banque BQ;BQ/615;20211112;60100000;CompteLib_0029;;;21K67;20211112;EcritureLib_0514;20250720;168,01;0,00;D;BQ/615;;
BQ;Banque BQ;BQ/615;20211112;51200000;CompteLib_0024;;;21K67;20211112;EcritureLib_0514;20250720;0,00;168,01;C;BQ/615;;
BQ;Banque BQ;BQ/616;20211113;51100000;CompteLib_0051;;;21K70;20211113;EcritureLib_0516;20250720;0,00;33,30;C;BQ/616;;
BQ;Banque BQ;BQ/616;20211113;51200000;CompteLib_0024;;;21K70;20211113;EcritureLib_0516;20250720;33,30;0,00;D;BQ/616;;
BQ;Banque BQ;BQ/617;20211113;51100000;CompteLib_0051;;;21K71;20211113;EcritureLib_0517;20250720;0,00;52,40;C;BQ/617;;
BQ;Banque BQ;BQ/617;20211113;51200000;CompteLib_0024;;;21K71;20211113;EcritureLib_0517;20250720;52,40;0,00;D;BQ/617;;
BQ;Banque BQ;BQ/618;20211113;51100000;CompteLib_0051;;;21K72;20211113;EcritureLib_0516;20250720;0,00;268,00;C;BQ/618;;
BQ;Banque BQ;BQ/618;20211113;51200000;CompteLib_0024;;;21K72;20211113;EcritureLib_0516;20250720;268,00;0,00;D;BQ/618;;
BQ;Banque BQ;BQ/619;20211115;51100000;CompteLib_0051;;;21K78;20211115;EcritureLib_0518;20250720;0,00;38,60;C;BQ/619;;
BQ;Banque BQ;BQ/619;20211115;51200000;CompteLib_0024;;;21K78;20211115;EcritureLib_0518;20250720;38,60;0,00;D;BQ/619;;
BQ;Banque BQ;BQ/620;20211115;51100000;CompteLib_0051;;;21K73;20211115;EcritureLib_0519;20250720;0,00;9,20;C;BQ/620;;
BQ;Banque BQ;BQ/620;20211115;51200000;CompteLib_0024;;;21K73;20211115;EcritureLib_0519;20250720;9,20;0,00;D;BQ/620;;
BQ;Banque BQ;BQ/621;20211115;51100000;CompteLib_0051;;;21K74;20211115;EcritureLib_0519;20250720;0,00;55,00;C;BQ/621;;
BQ;Banque BQ;BQ/621;20211115;51200000;CompteLib_0024;;;21K74;20211115;EcritureLib_0519;20250720;55,00;0,00;D;BQ/621;;
BQ;Banque BQ;BQ/622;20211115;51100000;CompteLib_0051;;;21K75;20211115;EcritureLib_0520;20250720;0,00;194,60;C;BQ/622;;
BQ;Banque BQ;BQ/622;20211115;51200000;CompteLib_0024;;;21K75;20211115;EcritureLib_0520;20250720;194,60;0,00;D;BQ/622;;
BQ;Banque BQ;BQ/623;20211115;51100000;CompteLib_0051;;;21K79;20211115;EcritureLib_0521;20250720;0,00;304,40;C;BQ/623;;
BQ;Banque BQ;BQ/623;20211115;51200000;CompteLib_0024;;;21K79;20211115;EcritureLib_0521;20250720;304,40;0,00;D;BQ/623;;
BQ;Banque BQ;BQ/624;20211115;60100000;CompteLib_0029;;;21K77;20211115;EcritureLib_0105;20250720;33,94;0,00;D;BQ/624;;
BQ;Banque BQ;BQ/624;20211115;51200000;CompteLib_0024;;;21K77;20211115;EcritureLib_0105;20250720;0,00;33,94;C;BQ/624;;
BQ;Banque BQ;BQ/625;20211115;60100000;CompteLib_0029;;;21K76;20211115;EcritureLib_0307;20250720;19,97;0,00;D;BQ/625;;
BQ;Banque BQ;BQ/625;20211115;51200000;CompteLib_0024;;;21K76;20211115;EcritureLib_0307;20250720;0,00;19,97;C;BQ/625;;
BQ;Banque BQ;BQ/626;20211116;60100000;CompteLib_0029;;;21K80;20211116;EcritureLib_0105;20250720;39,17;0,00;D;BQ/626;;
BQ;Banque BQ;BQ/626;20211116;51200000;CompteLib_0024;;;21K80;20211116;EcritureLib_0105;20250720;0,00;39,17;C;BQ/626;;
BQ;Banque BQ;BQ/627;20211117;53000000;CompteLib_0025;;;21K81;20211117;EcritureLib_0522;20250720;0,00;2940,00;C;BQ/627;;
BQ;Banque BQ;BQ/627;20211117;51200000;CompteLib_0024;;;21K81;20211117;EcritureLib_0522;20250720;2940,00;0,00;D;BQ/627;;
BQ;Banque BQ;BQ/628;20211117;53000000;CompteLib_0025;;;21K82;20211117;EcritureLib_0523;20250720;251,00;0,00;D;BQ/628;;
BQ;Banque BQ;BQ/628;20211117;51200000;CompteLib_0024;;;21K82;20211117;EcritureLib_0523;20250720;0,00;251,00;C;BQ/628;;
BQ;Banque BQ;BQ/629;20211117;62260000;CompteLib_0037;;;21K83;20211117;EcritureLib_0524;20250720;199,00;0,00;D;BQ/629;;
BQ;Banque BQ;BQ/629;20211117;51200000;CompteLib_0024;;;21K83;20211117;EcritureLib_0524;20250720;0,00;238,80;C;BQ/629;;
BQ;Banque BQ;BQ/629;20211117;44566100;CompteLib_0018;;;21K83;20211117;EcritureLib_0524;20250720;39,80;0,00;D;BQ/629;;
BQ;Banque BQ;BQ/630;20211117;62260000;CompteLib_0037;;;21K84;20211117;EcritureLib_0524;20250720;78,00;0,00;D;BQ/630;;
BQ;Banque BQ;BQ/630;20211117;51200000;CompteLib_0024;;;21K84;20211117;EcritureLib_0524;20250720;0,00;93,60;C;BQ/630;;
BQ;Banque BQ;BQ/630;20211117;44566100;CompteLib_0018;;;21K84;20211117;EcritureLib_0524;20250720;15,60;0,00;D;BQ/630;;
BQ;Banque BQ;BQ/631;20211117;45500000;CompteLib_0023;;;21K85;20211117;EcritureLib_0525;20250720;45,65;0,00;D;BQ/631;;
BQ;Banque BQ;BQ/631;20211117;51200000;CompteLib_0024;;;21K85;20211117;EcritureLib_0525;20250720;0,00;45,65;C;BQ/631;;
BQ;Banque BQ;BQ/632;20211117;51100000;CompteLib_0051;;;21K86;20211117;EcritureLib_0526;20250720;0,00;16,80;C;BQ/632;;
BQ;Banque BQ;BQ/632;20211117;51200000;CompteLib_0024;;;21K86;20211117;EcritureLib_0526;20250720;16,80;0,00;D;BQ/632;;
BQ;Banque BQ;BQ/633;20211117;51100000;CompteLib_0051;;;21K87;20211117;EcritureLib_0527;20250720;0,00;114,40;C;BQ/633;;
BQ;Banque BQ;BQ/633;20211117;51200000;CompteLib_0024;;;21K87;20211117;EcritureLib_0527;20250720;114,40;0,00;D;BQ/633;;
BQ;Banque BQ;BQ/634;20211118;51100000;CompteLib_0051;;;21K88;20211118;EcritureLib_0528;20250720;0,00;44,60;C;BQ/634;;
BQ;Banque BQ;BQ/634;20211118;51200000;CompteLib_0024;;;21K88;20211118;EcritureLib_0528;20250720;44,60;0,00;D;BQ/634;;
BQ;Banque BQ;BQ/635;20211118;51100000;CompteLib_0051;;;21K89;20211118;EcritureLib_0529;20250720;0,00;233,50;C;BQ/635;;
BQ;Banque BQ;BQ/635;20211118;51200000;CompteLib_0024;;;21K89;20211118;EcritureLib_0529;20250720;233,50;0,00;D;BQ/635;;
BQ;Banque BQ;BQ/636;20211119;60100000;CompteLib_0029;;;21K96;20211119;EcritureLib_0530;20250720;16,00;0,00;D;BQ/636;;
BQ;Banque BQ;BQ/636;20211119;51200000;CompteLib_0024;;;21K96;20211119;EcritureLib_0530;20250720;0,00;16,00;C;BQ/636;;
BQ;Banque BQ;BQ/637;20211119;51100000;CompteLib_0051;;;21K90;20211119;EcritureLib_0531;20250720;0,00;8,30;C;BQ/637;;
BQ;Banque BQ;BQ/637;20211119;51200000;CompteLib_0024;;;21K90;20211119;EcritureLib_0531;20250720;8,30;0,00;D;BQ/637;;
BQ;Banque BQ;BQ/638;20211119;51100000;CompteLib_0051;;;21K91;20211119;EcritureLib_0532;20250720;0,00;198,10;C;BQ/638;;
BQ;Banque BQ;BQ/638;20211119;51200000;CompteLib_0024;;;21K91;20211119;EcritureLib_0532;20250720;198,10;0,00;D;BQ/638;;
BQ;Banque BQ;BQ/639;20211119;60614000;CompteLib_0031;;;21K93;20211119;EcritureLib_0124;20250720;89,00;0,00;D;BQ/639;;
BQ;Banque BQ;BQ/639;20211119;51200000;CompteLib_0024;;;21K93;20211119;EcritureLib_0124;20250720;0,00;89,00;C;BQ/639;;
BQ;Banque BQ;BQ/640;20211119;60100000;CompteLib_0029;;;21K94;20211119;EcritureLib_0105;20250720;44,24;0,00;D;BQ/640;;
BQ;Banque BQ;BQ/640;20211119;51200000;CompteLib_0024;;;21K94;20211119;EcritureLib_0105;20250720;0,00;44,24;C;BQ/640;;
BQ;Banque BQ;BQ/641;20211119;40100000;CompteLib_0028;FSPUNTINI;SPUNTINI FOOD'S;21K97;20211119;EcritureLib_0533;20250720;294,19;0,00;D;BQ/641;AZ;20240731
BQ;Banque BQ;BQ/641;20211119;51200000;CompteLib_0024;;;21K97;20211119;EcritureLib_0533;20250720;0,00;294,19;C;BQ/641;;
BQ;Banque BQ;BQ/642;20211119;60630000;CompteLib_0027;;;21K92;20211119;EcritureLib_0066;20250720;53,99;0,00;D;BQ/642;;
BQ;Banque BQ;BQ/642;20211119;51200000;CompteLib_0024;;;21K92;20211119;EcritureLib_0066;20250720;0,00;53,99;C;BQ/642;;
BQ;Banque BQ;BQ/643;20211119;60100000;CompteLib_0029;;;21K95;20211119;EcritureLib_0530;20250720;208,24;0,00;D;BQ/643;;
BQ;Banque BQ;BQ/643;20211119;51200000;CompteLib_0024;;;21K95;20211119;EcritureLib_0530;20250720;0,00;208,24;C;BQ/643;;
BQ;Banque BQ;BQ/644;20211120;51100000;CompteLib_0051;;;21K98;20211120;EcritureLib_0534;20250720;0,00;31,40;C;BQ/644;;
BQ;Banque BQ;BQ/644;20211120;51200000;CompteLib_0024;;;21K98;20211120;EcritureLib_0534;20250720;31,40;0,00;D;BQ/644;;
BQ;Banque BQ;BQ/645;20211120;51100000;CompteLib_0051;;;21K99;20211120;EcritureLib_0535;20250720;0,00;415,30;C;BQ/645;;
BQ;Banque BQ;BQ/645;20211120;51200000;CompteLib_0024;;;21K99;20211120;EcritureLib_0535;20250720;415,30;0,00;D;BQ/645;;
BQ;Banque BQ;BQ/646;20211122;66100000;CompteLib_0040;;;21K100;20211122;EcritureLib_0536;20250720;4,51;0,00;D;BQ/646;;
BQ;Banque BQ;BQ/646;20211122;51200000;CompteLib_0024;;;21K100;20211122;EcritureLib_0536;20250720;0,00;4,51;C;BQ/646;;
BQ;Banque BQ;BQ/647;20211122;51100000;CompteLib_0051;;;21K103;20211122;EcritureLib_0537;20250720;0,00;293,66;C;BQ/647;;
BQ;Banque BQ;BQ/647;20211122;51200000;CompteLib_0024;;;21K103;20211122;EcritureLib_0537;20250720;293,66;0,00;D;BQ/647;;
BQ;Banque BQ;BQ/648;20211122;61200000;CompteLib_0043;;;21K106;20211122;EcritureLib_0538;20250720;326,91;0,00;D;BQ/648;;
BQ;Banque BQ;BQ/648;20211122;51200000;CompteLib_0024;;;21K106;20211122;EcritureLib_0538;20250720;0,00;326,91;C;BQ/648;;
BQ;Banque BQ;BQ/649;20211122;51100000;CompteLib_0051;;;21K107;20211122;EcritureLib_0539;20250720;0,00;181,70;C;BQ/649;;
BQ;Banque BQ;BQ/649;20211122;51200000;CompteLib_0024;;;21K107;20211122;EcritureLib_0539;20250720;181,70;0,00;D;BQ/649;;
BQ;Banque BQ;BQ/650;20211122;51100000;CompteLib_0051;;;21K108;20211122;EcritureLib_0540;20250720;0,00;213,90;C;BQ/650;;
BQ;Banque BQ;BQ/650;20211122;51200000;CompteLib_0024;;;21K108;20211122;EcritureLib_0540;20250720;213,90;0,00;D;BQ/650;;
BQ;Banque BQ;BQ/651;20211122;16410000;CompteLib_0004;;;21K109;20211122;EcritureLib_0541;20250720;197,89;0,00;D;BQ/651;;
BQ;Banque BQ;BQ/651;20211122;51200000;CompteLib_0024;;;21K109;20211122;EcritureLib_0541;20250720;0,00;197,89;C;BQ/651;;
BQ;Banque BQ;BQ/652;20211122;60100000;CompteLib_0029;;;21K104;20211122;EcritureLib_0105;20250720;23,82;0,00;D;BQ/652;;
BQ;Banque BQ;BQ/652;20211122;51200000;CompteLib_0024;;;21K104;20211122;EcritureLib_0105;20250720;0,00;23,82;C;BQ/652;;
BQ;Banque BQ;BQ/653;20211122;60100000;CompteLib_0029;;;21K105;20211122;EcritureLib_0105;20250720;23,80;0,00;D;BQ/653;;
BQ;Banque BQ;BQ/653;20211122;51200000;CompteLib_0024;;;21K105;20211122;EcritureLib_0105;20250720;0,00;23,80;C;BQ/653;;
BQ;Banque BQ;BQ/654;20211122;66100000;CompteLib_0040;;;21K101;20211122;EcritureLib_0542;20250720;4,87;0,00;D;BQ/654;;
BQ;Banque BQ;BQ/654;20211122;51200000;CompteLib_0024;;;21K101;20211122;EcritureLib_0542;20250720;0,00;4,87;C;BQ/654;;
BQ;Banque BQ;BQ/655;20211122;51100000;CompteLib_0051;;;21K102;20211122;EcritureLib_0543;20250720;0,00;140,40;C;BQ/655;;
BQ;Banque BQ;BQ/655;20211122;51200000;CompteLib_0024;;;21K102;20211122;EcritureLib_0543;20250720;140,40;0,00;D;BQ/655;;
BQ;Banque BQ;BQ/656;20211123;60100000;CompteLib_0029;;;21K110;20211123;EcritureLib_0085;20250720;141,81;0,00;D;BQ/656;;
BQ;Banque BQ;BQ/656;20211123;51200000;CompteLib_0024;;;21K110;20211123;EcritureLib_0085;20250720;0,00;141,81;C;BQ/656;;
BQ;Banque BQ;BQ/657;20211124;51100000;CompteLib_0051;;;21K112;20211124;EcritureLib_0544;20250720;0,00;95,00;C;BQ/657;;
BQ;Banque BQ;BQ/657;20211124;51200000;CompteLib_0024;;;21K112;20211124;EcritureLib_0544;20250720;95,00;0,00;D;BQ/657;;
BQ;Banque BQ;BQ/658;20211124;51100000;CompteLib_0051;;;21K111;20211124;EcritureLib_0545;20250720;0,00;40,30;C;BQ/658;;
BQ;Banque BQ;BQ/658;20211124;51200000;CompteLib_0024;;;21K111;20211124;EcritureLib_0545;20250720;40,30;0,00;D;BQ/658;;
BQ;Banque BQ;BQ/659;20211125;43703000;CompteLib_0045;;;21K115;20211125;EcritureLib_0546;20250720;165,22;0,00;D;BQ/659;G;20240826
BQ;Banque BQ;BQ/659;20211125;51200000;CompteLib_0024;;;21K115;20211125;EcritureLib_0546;20250720;0,00;165,22;C;BQ/659;;
BQ;Banque BQ;BQ/660;20211125;51100000;CompteLib_0051;;;21K117;20211125;EcritureLib_0547;20250720;0,00;186,30;C;BQ/660;;
BQ;Banque BQ;BQ/660;20211125;51200000;CompteLib_0024;;;21K117;20211125;EcritureLib_0547;20250720;186,30;0,00;D;BQ/660;;
BQ;Banque BQ;BQ/661;20211125;51100000;CompteLib_0051;;;21K116;20211125;EcritureLib_0548;20250720;0,00;55,10;C;BQ/661;;
BQ;Banque BQ;BQ/661;20211125;51200000;CompteLib_0024;;;21K116;20211125;EcritureLib_0548;20250720;55,10;0,00;D;BQ/661;;
BQ;Banque BQ;BQ/662;20211125;60100000;CompteLib_0029;;;21K114;20211125;EcritureLib_0105;20250720;15,32;0,00;D;BQ/662;;
BQ;Banque BQ;BQ/662;20211125;51200000;CompteLib_0024;;;21K114;20211125;EcritureLib_0105;20250720;0,00;15,32;C;BQ/662;;
BQ;Banque BQ;BQ/663;20211126;60100000;CompteLib_0029;;;21K120;20211126;EcritureLib_0549;20250720;312,93;0,00;D;BQ/663;;
BQ;Banque BQ;BQ/663;20211126;51200000;CompteLib_0024;;;21K120;20211126;EcritureLib_0549;20250720;0,00;312,93;C;BQ/663;;
BQ;Banque BQ;BQ/664;20211126;60100000;CompteLib_0029;;;21K119;20211126;EcritureLib_0105;20250720;51,29;0,00;D;BQ/664;;
BQ;Banque BQ;BQ/664;20211126;51200000;CompteLib_0024;;;21K119;20211126;EcritureLib_0105;20250720;0,00;51,29;C;BQ/664;;
BQ;Banque BQ;BQ/665;20211126;60100000;CompteLib_0029;;;21K118;20211126;EcritureLib_0126;20250720;7,80;0,00;D;BQ/665;;
BQ;Banque BQ;BQ/665;20211126;51200000;CompteLib_0024;;;21K118;20211126;EcritureLib_0126;20250720;0,00;7,80;C;BQ/665;;
BQ;Banque BQ;BQ/666;20211126;51100000;CompteLib_0051;;;21K123;20211126;EcritureLib_0550;20250720;0,00;118,30;C;BQ/666;;
BQ;Banque BQ;BQ/666;20211126;51200000;CompteLib_0024;;;21K123;20211126;EcritureLib_0550;20250720;118,30;0,00;D;BQ/666;;
BQ;Banque BQ;BQ/667;20211126;51100000;CompteLib_0051;;;21K122;20211126;EcritureLib_0551;20250720;0,00;16,60;C;BQ/667;;
BQ;Banque BQ;BQ/667;20211126;51200000;CompteLib_0024;;;21K122;20211126;EcritureLib_0551;20250720;16,60;0,00;D;BQ/667;;
BQ;Banque BQ;BQ/668;20211126;60100000;CompteLib_0029;;;21K121;20211126;EcritureLib_0549;20250720;59,44;0,00;D;BQ/668;;
BQ;Banque BQ;BQ/668;20211126;51200000;CompteLib_0024;;;21K121;20211126;EcritureLib_0549;20250720;0,00;59,44;C;BQ/668;;
BQ;Banque BQ;BQ/669;20211127;51100000;CompteLib_0051;;;21K125;20211127;EcritureLib_0552;20250720;0,00;354,70;C;BQ/669;;
BQ;Banque BQ;BQ/669;20211127;51200000;CompteLib_0024;;;21K125;20211127;EcritureLib_0552;20250720;354,70;0,00;D;BQ/669;;
BQ;Banque BQ;BQ/670;20211127;51100000;CompteLib_0051;;;21K124;20211127;EcritureLib_0553;20250720;0,00;139,70;C;BQ/670;;
BQ;Banque BQ;BQ/670;20211127;51200000;CompteLib_0024;;;21K124;20211127;EcritureLib_0553;20250720;139,70;0,00;D;BQ/670;;
BQ;Banque BQ;BQ/671;20211129;60612000;CompteLib_0039;;;21K131;20211129;EcritureLib_0554;20250720;623,05;0,00;D;BQ/671;;
BQ;Banque BQ;BQ/671;20211129;51200000;CompteLib_0024;;;21K131;20211129;EcritureLib_0554;20250720;0,00;623,05;C;BQ/671;;
BQ;Banque BQ;BQ/672;20211129;51100000;CompteLib_0051;;;21K126;20211129;EcritureLib_0555;20250720;0,00;52,10;C;BQ/672;;
BQ;Banque BQ;BQ/672;20211129;51200000;CompteLib_0024;;;21K126;20211129;EcritureLib_0555;20250720;52,10;0,00;D;BQ/672;;
BQ;Banque BQ;BQ/673;20211129;51100000;CompteLib_0051;;;21K127;20211129;EcritureLib_0556;20250720;0,00;226,40;C;BQ/673;;
BQ;Banque BQ;BQ/673;20211129;51200000;CompteLib_0024;;;21K127;20211129;EcritureLib_0556;20250720;226,40;0,00;D;BQ/673;;
BQ;Banque BQ;BQ/674;20211129;51140000;CompteLib_0052;;;21K132;20211129;EcritureLib_0557;20250720;0,00;23,02;C;BQ/674;;
BQ;Banque BQ;BQ/674;20211129;51200000;CompteLib_0024;;;21K132;20211129;EcritureLib_0557;20250720;23,02;0,00;D;BQ/674;;
BQ;Banque BQ;BQ/675;20211129;51100000;CompteLib_0051;;;21K133;20211129;EcritureLib_0558;20250720;0,00;73,60;C;BQ/675;;
BQ;Banque BQ;BQ/675;20211129;51200000;CompteLib_0024;;;21K133;20211129;EcritureLib_0558;20250720;73,60;0,00;D;BQ/675;;
BQ;Banque BQ;BQ/676;20211129;51100000;CompteLib_0051;;;21K134;20211129;EcritureLib_0559;20250720;0,00;361,40;C;BQ/676;;
BQ;Banque BQ;BQ/676;20211129;51200000;CompteLib_0024;;;21K134;20211129;EcritureLib_0559;20250720;361,40;0,00;D;BQ/676;;
BQ;Banque BQ;BQ/677;20211129;60100000;CompteLib_0029;;;21K128;20211129;EcritureLib_0105;20250720;63,72;0,00;D;BQ/677;;
BQ;Banque BQ;BQ/677;20211129;51200000;CompteLib_0024;;;21K128;20211129;EcritureLib_0105;20250720;0,00;63,72;C;BQ/677;;
BQ;Banque BQ;BQ/678;20211129;60100000;CompteLib_0029;;;21K130;20211129;EcritureLib_0560;20250720;16,01;0,00;D;BQ/678;;
BQ;Banque BQ;BQ/678;20211129;51200000;CompteLib_0024;;;21K130;20211129;EcritureLib_0560;20250720;0,00;16,01;C;BQ/678;;
BQ;Banque BQ;BQ/679;20211129;60100000;CompteLib_0029;;;21K129;20211129;EcritureLib_0560;20250720;251,29;0,00;D;BQ/679;;
BQ;Banque BQ;BQ/679;20211129;51200000;CompteLib_0024;;;21K129;20211129;EcritureLib_0560;20250720;0,00;251,29;C;BQ/679;;
BQ;Banque BQ;BQ/680;20211130;42100000;CompteLib_0010;;;21K137;20211130;EcritureLib_0561;20250720;394,66;0,00;D;BQ/680;M;20240802
BQ;Banque BQ;BQ/680;20211130;51200000;CompteLib_0024;;;21K137;20211130;EcritureLib_0561;20250720;0,00;394,66;C;BQ/680;;
BQ;Banque BQ;BQ/681;20211130;42100000;CompteLib_0010;;;21K136;20211130;EcritureLib_0562;20250720;601,87;0,00;D;BQ/681;M;20240802
BQ;Banque BQ;BQ/681;20211130;51200000;CompteLib_0024;;;21K136;20211130;EcritureLib_0562;20250720;0,00;601,87;C;BQ/681;;
BQ;Banque BQ;BQ/682;20211130;42100000;CompteLib_0010;;;21K135;20211130;EcritureLib_0563;20250720;421,26;0,00;D;BQ/682;M;20240802
BQ;Banque BQ;BQ/682;20211130;51200000;CompteLib_0024;;;21K135;20211130;EcritureLib_0563;20250720;0,00;421,26;C;BQ/682;;
BQ;Banque BQ;BQ/683;20211130;42100000;CompteLib_0010;;;21K138;20211130;EcritureLib_0564;20250720;285,12;0,00;D;BQ/683;M;20240802
BQ;Banque BQ;BQ/683;20211130;51200000;CompteLib_0024;;;21K138;20211130;EcritureLib_0564;20250720;0,00;285,12;C;BQ/683;;
BQ;Banque BQ;BQ/684;20211201;51100000;CompteLib_0051;;;21L3;20211201;EcritureLib_0565;20250720;0,00;29,60;C;BQ/684;;
BQ;Banque BQ;BQ/684;20211201;51200000;CompteLib_0024;;;21L3;20211201;EcritureLib_0565;20250720;29,60;0,00;D;BQ/684;;
BQ;Banque BQ;BQ/685;20211201;51100000;CompteLib_0051;;;21L4;20211201;EcritureLib_0566;20250720;0,00;126,80;C;BQ/685;;
BQ;Banque BQ;BQ/685;20211201;51200000;CompteLib_0024;;;21L4;20211201;EcritureLib_0566;20250720;126,80;0,00;D;BQ/685;;
BQ;Banque BQ;BQ/686;20211201;60100000;CompteLib_0029;;;21L2;20211201;EcritureLib_0105;20250720;28,60;0,00;D;BQ/686;;
BQ;Banque BQ;BQ/686;20211201;51200000;CompteLib_0024;;;21L2;20211201;EcritureLib_0105;20250720;0,00;28,60;C;BQ/686;;
BQ;Banque BQ;BQ/687;20211201;61600000;CompteLib_0035;;;21L1;20211201;EcritureLib_0567;20250720;92,12;0,00;D;BQ/687;;
BQ;Banque BQ;BQ/687;20211201;51200000;CompteLib_0024;;;21L1;20211201;EcritureLib_0567;20250720;0,00;92,12;C;BQ/687;;
BQ;Banque BQ;BQ/688;20211202;60100000;CompteLib_0029;;;21L6;20211202;EcritureLib_0105;20250720;13,63;0,00;D;BQ/688;;
BQ;Banque BQ;BQ/688;20211202;51200000;CompteLib_0024;;;21L6;20211202;EcritureLib_0105;20250720;0,00;13,63;C;BQ/688;;
BQ;Banque BQ;BQ/689;20211202;61600000;CompteLib_0035;;;21L9;20211202;EcritureLib_0568;20250720;24,08;0,00;D;BQ/689;;
BQ;Banque BQ;BQ/689;20211202;51200000;CompteLib_0024;;;21L9;20211202;EcritureLib_0568;20250720;0,00;24,08;C;BQ/689;;
BQ;Banque BQ;BQ/690;20211202;51100000;CompteLib_0051;;;21L7;20211202;EcritureLib_0569;20250720;0,00;52,70;C;BQ/690;;
BQ;Banque BQ;BQ/690;20211202;51200000;CompteLib_0024;;;21L7;20211202;EcritureLib_0569;20250720;52,70;0,00;D;BQ/690;;
BQ;Banque BQ;BQ/691;20211202;51100000;CompteLib_0051;;;21L8;20211202;EcritureLib_0570;20250720;0,00;150,70;C;BQ/691;;
BQ;Banque BQ;BQ/691;20211202;51200000;CompteLib_0024;;;21L8;20211202;EcritureLib_0570;20250720;150,70;0,00;D;BQ/691;;
BQ;Banque BQ;BQ/692;20211203;51140000;CompteLib_0052;;;21L16;20211203;EcritureLib_0571;20250720;0,00;17,01;C;BQ/692;;
BQ;Banque BQ;BQ/692;20211203;51200000;CompteLib_0024;;;21L16;20211203;EcritureLib_0571;20250720;17,01;0,00;D;BQ/692;;
BQ;Banque BQ;BQ/693;20211203;60100000;CompteLib_0029;;;21L10;20211203;EcritureLib_0105;20250720;77,30;0,00;D;BQ/693;;
BQ;Banque BQ;BQ/693;20211203;51200000;CompteLib_0024;;;21L10;20211203;EcritureLib_0105;20250720;0,00;77,30;C;BQ/693;;
BQ;Banque BQ;BQ/694;20211203;60100000;CompteLib_0029;;;21L12;20211203;EcritureLib_0572;20250720;66,66;0,00;D;BQ/694;;
BQ;Banque BQ;BQ/694;20211203;51200000;CompteLib_0024;;;21L12;20211203;EcritureLib_0572;20250720;0,00;66,66;C;BQ/694;;
BQ;Banque BQ;BQ/695;20211203;60100000;CompteLib_0029;;;21L11;20211203;EcritureLib_0572;20250720;333,58;0,00;D;BQ/695;;
BQ;Banque BQ;BQ/695;20211203;51200000;CompteLib_0024;;;21L11;20211203;EcritureLib_0572;20250720;0,00;333,58;C;BQ/695;;
BQ;Banque BQ;BQ/696;20211203;51140000;CompteLib_0052;;;21L14;20211203;EcritureLib_0573;20250720;0,00;17,21;C;BQ/696;;
BQ;Banque BQ;BQ/696;20211203;51200000;CompteLib_0024;;;21L14;20211203;EcritureLib_0573;20250720;17,21;0,00;D;BQ/696;;
BQ;Banque BQ;BQ/697;20211203;51140000;CompteLib_0052;;;21L15;20211203;EcritureLib_0574;20250720;0,00;26,16;C;BQ/697;;
BQ;Banque BQ;BQ/697;20211203;51200000;CompteLib_0024;;;21L15;20211203;EcritureLib_0574;20250720;26,16;0,00;D;BQ/697;;
BQ;Banque BQ;BQ/698;20211203;51100000;CompteLib_0051;;;21L17;20211203;EcritureLib_0575;20250720;0,00;146,20;C;BQ/698;;
BQ;Banque BQ;BQ/698;20211203;51200000;CompteLib_0024;;;21L17;20211203;EcritureLib_0575;20250720;146,20;0,00;D;BQ/698;;
BQ;Banque BQ;BQ/699;20211203;51140000;CompteLib_0052;;;21L13;20211203;EcritureLib_0576;20250720;0,00;7,09;C;BQ/699;;
BQ;Banque BQ;BQ/699;20211203;51200000;CompteLib_0024;;;21L13;20211203;EcritureLib_0576;20250720;7,09;0,00;D;BQ/699;;
BQ;Banque BQ;BQ/700;20211204;51100000;CompteLib_0051;;;21L20;20211204;EcritureLib_0577;20250720;0,00;272,80;C;BQ/700;;
BQ;Banque BQ;BQ/700;20211204;51200000;CompteLib_0024;;;21L20;20211204;EcritureLib_0577;20250720;272,80;0,00;D;BQ/700;;
BQ;Banque BQ;BQ/701;20211204;62700000;CompteLib_0036;;;21L18;20211204;EcritureLib_0578;20250720;37,53;0,00;D;BQ/701;;
BQ;Banque BQ;BQ/701;20211204;51200000;CompteLib_0024;;;21L18;20211204;EcritureLib_0578;20250720;0,00;37,53;C;BQ/701;;
BQ;Banque BQ;BQ/702;20211204;51100000;CompteLib_0051;;;21L19;20211204;EcritureLib_0579;20250720;0,00;55,90;C;BQ/702;;
BQ;Banque BQ;BQ/702;20211204;51200000;CompteLib_0024;;;21L19;20211204;EcritureLib_0579;20250720;55,90;0,00;D;BQ/702;;
BQ;Banque BQ;BQ/703;20211206;51100000;CompteLib_0051;;;21L30;20211206;EcritureLib_0580;20250720;0,00;214,20;C;BQ/703;;
BQ;Banque BQ;BQ/703;20211206;51200000;CompteLib_0024;;;21L30;20211206;EcritureLib_0580;20250720;214,20;0,00;D;BQ/703;;
BQ;Banque BQ;BQ/704;20211206;60100000;CompteLib_0029;;;21L25;20211206;EcritureLib_0105;20250720;22,69;0,00;D;BQ/704;;
BQ;Banque BQ;BQ/704;20211206;51200000;CompteLib_0024;;;21L25;20211206;EcritureLib_0105;20250720;0,00;22,69;C;BQ/704;;
BQ;Banque BQ;BQ/705;20211206;61600000;CompteLib_0035;;;21L21;20211206;EcritureLib_0581;20250720;55,40;0,00;D;BQ/705;;
BQ;Banque BQ;BQ/705;20211206;51200000;CompteLib_0024;;;21L21;20211206;EcritureLib_0581;20250720;0,00;55,40;C;BQ/705;;
BQ;Banque BQ;BQ/706;20211206;60100000;CompteLib_0029;;;21L26;20211206;EcritureLib_0105;20250720;19,15;0,00;D;BQ/706;;
BQ;Banque BQ;BQ/706;20211206;51200000;CompteLib_0024;;;21L26;20211206;EcritureLib_0105;20250720;0,00;19,15;C;BQ/706;;
BQ;Banque BQ;BQ/707;20211206;60614000;CompteLib_0031;;;21L24;20211206;EcritureLib_0124;20250720;81,00;0,00;D;BQ/707;;
BQ;Banque BQ;BQ/707;20211206;51200000;CompteLib_0024;;;21L24;20211206;EcritureLib_0124;20250720;0,00;81,00;C;BQ/707;;
BQ;Banque BQ;BQ/708;20211206;51100000;CompteLib_0051;;;21L23;20211206;EcritureLib_0582;20250720;0,00;267,70;C;BQ/708;;
BQ;Banque BQ;BQ/708;20211206;51200000;CompteLib_0024;;;21L23;20211206;EcritureLib_0582;20250720;267,70;0,00;D;BQ/708;;
BQ;Banque BQ;BQ/709;20211206;51100000;CompteLib_0051;;;21L22;20211206;EcritureLib_0583;20250720;0,00;137,50;C;BQ/709;;
BQ;Banque BQ;BQ/709;20211206;51200000;CompteLib_0024;;;21L22;20211206;EcritureLib_0583;20250720;137,50;0,00;D;BQ/709;;
BQ;Banque BQ;BQ/710;20211206;61321000;CompteLib_0038;;;21L29;20211206;EcritureLib_0084;20250720;1000,00;0,00;D;BQ/710;;
BQ;Banque BQ;BQ/710;20211206;44566100;CompteLib_0018;;;21L29;20211206;EcritureLib_0084;20250720;200,00;0,00;D;BQ/710;;
BQ;Banque BQ;BQ/710;20211206;51200000;CompteLib_0024;;;21L29;20211206;EcritureLib_0084;20250720;0,00;1200,00;C;BQ/710;;
BQ;Banque BQ;BQ/711;20211206;60612000;CompteLib_0039;;;21L28;20211206;EcritureLib_0058;20250720;0,00;130,00;C;BQ/711;;
BQ;Banque BQ;BQ/711;20211206;51200000;CompteLib_0024;;;21L28;20211206;EcritureLib_0058;20250720;130,00;0,00;D;BQ/711;;
BQ;Banque BQ;BQ/712;20211206;40100000;CompteLib_0028;FSPUNTINI;SPUNTINI FOOD'S;21L27;20211206;EcritureLib_0584;20250720;245,90;0,00;D;BQ/712;BA;20240731
BQ;Banque BQ;BQ/712;20211206;51200000;CompteLib_0024;;;21L27;20211206;EcritureLib_0584;20250720;0,00;245,90;C;BQ/712;;
BQ;Banque BQ;BQ/713;20211207;61350000;CompteLib_0041;;;21L32;20211207;EcritureLib_0585;20250720;27,48;0,00;D;BQ/713;;
BQ;Banque BQ;BQ/713;20211207;51200000;CompteLib_0024;;;21L32;20211207;EcritureLib_0585;20250720;0,00;27,48;C;BQ/713;;
BQ;Banque BQ;BQ/714;20211208;60100000;CompteLib_0029;;;21L33;20211208;EcritureLib_0105;20250720;45,15;0,00;D;BQ/714;;
BQ;Banque BQ;BQ/714;20211208;51200000;CompteLib_0024;;;21L33;20211208;EcritureLib_0105;20250720;0,00;45,15;C;BQ/714;;
BQ;Banque BQ;BQ/715;20211208;51100000;CompteLib_0051;;;21L35;20211208;EcritureLib_0586;20250720;0,00;129,70;C;BQ/715;;
BQ;Banque BQ;BQ/715;20211208;51200000;CompteLib_0024;;;21L35;20211208;EcritureLib_0586;20250720;129,70;0,00;D;BQ/715;;
BQ;Banque BQ;BQ/716;20211208;51100000;CompteLib_0051;;;21L34;20211208;EcritureLib_0587;20250720;0,00;18,10;C;BQ/716;;
BQ;Banque BQ;BQ/716;20211208;51200000;CompteLib_0024;;;21L34;20211208;EcritureLib_0587;20250720;18,10;0,00;D;BQ/716;;
BQ;Banque BQ;BQ/717;20211209;51100000;CompteLib_0051;;;21L38;20211209;EcritureLib_0588;20250720;0,00;194,60;C;BQ/717;;
BQ;Banque BQ;BQ/717;20211209;51200000;CompteLib_0024;;;21L38;20211209;EcritureLib_0588;20250720;194,60;0,00;D;BQ/717;;
BQ;Banque BQ;BQ/718;20211209;51100000;CompteLib_0051;;;21L37;20211209;EcritureLib_0589;20250720;0,00;58,60;C;BQ/718;;
BQ;Banque BQ;BQ/718;20211209;51200000;CompteLib_0024;;;21L37;20211209;EcritureLib_0589;20250720;58,60;0,00;D;BQ/718;;
BQ;Banque BQ;BQ/719;20211210;51100000;CompteLib_0051;;;21L48;20211210;EcritureLib_0590;20250720;0,00;87,10;C;BQ/719;;
BQ;Banque BQ;BQ/719;20211210;51200000;CompteLib_0024;;;21L48;20211210;EcritureLib_0590;20250720;87,10;0,00;D;BQ/719;;
BQ;Banque BQ;BQ/720;20211210;62700000;CompteLib_0036;;;21L43;20211210;EcritureLib_0591;20250720;10,90;0,00;D;BQ/720;;
BQ;Banque BQ;BQ/720;20211210;51200000;CompteLib_0024;;;21L43;20211210;EcritureLib_0591;20250720;0,00;10,90;C;BQ/720;;
BQ;Banque BQ;BQ/721;20211210;61350000;CompteLib_0041;;;21L44;20211210;EcritureLib_0592;20250720;142,74;0,00;D;BQ/721;;
BQ;Banque BQ;BQ/721;20211210;51200000;CompteLib_0024;;;21L44;20211210;EcritureLib_0592;20250720;0,00;142,74;C;BQ/721;;
BQ;Banque BQ;BQ/722;20211210;51140000;CompteLib_0052;;;21L45;20211210;EcritureLib_0593;20250720;0,00;6,81;C;BQ/722;;
BQ;Banque BQ;BQ/722;20211210;51200000;CompteLib_0024;;;21L45;20211210;EcritureLib_0593;20250720;6,81;0,00;D;BQ/722;;
BQ;Banque BQ;BQ/723;20211210;51140000;CompteLib_0052;;;21L46;20211210;EcritureLib_0594;20250720;0,00;5,28;C;BQ/723;;
BQ;Banque BQ;BQ/723;20211210;51200000;CompteLib_0024;;;21L46;20211210;EcritureLib_0594;20250720;5,28;0,00;D;BQ/723;;
BQ;Banque BQ;BQ/724;20211210;51100000;CompteLib_0051;;;21L47;20211210;EcritureLib_0595;20250720;0,00;7,80;C;BQ/724;;
BQ;Banque BQ;BQ/724;20211210;51200000;CompteLib_0024;;;21L47;20211210;EcritureLib_0595;20250720;7,80;0,00;D;BQ/724;;
BQ;Banque BQ;BQ/725;20211210;60100000;CompteLib_0029;;;21L41;20211210;EcritureLib_0105;20250720;45,27;0,00;D;BQ/725;;
BQ;Banque BQ;BQ/725;20211210;51200000;CompteLib_0024;;;21L41;20211210;EcritureLib_0105;20250720;0,00;45,27;C;BQ/725;;
BQ;Banque BQ;BQ/726;20211210;16400000;CompteLib_0004;;;21L39;20211210;EcritureLib_0596;20250720;674,28;0,00;D;BQ/726;;
BQ;Banque BQ;BQ/726;20211210;51200000;CompteLib_0024;;;21L39;20211210;EcritureLib_0596;20250720;0,00;674,28;C;BQ/726;;
BQ;Banque BQ;BQ/727;20211210;66100000;CompteLib_0040;;;21L40;20211210;EcritureLib_0597;20250720;30,32;0,00;D;BQ/727;;
BQ;Banque BQ;BQ/727;20211210;51200000;CompteLib_0024;;;21L40;20211210;EcritureLib_0597;20250720;0,00;30,32;C;BQ/727;;
BQ;Banque BQ;BQ/728;20211210;40100000;CompteLib_0028;FSPUNTINI;SPUNTINI FOOD'S;21L42;20211210;EcritureLib_0598;20250720;296,10;0,00;D;BQ/728;BC;20240731
BQ;Banque BQ;BQ/728;20211210;51200000;CompteLib_0024;;;21L42;20211210;EcritureLib_0598;20250720;0,00;296,10;C;BQ/728;;
BQ;Banque BQ;BQ/729;20211211;51100000;CompteLib_0051;;;21L49;20211211;EcritureLib_0599;20250720;0,00;92,20;C;BQ/729;;
BQ;Banque BQ;BQ/729;20211211;51200000;CompteLib_0024;;;21L49;20211211;EcritureLib_0599;20250720;92,20;0,00;D;BQ/729;;
BQ;Banque BQ;BQ/730;20211211;51100000;CompteLib_0051;;;21L50;20211211;EcritureLib_0600;20250720;0,00;458,70;C;BQ/730;;
BQ;Banque BQ;BQ/730;20211211;51200000;CompteLib_0024;;;21L50;20211211;EcritureLib_0600;20250720;458,70;0,00;D;BQ/730;;
BQ;Banque BQ;BQ/731;20211213;51100000;CompteLib_0051;;;21L52;20211213;EcritureLib_0601;20250720;0,00;303,58;C;BQ/731;;
BQ;Banque BQ;BQ/731;20211213;51200000;CompteLib_0024;;;21L52;20211213;EcritureLib_0601;20250720;303,58;0,00;D;BQ/731;;
BQ;Banque BQ;BQ/732;20211213;51100000;CompteLib_0051;;;21L51;20211213;EcritureLib_0602;20250720;0,00;53,90;C;BQ/732;;
BQ;Banque BQ;BQ/732;20211213;51200000;CompteLib_0024;;;21L51;20211213;EcritureLib_0602;20250720;53,90;0,00;D;BQ/732;;
BQ;Banque BQ;BQ/733;20211213;51100000;CompteLib_0051;;;21L54;20211213;EcritureLib_0603;20250720;0,00;338,50;C;BQ/733;;
BQ;Banque BQ;BQ/733;20211213;51200000;CompteLib_0024;;;21L54;20211213;EcritureLib_0603;20250720;338,50;0,00;D;BQ/733;;
BQ;Banque BQ;BQ/734;20211213;51100000;CompteLib_0051;;;21L53;20211213;EcritureLib_0604;20250720;0,00;65,50;C;BQ/734;;
BQ;Banque BQ;BQ/734;20211213;51200000;CompteLib_0024;;;21L53;20211213;EcritureLib_0604;20250720;65,50;0,00;D;BQ/734;;
BQ;Banque BQ;BQ/735;20211214;60630000;CompteLib_0027;;;21L58;20211214;EcritureLib_0605;20250720;329,70;0,00;D;BQ/735;;
BQ;Banque BQ;BQ/735;20211214;51200000;CompteLib_0024;;;21L58;20211214;EcritureLib_0605;20250720;0,00;329,70;C;BQ/735;;
BQ;Banque BQ;BQ/736;20211214;60100000;CompteLib_0029;;;21L55;20211214;EcritureLib_0105;20250720;35,61;0,00;D;BQ/736;;
BQ;Banque BQ;BQ/736;20211214;51200000;CompteLib_0024;;;21L55;20211214;EcritureLib_0105;20250720;0,00;35,61;C;BQ/736;;
BQ;Banque BQ;BQ/737;20211214;60100000;CompteLib_0029;;;21L57;20211214;EcritureLib_0105;20250720;13,68;0,00;D;BQ/737;;
BQ;Banque BQ;BQ/737;20211214;51200000;CompteLib_0024;;;21L57;20211214;EcritureLib_0105;20250720;0,00;13,68;C;BQ/737;;
BQ;Banque BQ;BQ/738;20211214;60100000;CompteLib_0029;;;21L56;20211214;EcritureLib_0105;20250720;20,01;0,00;D;BQ/738;;
BQ;Banque BQ;BQ/738;20211214;51200000;CompteLib_0024;;;21L56;20211214;EcritureLib_0105;20250720;0,00;20,01;C;BQ/738;;
BQ;Banque BQ;BQ/739;20211214;61500000;CompteLib_0032;;;21L59;20211214;EcritureLib_0605;20250720;64,46;0,00;D;BQ/739;;
BQ;Banque BQ;BQ/739;20211214;51200000;CompteLib_0024;;;21L59;20211214;EcritureLib_0605;20250720;0,00;64,46;C;BQ/739;;
BQ;Banque BQ;BQ/740;20211215;51100000;CompteLib_0051;;;21L62;20211215;EcritureLib_0606;20250720;0,00;8,90;C;BQ/740;;
BQ;Banque BQ;BQ/740;20211215;51200000;CompteLib_0024;;;21L62;20211215;EcritureLib_0606;20250720;8,90;0,00;D;BQ/740;;
BQ;Banque BQ;BQ/741;20211215;51100000;CompteLib_0051;;;21L63;20211215;EcritureLib_0607;20250720;0,00;28,54;C;BQ/741;;
BQ;Banque BQ;BQ/741;20211215;51200000;CompteLib_0024;;;21L63;20211215;EcritureLib_0607;20250720;28,54;0,00;D;BQ/741;;
BQ;Banque BQ;BQ/742;20211215;45500000;CompteLib_0023;;;21L61;20211215;EcritureLib_0608;20250720;0,00;100,00;C;BQ/742;;
BQ;Banque BQ;BQ/742;20211215;51200000;CompteLib_0024;;;21L61;20211215;EcritureLib_0608;20250720;100,00;0,00;D;BQ/742;;
BQ;Banque BQ;BQ/743;20211215;60614000;CompteLib_0031;;;21L60;20211215;EcritureLib_0124;20250720;72,01;0,00;D;BQ/743;;
BQ;Banque BQ;BQ/743;20211215;51200000;CompteLib_0024;;;21L60;20211215;EcritureLib_0124;20250720;0,00;72,01;C;BQ/743;;
BQ;Banque BQ;BQ/744;20211216;62340000;CompteLib_0034;;;21L69;20211216;EcritureLib_0309;20250720;1,50;0,00;D;BQ/744;;
BQ;Banque BQ;BQ/744;20211216;51200000;CompteLib_0024;;;21L69;20211216;EcritureLib_0309;20250720;0,00;1,50;C;BQ/744;;
BQ;Banque BQ;BQ/745;20211216;60100000;CompteLib_0029;;;21L66;20211216;EcritureLib_0609;20250720;20,52;0,00;D;BQ/745;;
BQ;Banque BQ;BQ/745;20211216;51200000;CompteLib_0024;;;21L66;20211216;EcritureLib_0609;20250720;0,00;20,52;C;BQ/745;;
BQ;Banque BQ;BQ/746;20211216;62340000;CompteLib_0034;;;21L67;20211216;EcritureLib_0309;20250720;207,00;0,00;D;BQ/746;;
BQ;Banque BQ;BQ/746;20211216;51200000;CompteLib_0024;;;21L67;20211216;EcritureLib_0309;20250720;0,00;207,00;C;BQ/746;;
BQ;Banque BQ;BQ/747;20211216;62340000;CompteLib_0034;;;21L68;20211216;EcritureLib_0309;20250720;20,00;0,00;D;BQ/747;;
BQ;Banque BQ;BQ/747;20211216;51200000;CompteLib_0024;;;21L68;20211216;EcritureLib_0309;20250720;0,00;20,00;C;BQ/747;;
BQ;Banque BQ;BQ/748;20211216;51140000;CompteLib_0052;;;21L72;20211216;EcritureLib_0610;20250720;0,00;4,72;C;BQ/748;;
BQ;Banque BQ;BQ/748;20211216;51200000;CompteLib_0024;;;21L72;20211216;EcritureLib_0610;20250720;4,72;0,00;D;BQ/748;;
BQ;Banque BQ;BQ/749;20211216;51100000;CompteLib_0051;;;21L73;20211216;EcritureLib_0611;20250720;0,00;10,20;C;BQ/749;;
BQ;Banque BQ;BQ/749;20211216;51200000;CompteLib_0024;;;21L73;20211216;EcritureLib_0611;20250720;10,20;0,00;D;BQ/749;;
BQ;Banque BQ;BQ/750;20211216;51100000;CompteLib_0051;;;21L74;20211216;EcritureLib_0612;20250720;0,00;158,20;C;BQ/750;;
BQ;Banque BQ;BQ/750;20211216;51200000;CompteLib_0024;;;21L74;20211216;EcritureLib_0612;20250720;158,20;0,00;D;BQ/750;;
BQ;Banque BQ;BQ/751;20211216;60100000;CompteLib_0029;;;21L65;20211216;EcritureLib_0613;20250720;266,96;0,00;D;BQ/751;;
BQ;Banque BQ;BQ/751;20211216;51200000;CompteLib_0024;;;21L65;20211216;EcritureLib_0613;20250720;0,00;266,96;C;BQ/751;;
BQ;Banque BQ;BQ/752;20211216;40100000;CompteLib_0028;FNOYEZ;NOYEZ;21L71;20211216;EcritureLib_0614;20250720;351,30;0,00;D;BQ/752;D;20240826
BQ;Banque BQ;BQ/752;20211216;51200000;CompteLib_0024;;;21L71;20211216;EcritureLib_0614;20250720;0,00;351,30;C;BQ/752;;
BQ;Banque BQ;BQ/753;20211216;60100000;CompteLib_0029;;;21L70;20211216;EcritureLib_0613;20250720;79,30;0,00;D;BQ/753;;
BQ;Banque BQ;BQ/753;20211216;51200000;CompteLib_0024;;;21L70;20211216;EcritureLib_0613;20250720;0,00;79,30;C;BQ/753;;
BQ;Banque BQ;BQ/754;20211217;60100000;CompteLib_0029;;;21L75;20211217;EcritureLib_0609;20250720;65,98;0,00;D;BQ/754;;
BQ;Banque BQ;BQ/754;20211217;51200000;CompteLib_0024;;;21L75;20211217;EcritureLib_0609;20250720;0,00;65,98;C;BQ/754;;
BQ;Banque BQ;BQ/755;20211217;40100000;CompteLib_0028;FSPUNTINI;SPUNTINI FOOD'S;21L76;20211217;EcritureLib_0615;20250720;312,80;0,00;D;BQ/755;BB;20240731
BQ;Banque BQ;BQ/755;20211217;51200000;CompteLib_0024;;;21L76;20211217;EcritureLib_0615;20250720;0,00;312,80;C;BQ/755;;
BQ;Banque BQ;BQ/756;20211217;51100000;CompteLib_0051;;;21L77;20211217;EcritureLib_0616;20250720;0,00;69,60;C;BQ/756;;
BQ;Banque BQ;BQ/756;20211217;51200000;CompteLib_0024;;;21L77;20211217;EcritureLib_0616;20250720;69,60;0,00;D;BQ/756;;
BQ;Banque BQ;BQ/757;20211217;51100000;CompteLib_0051;;;21L78;20211217;EcritureLib_0617;20250720;0,00;88,70;C;BQ/757;;
BQ;Banque BQ;BQ/757;20211217;51200000;CompteLib_0024;;;21L78;20211217;EcritureLib_0617;20250720;88,70;0,00;D;BQ/757;;
BQ;Banque BQ;BQ/758;20211218;51100000;CompteLib_0051;;;21L80;20211218;EcritureLib_0618;20250720;0,00;385,55;C;BQ/758;;
BQ;Banque BQ;BQ/758;20211218;51200000;CompteLib_0024;;;21L80;20211218;EcritureLib_0618;20250720;385,55;0,00;D;BQ/758;;
BQ;Banque BQ;BQ/759;20211218;51100000;CompteLib_0051;;;21L79;20211218;EcritureLib_0619;20250720;0,00;53,40;C;BQ/759;;
BQ;Banque BQ;BQ/759;20211218;51200000;CompteLib_0024;;;21L79;20211218;EcritureLib_0619;20250720;53,40;0,00;D;BQ/759;;
BQ;Banque BQ;BQ/760;20211220;61200000;CompteLib_0043;;;21L86;20211220;EcritureLib_0620;20250720;326,91;0,00;D;BQ/760;;
BQ;Banque BQ;BQ/760;20211220;51200000;CompteLib_0024;;;21L86;20211220;EcritureLib_0620;20250720;0,00;326,91;C;BQ/760;;
BQ;Banque BQ;BQ/761;20211220;51100000;CompteLib_0051;;;21L88;20211220;EcritureLib_0621;20250720;0,00;231,20;C;BQ/761;;
BQ;Banque BQ;BQ/761;20211220;51200000;CompteLib_0024;;;21L88;20211220;EcritureLib_0621;20250720;231,20;0,00;D;BQ/761;;
BQ;Banque BQ;BQ/762;20211220;60100000;CompteLib_0029;;;21L84;20211220;EcritureLib_0105;20250720;22,69;0,00;D;BQ/762;;
BQ;Banque BQ;BQ/762;20211220;51200000;CompteLib_0024;;;21L84;20211220;EcritureLib_0105;20250720;0,00;22,69;C;BQ/762;;
BQ;Banque BQ;BQ/763;20211220;60630000;CompteLib_0027;;;21L83;20211220;EcritureLib_0066;20250720;20,58;0,00;D;BQ/763;;
BQ;Banque BQ;BQ/763;20211220;51200000;CompteLib_0024;;;21L83;20211220;EcritureLib_0066;20250720;0,00;20,58;C;BQ/763;;
BQ;Banque BQ;BQ/764;20211220;60100000;CompteLib_0029;;;21L85;20211220;EcritureLib_0609;20250720;37,27;0,00;D;BQ/764;;
BQ;Banque BQ;BQ/764;20211220;51200000;CompteLib_0024;;;21L85;20211220;EcritureLib_0609;20250720;0,00;37,27;C;BQ/764;;
BQ;Banque BQ;BQ/765;20211220;51100000;CompteLib_0051;;;21L87;20211220;EcritureLib_0622;20250720;0,00;129,90;C;BQ/765;;
BQ;Banque BQ;BQ/765;20211220;51200000;CompteLib_0024;;;21L87;20211220;EcritureLib_0622;20250720;129,90;0,00;D;BQ/765;;
BQ;Banque BQ;BQ/766;20211220;51100000;CompteLib_0051;;;21L81;20211220;EcritureLib_0623;20250720;0,00;75,90;C;BQ/766;;
BQ;Banque BQ;BQ/766;20211220;51200000;CompteLib_0024;;;21L81;20211220;EcritureLib_0623;20250720;75,90;0,00;D;BQ/766;;
BQ;Banque BQ;BQ/767;20211220;51100000;CompteLib_0051;;;21L82;20211220;EcritureLib_0624;20250720;0,00;95,30;C;BQ/767;;
BQ;Banque BQ;BQ/767;20211220;51200000;CompteLib_0024;;;21L82;20211220;EcritureLib_0624;20250720;95,30;0,00;D;BQ/767;;
BQ;Banque BQ;BQ/768;20211221;44566100;CompteLib_0018;;;21L89;20211221;EcritureLib_0625;20250720;39,80;0,00;D;BQ/768;;
BQ;Banque BQ;BQ/768;20211221;62260000;CompteLib_0037;;;21L89;20211221;EcritureLib_0625;20250720;199,00;0,00;D;BQ/768;;
BQ;Banque BQ;BQ/768;20211221;51200000;CompteLib_0024;;;21L89;20211221;EcritureLib_0625;20250720;0,00;238,80;C;BQ/768;;
BQ;Banque BQ;BQ/769;20211221;62261000;CompteLib_0037;;;21L90;20211221;EcritureLib_0625;20250720;78,00;0,00;D;BQ/769;;
BQ;Banque BQ;BQ/769;20211221;44566100;CompteLib_0018;;;21L90;20211221;EcritureLib_0625;20250720;15,60;0,00;D;BQ/769;;
BQ;Banque BQ;BQ/769;20211221;51200000;CompteLib_0024;;;21L90;20211221;EcritureLib_0625;20250720;0,00;93,60;C;BQ/769;;
BQ;Banque BQ;BQ/770;20211222;51100000;CompteLib_0051;;;21L97;20211222;EcritureLib_0626;20250720;0,00;94,40;C;BQ/770;;
BQ;Banque BQ;BQ/770;20211222;51200000;CompteLib_0024;;;21L97;20211222;EcritureLib_0626;20250720;94,40;0,00;D;BQ/770;;
BQ;Banque BQ;BQ/771;20211222;66100000;CompteLib_0040;;;21L92;20211222;EcritureLib_0627;20250720;4,42;0,00;D;BQ/771;;
BQ;Banque BQ;BQ/771;20211222;51200000;CompteLib_0024;;;21L92;20211222;EcritureLib_0627;20250720;0,00;4,42;C;BQ/771;;
BQ;Banque BQ;BQ/772;20211222;16410000;CompteLib_0004;;;21L91;20211222;EcritureLib_0628;20250720;197,98;0,00;D;BQ/772;;
BQ;Banque BQ;BQ/772;20211222;51200000;CompteLib_0024;;;21L91;20211222;EcritureLib_0628;20250720;0,00;197,98;C;BQ/772;;
BQ;Banque BQ;BQ/773;20211222;66100000;CompteLib_0040;;;21L93;20211222;EcritureLib_0629;20250720;4,78;0,00;D;BQ/773;;
BQ;Banque BQ;BQ/773;20211222;51200000;CompteLib_0024;;;21L93;20211222;EcritureLib_0629;20250720;0,00;4,78;C;BQ/773;;
BQ;Banque BQ;BQ/774;20211222;60100000;CompteLib_0029;;;21L94;20211222;EcritureLib_0609;20250720;6,16;0,00;D;BQ/774;;
BQ;Banque BQ;BQ/774;20211222;51200000;CompteLib_0024;;;21L94;20211222;EcritureLib_0609;20250720;0,00;6,16;C;BQ/774;;
BQ;Banque BQ;BQ/775;20211222;62340000;CompteLib_0034;;;21L95;20211222;EcritureLib_0309;20250720;190,00;0,00;D;BQ/775;;
BQ;Banque BQ;BQ/775;20211222;51200000;CompteLib_0024;;;21L95;20211222;EcritureLib_0309;20250720;0,00;190,00;C;BQ/775;;
BQ;Banque BQ;BQ/776;20211222;62340000;CompteLib_0034;;;21L96;20211222;EcritureLib_0309;20250720;1,50;0,00;D;BQ/776;;
BQ;Banque BQ;BQ/776;20211222;51200000;CompteLib_0024;;;21L96;20211222;EcritureLib_0309;20250720;0,00;1,50;C;BQ/776;;
BQ;Banque BQ;BQ/777;20211223;51100000;CompteLib_0051;;;21L98;20211223;EcritureLib_0630;20250720;0,00;46,90;C;BQ/777;;
BQ;Banque BQ;BQ/777;20211223;51200000;CompteLib_0024;;;21L98;20211223;EcritureLib_0630;20250720;46,90;0,00;D;BQ/777;;
BQ;Banque BQ;BQ/778;20211223;51100000;CompteLib_0051;;;21L99;20211223;EcritureLib_0631;20250720;0,00;131,10;C;BQ/778;;
BQ;Banque BQ;BQ/778;20211223;51200000;CompteLib_0024;;;21L99;20211223;EcritureLib_0631;20250720;131,10;0,00;D;BQ/778;;
BQ;Banque BQ;BQ/779;20211224;51100000;CompteLib_0051;;;21L106;20211224;EcritureLib_0632;20250720;0,00;161,10;C;BQ/779;;
BQ;Banque BQ;BQ/779;20211224;51200000;CompteLib_0024;;;21L106;20211224;EcritureLib_0632;20250720;161,10;0,00;D;BQ/779;;
BQ;Banque BQ;BQ/780;20211224;60100000;CompteLib_0029;;;21L102;20211224;EcritureLib_0633;20250720;302,42;0,00;D;BQ/780;;
BQ;Banque BQ;BQ/780;20211224;51200000;CompteLib_0024;;;21L102;20211224;EcritureLib_0633;20250720;0,00;302,42;C;BQ/780;;
BQ;Banque BQ;BQ/781;20211224;60100000;CompteLib_0029;;;21L103;20211224;EcritureLib_0633;20250720;16,01;0,00;D;BQ/781;;
BQ;Banque BQ;BQ/781;20211224;51200000;CompteLib_0024;;;21L103;20211224;EcritureLib_0633;20250720;0,00;16,01;C;BQ/781;;
BQ;Banque BQ;BQ/782;20211224;40100000;CompteLib_0028;FFLEURS;FLEURS;21L101;20211224;EcritureLib_0634;20250720;38,90;0,00;D;BQ/782;A;20240731
BQ;Banque BQ;BQ/782;20211224;51200000;CompteLib_0024;;;21L101;20211224;EcritureLib_0634;20250720;0,00;38,90;C;BQ/782;;
BQ;Banque BQ;BQ/783;20211224;51120000;CompteLib_0053;;;21L104;20211224;EcritureLib_0635;20250720;0,00;14,50;C;BQ/783;;
BQ;Banque BQ;BQ/783;20211224;51200000;CompteLib_0024;;;21L104;20211224;EcritureLib_0635;20250720;14,50;0,00;D;BQ/783;;
BQ;Banque BQ;BQ/784;20211224;51100000;CompteLib_0051;;;21L105;20211224;EcritureLib_0636;20250720;0,00;64,70;C;BQ/784;;
BQ;Banque BQ;BQ/784;20211224;51200000;CompteLib_0024;;;21L105;20211224;EcritureLib_0636;20250720;64,70;0,00;D;BQ/784;;
BQ;Banque BQ;BQ/785;20211227;63511000;CompteLib_0057;;;21L107;20211227;EcritureLib_0637;20250720;682,00;0,00;D;BQ/785;;
BQ;Banque BQ;BQ/785;20211227;51200000;CompteLib_0024;;;21L107;20211227;EcritureLib_0637;20250720;0,00;682,00;C;BQ/785;;
BQ;Banque BQ;BQ/786;20211227;43703000;CompteLib_0045;;;21L108;20211227;EcritureLib_0638;20250720;128,95;0,00;D;BQ/786;H;20240826
BQ;Banque BQ;BQ/786;20211227;51200000;CompteLib_0024;;;21L108;20211227;EcritureLib_0638;20250720;0,00;128,95;C;BQ/786;;
BQ;Banque BQ;BQ/787;20211228;60612000;CompteLib_0039;;;21L109;20211228;EcritureLib_0639;20250720;623,05;0,00;D;BQ/787;;
BQ;Banque BQ;BQ/787;20211228;51200000;CompteLib_0024;;;21L109;20211228;EcritureLib_0639;20250720;0,00;623,05;C;BQ/787;;
BQ;Banque BQ;BQ/788;20211228;45500000;CompteLib_0023;;;21L110;20211228;EcritureLib_0482;20250720;0,00;2000,00;C;BQ/788;;
BQ;Banque BQ;BQ/788;20211228;51200000;CompteLib_0024;;;21L110;20211228;EcritureLib_0482;20250720;2000,00;0,00;D;BQ/788;;
BQ;Banque BQ;BQ/789;20211229;40100000;CompteLib_0028;FCASTORAMA;CASTORAMA;21L112;20211229;EcritureLib_0081;20250720;132,90;0,00;D;BQ/789;A;20240731
BQ;Banque BQ;BQ/789;20211229;51200000;CompteLib_0024;;;21L112;20211229;EcritureLib_0081;20250720;0,00;132,90;C;BQ/789;;
BQ;Banque BQ;BQ/790;20211229;51140000;CompteLib_0052;;;21L114;20211229;EcritureLib_0640;20250720;0,00;19,98;C;BQ/790;;
BQ;Banque BQ;BQ/790;20211229;51200000;CompteLib_0024;;;21L114;20211229;EcritureLib_0640;20250720;19,98;0,00;D;BQ/790;;
BQ;Banque BQ;BQ/791;20211229;60100000;CompteLib_0029;;;21L113;20211229;EcritureLib_0085;20250720;94,75;0,00;D;BQ/791;;
BQ;Banque BQ;BQ/791;20211229;51200000;CompteLib_0024;;;21L113;20211229;EcritureLib_0085;20250720;0,00;94,75;C;BQ/791;;
BQ;Banque BQ;BQ/792;20211230;60614000;CompteLib_0031;;;21L115;20211230;EcritureLib_0124;20250720;84,01;0,00;D;BQ/792;;
BQ;Banque BQ;BQ/792;20211230;51200000;CompteLib_0024;;;21L115;20211230;EcritureLib_0124;20250720;0,00;84,01;C;BQ/792;;
BQ;Banque BQ;BQ/793;20211230;51140000;CompteLib_0052;;;21L116;20211230;EcritureLib_0641;20250720;0,00;18,48;C;BQ/793;;
BQ;Banque BQ;BQ/793;20211230;51200000;CompteLib_0024;;;21L116;20211230;EcritureLib_0641;20250720;18,48;0,00;D;BQ/793;;
BQ;Banque BQ;BQ/794;20211231;53000000;CompteLib_0025;;;21L117;20211231;EcritureLib_0642;20250720;0,00;2800,00;C;BQ/794;;
BQ;Banque BQ;BQ/794;20211231;51200000;CompteLib_0024;;;21L117;20211231;EcritureLib_0642;20250720;2800,00;0,00;D;BQ/794;;
BQ;Banque BQ;BQ/795;20220103;60100000;CompteLib_0029;;;22A2;20220103;EcritureLib_0105;20250720;99,25;0,00;D;BQ/795;;
BQ;Banque BQ;BQ/795;20220103;51200000;CompteLib_0024;;;22A2;20220103;EcritureLib_0105;20250720;0,00;99,25;C;BQ/795;;
BQ;Banque BQ;BQ/796;20220103;61600000;CompteLib_0035;;;22A1;20220103;EcritureLib_0643;20250720;96,11;0,00;D;BQ/796;;
BQ;Banque BQ;BQ/796;20220103;51200000;CompteLib_0024;;;22A1;20220103;EcritureLib_0643;20250720;0,00;96,11;C;BQ/796;;
BQ;Banque BQ;BQ/797;20220103;51140000;CompteLib_0052;;;22A122;20220103;EcritureLib_0644;20250720;0,00;996,93;C;BQ/797;;
BQ;Banque BQ;BQ/797;20220103;51200000;CompteLib_0024;;;22A122;20220103;EcritureLib_0644;20250720;996,93;0,00;D;BQ/797;;
BQ;Banque BQ;BQ/798;20220104;42100000;CompteLib_0010;;;22A10;20220104;EcritureLib_0645;20250720;703,18;0,00;D;BQ/798;N;20240802
BQ;Banque BQ;BQ/798;20220104;51200000;CompteLib_0024;;;22A10;20220104;EcritureLib_0645;20250720;0,00;703,18;C;BQ/798;;
BQ;Banque BQ;BQ/799;20220104;60612000;CompteLib_0039;;;22A7;20220104;EcritureLib_0058;20250720;0,00;130,00;C;BQ/799;;
BQ;Banque BQ;BQ/799;20220104;51200000;CompteLib_0024;;;22A7;20220104;EcritureLib_0058;20250720;130,00;0,00;D;BQ/799;;
BQ;Banque BQ;BQ/800;20220104;51140000;CompteLib_0052;;;22A125;20220104;EcritureLib_0646;20250720;0,00;138,55;C;BQ/800;;
BQ;Banque BQ;BQ/800;20220104;51200000;CompteLib_0024;;;22A125;20220104;EcritureLib_0646;20250720;138,55;0,00;D;BQ/800;;
BQ;Banque BQ;BQ/801;20220104;61600000;CompteLib_0035;;;22A12;20220104;EcritureLib_0647;20250720;24,08;0,00;D;BQ/801;;
BQ;Banque BQ;BQ/801;20220104;51200000;CompteLib_0024;;;22A12;20220104;EcritureLib_0647;20250720;0,00;24,08;C;BQ/801;;
BQ;Banque BQ;BQ/802;20220104;60100000;CompteLib_0029;;;22A5;20220104;EcritureLib_0105;20250720;59,32;0,00;D;BQ/802;;
BQ;Banque BQ;BQ/802;20220104;51200000;CompteLib_0024;;;22A5;20220104;EcritureLib_0105;20250720;0,00;59,32;C;BQ/802;;
BQ;Banque BQ;BQ/803;20220104;42100000;CompteLib_0010;;;22A11;20220104;EcritureLib_0648;20250720;505,79;0,00;D;BQ/803;N;20240802
BQ;Banque BQ;BQ/803;20220104;51200000;CompteLib_0024;;;22A11;20220104;EcritureLib_0648;20250720;0,00;505,79;C;BQ/803;;
BQ;Banque BQ;BQ/804;20220104;42100000;CompteLib_0010;;;22A9;20220104;EcritureLib_0649;20250720;532,38;0,00;D;BQ/804;N;20240802
BQ;Banque BQ;BQ/804;20220104;51200000;CompteLib_0024;;;22A9;20220104;EcritureLib_0649;20250720;0,00;532,38;C;BQ/804;;
BQ;Banque BQ;BQ/805;20220104;62700000;CompteLib_0036;;;22A4;20220104;EcritureLib_0650;20250720;26,85;0,00;D;BQ/805;;
BQ;Banque BQ;BQ/805;20220104;51200000;CompteLib_0024;;;22A4;20220104;EcritureLib_0650;20250720;0,00;26,85;C;BQ/805;;
BQ;Banque BQ;BQ/806;20220104;60100000;CompteLib_0029;;;22A124;20220104;EcritureLib_0364;20250720;168,88;0,00;D;BQ/806;;
BQ;Banque BQ;BQ/806;20220104;51200000;CompteLib_0024;;;22A124;20220104;EcritureLib_0364;20250720;0,00;168,88;C;BQ/806;;
BQ;Banque BQ;BQ/807;20220105;51140000;CompteLib_0052;;;22A126;20220105;EcritureLib_0651;20250720;0,00;509,52;C;BQ/807;;
BQ;Banque BQ;BQ/807;20220105;51200000;CompteLib_0024;;;22A126;20220105;EcritureLib_0651;20250720;509,52;0,00;D;BQ/807;;
BQ;Banque BQ;BQ/808;20220105;51140000;CompteLib_0052;;;22A127;20220105;EcritureLib_0652;20250720;0,00;293,91;C;BQ/808;;
BQ;Banque BQ;BQ/808;20220105;51200000;CompteLib_0024;;;22A127;20220105;EcritureLib_0652;20250720;293,91;0,00;D;BQ/808;;
BQ;Banque BQ;BQ/809;20220105;61321000;CompteLib_0038;;;22A128;20220105;EcritureLib_0084;20250720;1000,00;0,00;D;BQ/809;;
BQ;Banque BQ;BQ/809;20220105;44566100;CompteLib_0018;;;22A128;20220105;EcritureLib_0084;20250720;200,00;0,00;D;BQ/809;;
BQ;Banque BQ;BQ/809;20220105;51200000;CompteLib_0024;;;22A128;20220105;EcritureLib_0084;20250720;0,00;1200,00;C;BQ/809;;
BQ;Banque BQ;BQ/810;20220105;51100000;CompteLib_0051;;;22A18;20220105;EcritureLib_0653;20250720;0,00;114,60;C;BQ/810;;
BQ;Banque BQ;BQ/810;20220105;51200000;CompteLib_0024;;;22A18;20220105;EcritureLib_0653;20250720;114,60;0,00;D;BQ/810;;
BQ;Banque BQ;BQ/811;20220105;60100000;CompteLib_0029;;;22A14;20220105;EcritureLib_0105;20250720;34,77;0,00;D;BQ/811;;
BQ;Banque BQ;BQ/811;20220105;51200000;CompteLib_0024;;;22A14;20220105;EcritureLib_0105;20250720;0,00;34,77;C;BQ/811;;
BQ;Banque BQ;BQ/812;20220105;61600000;CompteLib_0035;;;22A13;20220105;EcritureLib_0654;20250720;55,40;0,00;D;BQ/812;;
BQ;Banque BQ;BQ/812;20220105;51200000;CompteLib_0024;;;22A13;20220105;EcritureLib_0654;20250720;0,00;55,40;C;BQ/812;;
BQ;Banque BQ;BQ/813;20220106;51100000;CompteLib_0051;;;22A21;20220106;EcritureLib_0655;20250720;0,00;141,40;C;BQ/813;;
BQ;Banque BQ;BQ/813;20220106;51200000;CompteLib_0024;;;22A21;20220106;EcritureLib_0655;20250720;141,40;0,00;D;BQ/813;;
BQ;Banque BQ;BQ/814;20220106;51100000;CompteLib_0051;;;22A20;20220106;EcritureLib_0656;20250720;0,00;20,60;C;BQ/814;;
BQ;Banque BQ;BQ/814;20220106;51200000;CompteLib_0024;;;22A20;20220106;EcritureLib_0656;20250720;20,60;0,00;D;BQ/814;;
BQ;Banque BQ;BQ/815;20220106;60100000;CompteLib_0029;;;22A19;20220106;EcritureLib_0105;20250720;70,03;0,00;D;BQ/815;;
BQ;Banque BQ;BQ/815;20220106;51200000;CompteLib_0024;;;22A19;20220106;EcritureLib_0105;20250720;0,00;70,03;C;BQ/815;;
BQ;Banque BQ;BQ/816;20220107;60100000;CompteLib_0029;;;22A22;20220107;EcritureLib_0105;20250720;44,74;0,00;D;BQ/816;;
BQ;Banque BQ;BQ/816;20220107;51200000;CompteLib_0024;;;22A22;20220107;EcritureLib_0105;20250720;0,00;44,74;C;BQ/816;;
BQ;Banque BQ;BQ/817;20220107;51100000;CompteLib_0051;;;22A23;20220107;EcritureLib_0657;20250720;0,00;4,70;C;BQ/817;;
BQ;Banque BQ;BQ/817;20220107;51200000;CompteLib_0024;;;22A23;20220107;EcritureLib_0657;20250720;4,70;0,00;D;BQ/817;;
BQ;Banque BQ;BQ/818;20220107;51100000;CompteLib_0051;;;22A24;20220107;EcritureLib_0658;20250720;0,00;180,10;C;BQ/818;;
BQ;Banque BQ;BQ/818;20220107;51200000;CompteLib_0024;;;22A24;20220107;EcritureLib_0658;20250720;180,10;0,00;D;BQ/818;;
BQ;Banque BQ;BQ/819;20220108;51100000;CompteLib_0051;;;22A25;20220108;EcritureLib_0659;20250720;0,00;219,60;C;BQ/819;;
BQ;Banque BQ;BQ/819;20220108;51200000;CompteLib_0024;;;22A25;20220108;EcritureLib_0659;20250720;219,60;0,00;D;BQ/819;;
BQ;Banque BQ;BQ/820;20220108;51100000;CompteLib_0051;;;22A26;20220108;EcritureLib_0660;20250720;0,00;422,10;C;BQ/820;;
BQ;Banque BQ;BQ/820;20220108;51200000;CompteLib_0024;;;22A26;20220108;EcritureLib_0660;20250720;422,10;0,00;D;BQ/820;;
BQ;Banque BQ;BQ/821;20220110;60100000;CompteLib_0029;;;22A32;20220110;EcritureLib_0105;20250720;66,05;0,00;D;BQ/821;;
BQ;Banque BQ;BQ/821;20220110;51200000;CompteLib_0024;;;22A32;20220110;EcritureLib_0105;20250720;0,00;66,05;C;BQ/821;;
BQ;Banque BQ;BQ/822;20220110;16400000;CompteLib_0004;;;22A27;20220110;EcritureLib_0661;20250720;674,96;0,00;D;BQ/822;;
BQ;Banque BQ;BQ/822;20220110;51200000;CompteLib_0024;;;22A27;20220110;EcritureLib_0661;20250720;0,00;674,96;C;BQ/822;;
BQ;Banque BQ;BQ/823;20220110;66100000;CompteLib_0040;;;22A28;20220110;EcritureLib_0662;20250720;29,64;0,00;D;BQ/823;;
BQ;Banque BQ;BQ/823;20220110;51200000;CompteLib_0024;;;22A28;20220110;EcritureLib_0662;20250720;0,00;29,64;C;BQ/823;;
BQ;Banque BQ;BQ/824;20220110;51100000;CompteLib_0051;;;22A29;20220110;EcritureLib_0663;20250720;0,00;96,50;C;BQ/824;;
BQ;Banque BQ;BQ/824;20220110;51200000;CompteLib_0024;;;22A29;20220110;EcritureLib_0663;20250720;96,50;0,00;D;BQ/824;;
BQ;Banque BQ;BQ/825;20220110;51100000;CompteLib_0051;;;22A30;20220110;EcritureLib_0664;20250720;0,00;324,69;C;BQ/825;;
BQ;Banque BQ;BQ/825;20220110;51200000;CompteLib_0024;;;22A30;20220110;EcritureLib_0664;20250720;324,69;0,00;D;BQ/825;;
BQ;Banque BQ;BQ/826;20220110;60100000;CompteLib_0029;;;22A33;20220110;EcritureLib_0105;20250720;30,38;0,00;D;BQ/826;;
BQ;Banque BQ;BQ/826;20220110;51200000;CompteLib_0024;;;22A33;20220110;EcritureLib_0105;20250720;0,00;30,38;C;BQ/826;;
BQ;Banque BQ;BQ/827;20220110;40100000;CompteLib_0028;FSPUNTINI;SPUNTINI FOOD'S;22A34;20220110;EcritureLib_0665;20250720;218,66;0,00;D;BQ/827;BD;20240731
BQ;Banque BQ;BQ/827;20220110;51200000;CompteLib_0024;;;22A34;20220110;EcritureLib_0665;20250720;0,00;218,66;C;BQ/827;;
BQ;Banque BQ;BQ/828;20220110;62700000;CompteLib_0036;;;22A35;20220110;EcritureLib_0666;20250720;10,90;0,00;D;BQ/828;;
BQ;Banque BQ;BQ/828;20220110;51200000;CompteLib_0024;;;22A35;20220110;EcritureLib_0666;20250720;0,00;10,90;C;BQ/828;;
BQ;Banque BQ;BQ/829;20220110;61350000;CompteLib_0041;;;22A130;20220110;EcritureLib_0667;20250720;142,74;0,00;D;BQ/829;;
BQ;Banque BQ;BQ/829;20220110;51200000;CompteLib_0024;;;22A130;20220110;EcritureLib_0667;20250720;0,00;142,74;C;BQ/829;;
BQ;Banque BQ;BQ/830;20220110;51100000;CompteLib_0051;;;22A37;20220110;EcritureLib_0668;20250720;0,00;71,00;C;BQ/830;;
BQ;Banque BQ;BQ/830;20220110;51200000;CompteLib_0024;;;22A37;20220110;EcritureLib_0668;20250720;71,00;0,00;D;BQ/830;;
BQ;Banque BQ;BQ/831;20220110;51100000;CompteLib_0051;;;22A38;20220110;EcritureLib_0669;20250720;0,00;226,70;C;BQ/831;;
BQ;Banque BQ;BQ/831;20220110;51200000;CompteLib_0024;;;22A38;20220110;EcritureLib_0669;20250720;226,70;0,00;D;BQ/831;;
BQ;Banque BQ;BQ/832;20220110;60614000;CompteLib_0031;;;22A31;20220110;EcritureLib_0124;20250720;67,01;0,00;D;BQ/832;;
BQ;Banque BQ;BQ/832;20220110;51200000;CompteLib_0024;;;22A31;20220110;EcritureLib_0124;20250720;0,00;67,01;C;BQ/832;;
BQ;Banque BQ;BQ/833;20220111;60100000;CompteLib_0029;;;22A39;20220111;EcritureLib_0105;20250720;15,72;0,00;D;BQ/833;;
BQ;Banque BQ;BQ/833;20220111;51200000;CompteLib_0024;;;22A39;20220111;EcritureLib_0105;20250720;0,00;15,72;C;BQ/833;;
BQ;Banque BQ;BQ/834;20220112;51100000;CompteLib_0051;;;22A41;20220112;EcritureLib_0670;20250720;0,00;147,20;C;BQ/834;;
BQ;Banque BQ;BQ/834;20220112;51200000;CompteLib_0024;;;22A41;20220112;EcritureLib_0670;20250720;147,20;0,00;D;BQ/834;;
BQ;Banque BQ;BQ/835;20220112;51100000;CompteLib_0051;;;22A40;20220112;EcritureLib_0671;20250720;0,00;31,70;C;BQ/835;;
BQ;Banque BQ;BQ/835;20220112;51200000;CompteLib_0024;;;22A40;20220112;EcritureLib_0671;20250720;31,70;0,00;D;BQ/835;;
BQ;Banque BQ;BQ/836;20220113;60100000;CompteLib_0029;;;22A131;20220113;EcritureLib_0672;20250720;319,30;0,00;D;BQ/836;;
BQ;Banque BQ;BQ/836;20220113;51200000;CompteLib_0024;;;22A131;20220113;EcritureLib_0672;20250720;0,00;319,30;C;BQ/836;;
BQ;Banque BQ;BQ/837;20220113;51100000;CompteLib_0051;;;22A42;20220113;EcritureLib_0673;20250720;0,00;4,00;C;BQ/837;;
BQ;Banque BQ;BQ/837;20220113;51200000;CompteLib_0024;;;22A42;20220113;EcritureLib_0673;20250720;4,00;0,00;D;BQ/837;;
BQ;Banque BQ;BQ/838;20220113;51100000;CompteLib_0051;;;22A43;20220113;EcritureLib_0674;20250720;0,00;230,60;C;BQ/838;;
BQ;Banque BQ;BQ/838;20220113;51200000;CompteLib_0024;;;22A43;20220113;EcritureLib_0674;20250720;230,60;0,00;D;BQ/838;;
BQ;Banque BQ;BQ/839;20220113;60100000;CompteLib_0029;;;22A132;20220113;EcritureLib_0672;20250720;58,42;0,00;D;BQ/839;;
BQ;Banque BQ;BQ/839;20220113;51200000;CompteLib_0024;;;22A132;20220113;EcritureLib_0672;20250720;0,00;58,42;C;BQ/839;;
BQ;Banque BQ;BQ/840;20220114;51100000;CompteLib_0051;;;22A48;20220114;EcritureLib_0675;20250720;0,00;94,80;C;BQ/840;;
BQ;Banque BQ;BQ/840;20220114;51200000;CompteLib_0024;;;22A48;20220114;EcritureLib_0675;20250720;94,80;0,00;D;BQ/840;;
BQ;Banque BQ;BQ/841;20220114;45500000;CompteLib_0023;;;22A47;20220114;EcritureLib_0676;20250720;67,37;0,00;D;BQ/841;;
BQ;Banque BQ;BQ/841;20220114;51200000;CompteLib_0024;;;22A47;20220114;EcritureLib_0676;20250720;0,00;67,37;C;BQ/841;;
BQ;Banque BQ;BQ/842;20220114;60100000;CompteLib_0029;;;22A133;20220114;EcritureLib_0126;20250720;33,63;0,00;D;BQ/842;;
BQ;Banque BQ;BQ/842;20220114;51200000;CompteLib_0024;;;22A133;20220114;EcritureLib_0126;20250720;0,00;33,63;C;BQ/842;;
BQ;Banque BQ;BQ/843;20220114;51100000;CompteLib_0051;;;22A49;20220114;EcritureLib_0677;20250720;0,00;187,10;C;BQ/843;;
BQ;Banque BQ;BQ/843;20220114;51200000;CompteLib_0024;;;22A49;20220114;EcritureLib_0677;20250720;187,10;0,00;D;BQ/843;;
BQ;Banque BQ;BQ/844;20220115;51100000;CompteLib_0051;;;22A51;20220115;EcritureLib_0678;20250720;0,00;478,58;C;BQ/844;;
BQ;Banque BQ;BQ/844;20220115;51200000;CompteLib_0024;;;22A51;20220115;EcritureLib_0678;20250720;478,58;0,00;D;BQ/844;;
BQ;Banque BQ;BQ/845;20220115;51100000;CompteLib_0051;;;22A50;20220115;EcritureLib_0679;20250720;0,00;96,80;C;BQ/845;;
BQ;Banque BQ;BQ/845;20220115;51200000;CompteLib_0024;;;22A50;20220115;EcritureLib_0679;20250720;96,80;0,00;D;BQ/845;;
BQ;Banque BQ;BQ/846;20220117;60100000;CompteLib_0029;;;22A54;20220117;EcritureLib_0105;20250720;26,67;0,00;D;BQ/846;;
BQ;Banque BQ;BQ/846;20220117;51200000;CompteLib_0024;;;22A54;20220117;EcritureLib_0105;20250720;0,00;26,67;C;BQ/846;;
BQ;Banque BQ;BQ/847;20220117;51140000;CompteLib_0052;;;22A134;20220117;EcritureLib_0680;20250720;0,00;19,98;C;BQ/847;;
BQ;Banque BQ;BQ/847;20220117;51200000;CompteLib_0024;;;22A134;20220117;EcritureLib_0680;20250720;19,98;0,00;D;BQ/847;;
BQ;Banque BQ;BQ/848;20220117;51100000;CompteLib_0051;;;22A58;20220117;EcritureLib_0681;20250720;0,00;112,40;C;BQ/848;;
BQ;Banque BQ;BQ/848;20220117;51200000;CompteLib_0024;;;22A58;20220117;EcritureLib_0681;20250720;112,40;0,00;D;BQ/848;;
BQ;Banque BQ;BQ/849;20220117;51100000;CompteLib_0051;;;22A57;20220117;EcritureLib_0682;20250720;0,00;61,40;C;BQ/849;;
BQ;Banque BQ;BQ/849;20220117;51200000;CompteLib_0024;;;22A57;20220117;EcritureLib_0682;20250720;61,40;0,00;D;BQ/849;;
BQ;Banque BQ;BQ/850;20220117;51100000;CompteLib_0051;;;22A53;20220117;EcritureLib_0683;20250720;0,00;203,00;C;BQ/850;;
BQ;Banque BQ;BQ/850;20220117;51200000;CompteLib_0024;;;22A53;20220117;EcritureLib_0683;20250720;203,00;0,00;D;BQ/850;;
BQ;Banque BQ;BQ/851;20220117;40100000;CompteLib_0028;FSPUNTINI;SPUNTINI FOOD'S;22A55;20220117;EcritureLib_0684;20250720;466,12;0,00;D;BQ/851;BF;20240731
BQ;Banque BQ;BQ/851;20220117;51200000;CompteLib_0024;;;22A55;20220117;EcritureLib_0684;20250720;0,00;466,12;C;BQ/851;;
BQ;Banque BQ;BQ/852;20220117;51100000;CompteLib_0051;;;22A52;20220117;EcritureLib_0685;20250720;0,00;81,40;C;BQ/852;;
BQ;Banque BQ;BQ/852;20220117;51200000;CompteLib_0024;;;22A52;20220117;EcritureLib_0685;20250720;81,40;0,00;D;BQ/852;;
BQ;Banque BQ;BQ/853;20220118;60630000;CompteLib_0027;;;22A136;20220118;EcritureLib_0081;20250720;212,60;0,00;D;BQ/853;;
BQ;Banque BQ;BQ/853;20220118;51200000;CompteLib_0024;;;22A136;20220118;EcritureLib_0081;20250720;0,00;212,60;C;BQ/853;;
BQ;Banque BQ;BQ/854;20220118;60100000;CompteLib_0029;;;22A59;20220118;EcritureLib_0105;20250720;17,55;0,00;D;BQ/854;;
BQ;Banque BQ;BQ/854;20220118;51200000;CompteLib_0024;;;22A59;20220118;EcritureLib_0105;20250720;0,00;17,55;C;BQ/854;;
BQ;Banque BQ;BQ/855;20220119;51100000;CompteLib_0051;;;22A62;20220119;EcritureLib_0686;20250720;0,00;10,50;C;BQ/855;;
BQ;Banque BQ;BQ/855;20220119;51200000;CompteLib_0024;;;22A62;20220119;EcritureLib_0686;20250720;10,50;0,00;D;BQ/855;;
BQ;Banque BQ;BQ/856;20220119;60100000;CompteLib_0029;;;22A61;20220119;EcritureLib_0105;20250720;18,15;0,00;D;BQ/856;;
BQ;Banque BQ;BQ/856;20220119;51200000;CompteLib_0024;;;22A61;20220119;EcritureLib_0105;20250720;0,00;18,15;C;BQ/856;;
BQ;Banque BQ;BQ/857;20220119;51100000;CompteLib_0051;;;22A63;20220119;EcritureLib_0687;20250720;0,00;88,50;C;BQ/857;;
BQ;Banque BQ;BQ/857;20220119;51200000;CompteLib_0024;;;22A63;20220119;EcritureLib_0687;20250720;88,50;0,00;D;BQ/857;;
BQ;Banque BQ;BQ/858;20220120;61200000;CompteLib_0043;;;22A140;20220120;EcritureLib_0688;20250720;326,91;0,00;D;BQ/858;;
BQ;Banque BQ;BQ/858;20220120;51200000;CompteLib_0024;;;22A140;20220120;EcritureLib_0688;20250720;0,00;326,91;C;BQ/858;;
BQ;Banque BQ;BQ/859;20220120;60100000;CompteLib_0029;;;22A139;20220120;EcritureLib_0689;20250720;39,74;0,00;D;BQ/859;;
BQ;Banque BQ;BQ/859;20220120;51200000;CompteLib_0024;;;22A139;20220120;EcritureLib_0689;20250720;0,00;39,74;C;BQ/859;;
BQ;Banque BQ;BQ/860;20220120;60100000;CompteLib_0029;;;22A138;20220120;EcritureLib_0689;20250720;345,96;0,00;D;BQ/860;;
BQ;Banque BQ;BQ/860;20220120;51200000;CompteLib_0024;;;22A138;20220120;EcritureLib_0689;20250720;0,00;345,96;C;BQ/860;;
BQ;Banque BQ;BQ/861;20220120;51100000;CompteLib_0051;;;22A71;20220120;EcritureLib_0690;20250720;0,00;41,10;C;BQ/861;;
BQ;Banque BQ;BQ/861;20220120;51200000;CompteLib_0024;;;22A71;20220120;EcritureLib_0690;20250720;41,10;0,00;D;BQ/861;;
BQ;Banque BQ;BQ/862;20220120;51140000;CompteLib_0052;;;22A143;20220120;EcritureLib_0691;20250720;0,00;3,94;C;BQ/862;;
BQ;Banque BQ;BQ/862;20220120;51200000;CompteLib_0024;;;22A143;20220120;EcritureLib_0691;20250720;3,94;0,00;D;BQ/862;;
BQ;Banque BQ;BQ/863;20220120;51140000;CompteLib_0052;;;22A142;20220120;EcritureLib_0692;20250720;0,00;15,78;C;BQ/863;;
BQ;Banque BQ;BQ/863;20220120;51200000;CompteLib_0024;;;22A142;20220120;EcritureLib_0692;20250720;15,78;0,00;D;BQ/863;;
BQ;Banque BQ;BQ/864;20220120;61350000;CompteLib_0041;;;22A141;20220120;EcritureLib_0693;20250720;27,48;0,00;D;BQ/864;;
BQ;Banque BQ;BQ/864;20220120;51200000;CompteLib_0024;;;22A141;20220120;EcritureLib_0693;20250720;0,00;27,48;C;BQ/864;;
BQ;Banque BQ;BQ/865;20220120;60100000;CompteLib_0029;;;22A137;20220120;EcritureLib_0694;20250720;38,19;0,00;D;BQ/865;;
BQ;Banque BQ;BQ/865;20220120;51200000;CompteLib_0024;;;22A137;20220120;EcritureLib_0694;20250720;0,00;38,19;C;BQ/865;;
BQ;Banque BQ;BQ/866;20220120;51100000;CompteLib_0051;;;22A72;20220120;EcritureLib_0695;20250720;0,00;132,90;C;BQ/866;;
BQ;Banque BQ;BQ/866;20220120;51200000;CompteLib_0024;;;22A72;20220120;EcritureLib_0695;20250720;132,90;0,00;D;BQ/866;;
BQ;Banque BQ;BQ/867;20220121;51100000;CompteLib_0051;;;22A76;20220121;EcritureLib_0696;20250720;0,00;81,00;C;BQ/867;;
BQ;Banque BQ;BQ/867;20220121;51200000;CompteLib_0024;;;22A76;20220121;EcritureLib_0696;20250720;81,00;0,00;D;BQ/867;;
BQ;Banque BQ;BQ/868;20220121;51140000;CompteLib_0052;;;22A144;20220121;EcritureLib_0697;20250720;0,00;6,31;C;BQ/868;;
BQ;Banque BQ;BQ/868;20220121;51200000;CompteLib_0024;;;22A144;20220121;EcritureLib_0697;20250720;6,31;0,00;D;BQ/868;;
BQ;Banque BQ;BQ/869;20220121;51100000;CompteLib_0051;;;22A75;20220121;EcritureLib_0698;20250720;0,00;61,20;C;BQ/869;;
BQ;Banque BQ;BQ/869;20220121;51200000;CompteLib_0024;;;22A75;20220121;EcritureLib_0698;20250720;61,20;0,00;D;BQ/869;;
BQ;Banque BQ;BQ/870;20220121;60100000;CompteLib_0029;;;22A73;20220121;EcritureLib_0105;20250720;46,50;0,00;D;BQ/870;;
BQ;Banque BQ;BQ/870;20220121;51200000;CompteLib_0024;;;22A73;20220121;EcritureLib_0105;20250720;0,00;46,50;C;BQ/870;;
BQ;Banque BQ;BQ/871;20220122;51100000;CompteLib_0051;;;22A80;20220122;EcritureLib_0699;20250720;0,00;61,60;C;BQ/871;;
BQ;Banque BQ;BQ/871;20220122;51200000;CompteLib_0024;;;22A80;20220122;EcritureLib_0699;20250720;61,60;0,00;D;BQ/871;;
BQ;Banque BQ;BQ/872;20220122;16410000;CompteLib_0004;;;22A77;20220122;EcritureLib_0700;20250720;198,07;0,00;D;BQ/872;;
BQ;Banque BQ;BQ/872;20220122;51200000;CompteLib_0024;;;22A77;20220122;EcritureLib_0700;20250720;0,00;198,07;C;BQ/872;;
BQ;Banque BQ;BQ/873;20220122;66100000;CompteLib_0040;;;22A145;20220122;EcritureLib_0701;20250720;4,34;0,00;D;BQ/873;;
BQ;Banque BQ;BQ/873;20220122;51200000;CompteLib_0024;;;22A145;20220122;EcritureLib_0701;20250720;0,00;4,34;C;BQ/873;;
BQ;Banque BQ;BQ/874;20220122;66100000;CompteLib_0040;;;22A79;20220122;EcritureLib_0702;20250720;4,69;0,00;D;BQ/874;;
BQ;Banque BQ;BQ/874;20220122;51200000;CompteLib_0024;;;22A79;20220122;EcritureLib_0702;20250720;0,00;4,69;C;BQ/874;;
BQ;Banque BQ;BQ/875;20220122;51100000;CompteLib_0051;;;22A81;20220122;EcritureLib_0703;20250720;0,00;490,65;C;BQ/875;;
BQ;Banque BQ;BQ/875;20220122;51200000;CompteLib_0024;;;22A81;20220122;EcritureLib_0703;20250720;490,65;0,00;D;BQ/875;;
BQ;Banque BQ;BQ/876;20220124;51100000;CompteLib_0051;;;22A91;20220124;EcritureLib_0704;20250720;0,00;267,70;C;BQ/876;;
BQ;Banque BQ;BQ/876;20220124;51200000;CompteLib_0024;;;22A91;20220124;EcritureLib_0704;20250720;267,70;0,00;D;BQ/876;;
BQ;Banque BQ;BQ/877;20220124;60100000;CompteLib_0029;;;22A84;20220124;EcritureLib_0105;20250720;38,48;0,00;D;BQ/877;;
BQ;Banque BQ;BQ/877;20220124;51200000;CompteLib_0024;;;22A84;20220124;EcritureLib_0105;20250720;0,00;38,48;C;BQ/877;;
BQ;Banque BQ;BQ/878;20220124;43702000;CompteLib_0044;;;22A146;20220124;EcritureLib_0705;20250720;90,52;0,00;D;BQ/878;;
BQ;Banque BQ;BQ/878;20220124;51200000;CompteLib_0024;;;22A146;20220124;EcritureLib_0705;20250720;0,00;90,52;C;BQ/878;;
BQ;Banque BQ;BQ/879;20220124;62340000;CompteLib_0034;;;22A88;20220124;EcritureLib_0706;20250720;59,50;0,00;D;BQ/879;;
BQ;Banque BQ;BQ/879;20220124;51200000;CompteLib_0024;;;22A88;20220124;EcritureLib_0706;20250720;0,00;59,50;C;BQ/879;;
BQ;Banque BQ;BQ/880;20220124;51100000;CompteLib_0051;;;22A90;20220124;EcritureLib_0707;20250720;0,00;73,60;C;BQ/880;;
BQ;Banque BQ;BQ/880;20220124;51200000;CompteLib_0024;;;22A90;20220124;EcritureLib_0707;20250720;73,60;0,00;D;BQ/880;;
BQ;Banque BQ;BQ/881;20220124;60100000;CompteLib_0029;;;22A85;20220124;EcritureLib_0105;20250720;20,15;0,00;D;BQ/881;;
BQ;Banque BQ;BQ/881;20220124;51200000;CompteLib_0024;;;22A85;20220124;EcritureLib_0105;20250720;0,00;20,15;C;BQ/881;;
BQ;Banque BQ;BQ/882;20220124;51100000;CompteLib_0051;;;22A82;20220124;EcritureLib_0708;20250720;0,00;95,30;C;BQ/882;;
BQ;Banque BQ;BQ/882;20220124;51200000;CompteLib_0024;;;22A82;20220124;EcritureLib_0708;20250720;95,30;0,00;D;BQ/882;;
BQ;Banque BQ;BQ/883;20220124;51100000;CompteLib_0051;;;22A83;20220124;EcritureLib_0709;20250720;0,00;238,40;C;BQ/883;;
BQ;Banque BQ;BQ/883;20220124;51200000;CompteLib_0024;;;22A83;20220124;EcritureLib_0709;20250720;238,40;0,00;D;BQ/883;;
BQ;Banque BQ;BQ/884;20220124;60100000;CompteLib_0029;;;22A147;20220124;EcritureLib_0706;20250720;279,28;0,00;D;BQ/884;;
BQ;Banque BQ;BQ/884;20220124;51200000;CompteLib_0024;;;22A147;20220124;EcritureLib_0706;20250720;0,00;279,28;C;BQ/884;;
BQ;Banque BQ;BQ/885;20220124;40100000;CompteLib_0028;FSPUNTINI;SPUNTINI FOOD'S;22A89;20220124;EcritureLib_0710;20250720;32,58;0,00;D;BQ/885;BE;20240731
BQ;Banque BQ;BQ/885;20220124;51200000;CompteLib_0024;;;22A89;20220124;EcritureLib_0710;20250720;0,00;32,58;C;BQ/885;;
BQ;Banque BQ;BQ/886;20220125;60614000;CompteLib_0031;;;22A92;20220125;EcritureLib_0124;20250720;88,02;0,00;D;BQ/886;;
BQ;Banque BQ;BQ/886;20220125;51200000;CompteLib_0024;;;22A92;20220125;EcritureLib_0124;20250720;0,00;88,02;C;BQ/886;;
BQ;Banque BQ;BQ/887;20220125;43703000;CompteLib_0045;;;22A148;20220125;EcritureLib_0711;20250720;105,11;0,00;D;BQ/887;I;20240826
BQ;Banque BQ;BQ/887;20220125;51200000;CompteLib_0024;;;22A148;20220125;EcritureLib_0711;20250720;0,00;105,11;C;BQ/887;;
BQ;Banque BQ;BQ/888;20220126;51100000;CompteLib_0051;;;22A96;20220126;EcritureLib_0712;20250720;0,00;21,10;C;BQ/888;;
BQ;Banque BQ;BQ/888;20220126;51200000;CompteLib_0024;;;22A96;20220126;EcritureLib_0712;20250720;21,10;0,00;D;BQ/888;;
BQ;Banque BQ;BQ/889;20220126;60100000;CompteLib_0029;;;22A94;20220126;EcritureLib_0105;20250720;103,98;0,00;D;BQ/889;;
BQ;Banque BQ;BQ/889;20220126;51200000;CompteLib_0024;;;22A94;20220126;EcritureLib_0105;20250720;0,00;103,98;C;BQ/889;;
BQ;Banque BQ;BQ/890;20220126;65100000;CompteLib_0030;;;22A95;20220126;EcritureLib_0713;20250720;83,76;0,00;D;BQ/890;;
BQ;Banque BQ;BQ/890;20220126;51200000;CompteLib_0024;;;22A95;20220126;EcritureLib_0713;20250720;0,00;83,76;C;BQ/890;;
BQ;Banque BQ;BQ/891;20220126;51100000;CompteLib_0051;;;22A97;20220126;EcritureLib_0714;20250720;0,00;133,80;C;BQ/891;;
BQ;Banque BQ;BQ/891;20220126;51200000;CompteLib_0024;;;22A97;20220126;EcritureLib_0714;20250720;133,80;0,00;D;BQ/891;;
BQ;Banque BQ;BQ/892;20220127;51100000;CompteLib_0051;;;22A99;20220127;EcritureLib_0715;20250720;0,00;253,50;C;BQ/892;;
BQ;Banque BQ;BQ/892;20220127;51200000;CompteLib_0024;;;22A99;20220127;EcritureLib_0715;20250720;253,50;0,00;D;BQ/892;;
BQ;Banque BQ;BQ/893;20220127;51100000;CompteLib_0051;;;22A98;20220127;EcritureLib_0716;20250720;0,00;39,10;C;BQ/893;;
BQ;Banque BQ;BQ/893;20220127;51200000;CompteLib_0024;;;22A98;20220127;EcritureLib_0716;20250720;39,10;0,00;D;BQ/893;;
BQ;Banque BQ;BQ/894;20220128;60100000;CompteLib_0029;;;22A101;20220128;EcritureLib_0105;20250720;29,00;0,00;D;BQ/894;;
BQ;Banque BQ;BQ/894;20220128;51200000;CompteLib_0024;;;22A101;20220128;EcritureLib_0105;20250720;0,00;29,00;C;BQ/894;;
BQ;Banque BQ;BQ/895;20220128;60100000;CompteLib_0029;;;22A150;20220128;EcritureLib_0717;20250720;342,28;0,00;D;BQ/895;;
BQ;Banque BQ;BQ/895;20220128;51200000;CompteLib_0024;;;22A150;20220128;EcritureLib_0717;20250720;0,00;342,28;C;BQ/895;;
BQ;Banque BQ;BQ/896;20220128;60100000;CompteLib_0029;;;22A102;20220128;EcritureLib_0105;20250720;27,38;0,00;D;BQ/896;;
BQ;Banque BQ;BQ/896;20220128;51200000;CompteLib_0024;;;22A102;20220128;EcritureLib_0105;20250720;0,00;27,38;C;BQ/896;;
BQ;Banque BQ;BQ/897;20220128;60100000;CompteLib_0029;;;22A151;20220128;EcritureLib_0717;20250720;46,62;0,00;D;BQ/897;;
BQ;Banque BQ;BQ/897;20220128;51200000;CompteLib_0024;;;22A151;20220128;EcritureLib_0717;20250720;0,00;46,62;C;BQ/897;;
BQ;Banque BQ;BQ/898;20220128;70190000;CompteLib_0056;;;22A106;20220128;EcritureLib_0718;20250720;0,00;56,00;C;BQ/898;;
BQ;Banque BQ;BQ/898;20220128;51200000;CompteLib_0024;;;22A106;20220128;EcritureLib_0718;20250720;56,00;0,00;D;BQ/898;;
BQ;Banque BQ;BQ/899;20220128;51140000;CompteLib_0052;;;22A152;20220128;EcritureLib_0719;20250720;0,00;26,67;C;BQ/899;;
BQ;Banque BQ;BQ/899;20220128;51200000;CompteLib_0024;;;22A152;20220128;EcritureLib_0719;20250720;26,67;0,00;D;BQ/899;;
BQ;Banque BQ;BQ/900;20220128;51100000;CompteLib_0051;;;22A108;20220128;EcritureLib_0720;20250720;0,00;114,70;C;BQ/900;;
BQ;Banque BQ;BQ/900;20220128;51200000;CompteLib_0024;;;22A108;20220128;EcritureLib_0720;20250720;114,70;0,00;D;BQ/900;;
BQ;Banque BQ;BQ/901;20220128;51100000;CompteLib_0051;;;22A109;20220128;EcritureLib_0721;20250720;0,00;124,30;C;BQ/901;;
BQ;Banque BQ;BQ/901;20220128;51200000;CompteLib_0024;;;22A109;20220128;EcritureLib_0721;20250720;124,30;0,00;D;BQ/901;;
BQ;Banque BQ;BQ/902;20220128;60612000;CompteLib_0039;;;22A105;20220128;EcritureLib_0722;20250720;623,05;0,00;D;BQ/902;;
BQ;Banque BQ;BQ/902;20220128;51200000;CompteLib_0024;;;22A105;20220128;EcritureLib_0722;20250720;0,00;623,05;C;BQ/902;;
BQ;Banque BQ;BQ/903;20220128;61510000;CompteLib_0058;;;22A100;20220128;EcritureLib_0723;20250720;150,96;0,00;D;BQ/903;;
BQ;Banque BQ;BQ/903;20220128;51200000;CompteLib_0024;;;22A100;20220128;EcritureLib_0723;20250720;0,00;150,96;C;BQ/903;;
BQ;Banque BQ;BQ/904;20220129;51100000;CompteLib_0051;;;22A111;20220129;EcritureLib_0724;20250720;0,00;515,82;C;BQ/904;;
BQ;Banque BQ;BQ/904;20220129;51200000;CompteLib_0024;;;22A111;20220129;EcritureLib_0724;20250720;515,82;0,00;D;BQ/904;;
BQ;Banque BQ;BQ/905;20220129;51100000;CompteLib_0051;;;22A110;20220129;EcritureLib_0725;20250720;0,00;111,50;C;BQ/905;;
BQ;Banque BQ;BQ/905;20220129;51200000;CompteLib_0024;;;22A110;20220129;EcritureLib_0725;20250720;111,50;0,00;D;BQ/905;;
BQ;Banque BQ;BQ/906;20220131;62600000;CompteLib_0042;;;22A155;20220131;EcritureLib_0726;20250720;8,33;0,00;D;BQ/906;;
BQ;Banque BQ;BQ/906;20220131;51200000;CompteLib_0024;;;22A155;20220131;EcritureLib_0726;20250720;0,00;10,00;C;BQ/906;;
BQ;Banque BQ;BQ/906;20220131;44566100;CompteLib_0018;;;22A155;20220131;EcritureLib_0726;20250720;1,67;0,00;D;BQ/906;;
BQ;Banque BQ;BQ/907;20220131;62340000;CompteLib_0034;;;22A117;20220131;EcritureLib_0727;20250720;59,50;0,00;D;BQ/907;;
BQ;Banque BQ;BQ/907;20220131;51200000;CompteLib_0024;;;22A117;20220131;EcritureLib_0727;20250720;0,00;59,50;C;BQ/907;;
BQ;Banque BQ;BQ/908;20220131;60100000;CompteLib_0029;;;22A115;20220131;EcritureLib_0105;20250720;90,58;0,00;D;BQ/908;;
BQ;Banque BQ;BQ/908;20220131;51200000;CompteLib_0024;;;22A115;20220131;EcritureLib_0105;20250720;0,00;90,58;C;BQ/908;;
BQ;Banque BQ;BQ/909;20220131;51100000;CompteLib_0051;;;22A112;20220131;EcritureLib_0728;20250720;0,00;62,30;C;BQ/909;;
BQ;Banque BQ;BQ/909;20220131;51200000;CompteLib_0024;;;22A112;20220131;EcritureLib_0728;20250720;62,30;0,00;D;BQ/909;;
BQ;Banque BQ;BQ/910;20220131;51100000;CompteLib_0051;;;22A113;20220131;EcritureLib_0729;20250720;0,00;225,60;C;BQ/910;;
BQ;Banque BQ;BQ/910;20220131;51200000;CompteLib_0024;;;22A113;20220131;EcritureLib_0729;20250720;225,60;0,00;D;BQ/910;;
BQ;Banque BQ;BQ/911;20220131;60630000;CompteLib_0027;;;22A153;20220131;EcritureLib_0730;20250720;12,43;0,00;D;BQ/911;;
BQ;Banque BQ;BQ/911;20220131;51200000;CompteLib_0024;;;22A153;20220131;EcritureLib_0730;20250720;0,00;12,43;C;BQ/911;;
BQ;Banque BQ;BQ/912;20220131;60100000;CompteLib_0029;;;22A154;20220131;EcritureLib_0727;20250720;351,19;0,00;D;BQ/912;;
BQ;Banque BQ;BQ/912;20220131;51200000;CompteLib_0024;;;22A154;20220131;EcritureLib_0727;20250720;0,00;351,19;C;BQ/912;;
BQ;Banque BQ;BQ/913;20220131;40100000;CompteLib_0028;FSPUNTINI;SPUNTINI FOOD'S;22A118;20220131;EcritureLib_0731;20250720;58,07;0,00;D;BQ/913;BG;20240731
BQ;Banque BQ;BQ/913;20220131;51200000;CompteLib_0024;;;22A118;20220131;EcritureLib_0731;20250720;0,00;58,07;C;BQ/913;;
BQ;Banque BQ;BQ/914;20220131;51100000;CompteLib_0051;;;22A120;20220131;EcritureLib_0732;20250720;0,00;83,10;C;BQ/914;;
BQ;Banque BQ;BQ/914;20220131;51200000;CompteLib_0024;;;22A120;20220131;EcritureLib_0732;20250720;83,10;0,00;D;BQ/914;;
BQ;Banque BQ;BQ/915;20220131;51100000;CompteLib_0051;;;22A121;20220131;EcritureLib_0733;20250720;0,00;289,40;C;BQ/915;;
BQ;Banque BQ;BQ/915;20220131;51200000;CompteLib_0024;;;22A121;20220131;EcritureLib_0733;20250720;289,40;0,00;D;BQ/915;;
BQ;Banque BQ;BQ/916;20220201;60100000;CompteLib_0029;;;22B2;20220201;EcritureLib_0105;20250720;41,24;0,00;D;BQ/916;;
BQ;Banque BQ;BQ/916;20220201;51200000;CompteLib_0024;;;22B2;20220201;EcritureLib_0105;20250720;0,00;41,24;C;BQ/916;;
BQ;Banque BQ;BQ/917;20220201;61600000;CompteLib_0035;;;22B1;20220201;EcritureLib_0734;20250720;96,13;0,00;D;BQ/917;;
BQ;Banque BQ;BQ/917;20220201;51200000;CompteLib_0024;;;22B1;20220201;EcritureLib_0734;20250720;0,00;96,13;C;BQ/917;;
BQ;Banque BQ;BQ/918;20220202;42100000;CompteLib_0010;;;22B6;20220202;EcritureLib_0735;20250720;423,32;0,00;D;BQ/918;O;20240802
BQ;Banque BQ;BQ/918;20220202;51200000;CompteLib_0024;;;22B6;20220202;EcritureLib_0735;20250720;0,00;423,32;C;BQ/918;;
BQ;Banque BQ;BQ/919;20220202;42100000;CompteLib_0010;;;22B8;20220202;EcritureLib_0736;20250720;397,17;0,00;D;BQ/919;O;20240802
BQ;Banque BQ;BQ/919;20220202;51200000;CompteLib_0024;;;22B8;20220202;EcritureLib_0736;20250720;0,00;397,17;C;BQ/919;;
BQ;Banque BQ;BQ/920;20220202;51100000;CompteLib_0051;;;22B3;20220202;EcritureLib_0737;20250720;0,00;75,60;C;BQ/920;;
BQ;Banque BQ;BQ/920;20220202;51200000;CompteLib_0024;;;22B3;20220202;EcritureLib_0737;20250720;75,60;0,00;D;BQ/920;;
BQ;Banque BQ;BQ/921;20220202;51100000;CompteLib_0051;;;22B4;20220202;EcritureLib_0738;20250720;0,00;164,50;C;BQ/921;;
BQ;Banque BQ;BQ/921;20220202;51200000;CompteLib_0024;;;22B4;20220202;EcritureLib_0738;20250720;164,50;0,00;D;BQ/921;;
BQ;Banque BQ;BQ/922;20220202;60100000;CompteLib_0029;;;22B5;20220202;EcritureLib_0105;20250720;10,44;0,00;D;BQ/922;;
BQ;Banque BQ;BQ/922;20220202;51200000;CompteLib_0024;;;22B5;20220202;EcritureLib_0105;20250720;0,00;10,44;C;BQ/922;;
BQ;Banque BQ;BQ/923;20220202;61600000;CompteLib_0035;;;22B9;20220202;EcritureLib_0739;20250720;24,08;0,00;D;BQ/923;;
BQ;Banque BQ;BQ/923;20220202;51200000;CompteLib_0024;;;22B9;20220202;EcritureLib_0739;20250720;0,00;24,08;C;BQ/923;;
BQ;Banque BQ;BQ/924;20220202;42100000;CompteLib_0010;;;22B7;20220202;EcritureLib_0740;20250720;565,47;0,00;D;BQ/924;O;20240802
BQ;Banque BQ;BQ/924;20220202;51200000;CompteLib_0024;;;22B7;20220202;EcritureLib_0740;20250720;0,00;565,47;C;BQ/924;;
BQ;Banque BQ;BQ/925;20220203;60100000;CompteLib_0029;;;22B125;20220203;EcritureLib_0741;20250720;20,04;0,00;D;BQ/925;;
BQ;Banque BQ;BQ/925;20220203;51200000;CompteLib_0024;;;22B125;20220203;EcritureLib_0741;20250720;0,00;20,04;C;BQ/925;;
BQ;Banque BQ;BQ/926;20220203;60100000;CompteLib_0029;;;22B10;20220203;EcritureLib_0105;20250720;26,10;0,00;D;BQ/926;;
BQ;Banque BQ;BQ/926;20220203;51200000;CompteLib_0024;;;22B10;20220203;EcritureLib_0105;20250720;0,00;26,10;C;BQ/926;;
BQ;Banque BQ;BQ/927;20220203;60100000;CompteLib_0029;;;22B124;20220203;EcritureLib_0741;20250720;396,21;0,00;D;BQ/927;;
BQ;Banque BQ;BQ/927;20220203;51200000;CompteLib_0024;;;22B124;20220203;EcritureLib_0741;20250720;0,00;396,21;C;BQ/927;;
BQ;Banque BQ;BQ/928;20220203;51140000;CompteLib_0052;;;22B126;20220203;EcritureLib_0742;20250720;0,00;13,20;C;BQ/928;;
BQ;Banque BQ;BQ/928;20220203;51200000;CompteLib_0024;;;22B126;20220203;EcritureLib_0742;20250720;13,20;0,00;D;BQ/928;;
BQ;Banque BQ;BQ/929;20220203;51100000;CompteLib_0051;;;22B14;20220203;EcritureLib_0743;20250720;0,00;11,90;C;BQ/929;;
BQ;Banque BQ;BQ/929;20220203;51200000;CompteLib_0024;;;22B14;20220203;EcritureLib_0743;20250720;11,90;0,00;D;BQ/929;;
BQ;Banque BQ;BQ/930;20220203;51100000;CompteLib_0051;;;22B15;20220203;EcritureLib_0744;20250720;0,00;182,40;C;BQ/930;;
BQ;Banque BQ;BQ/930;20220203;51200000;CompteLib_0024;;;22B15;20220203;EcritureLib_0744;20250720;182,40;0,00;D;BQ/930;;
BQ;Banque BQ;BQ/931;20220204;60100000;CompteLib_0029;;;22B17;20220204;EcritureLib_0105;20250720;48,38;0,00;D;BQ/931;;
BQ;Banque BQ;BQ/931;20220204;51200000;CompteLib_0024;;;22B17;20220204;EcritureLib_0105;20250720;0,00;48,38;C;BQ/931;;
BQ;Banque BQ;BQ/932;20220204;62700000;CompteLib_0036;;;22B16;20220204;EcritureLib_0745;20250720;38,90;0,00;D;BQ/932;;
BQ;Banque BQ;BQ/932;20220204;51200000;CompteLib_0024;;;22B16;20220204;EcritureLib_0745;20250720;0,00;38,90;C;BQ/932;;
BQ;Banque BQ;BQ/933;20220204;60100000;CompteLib_0029;;;22B127;20220204;EcritureLib_0746;20250720;337,09;0,00;D;BQ/933;;
BQ;Banque BQ;BQ/933;20220204;51200000;CompteLib_0024;;;22B127;20220204;EcritureLib_0746;20250720;0,00;337,09;C;BQ/933;;
BQ;Banque BQ;BQ/934;20220204;60100000;CompteLib_0029;;;22B128;20220204;EcritureLib_0746;20250720;7,73;0,00;D;BQ/934;;
BQ;Banque BQ;BQ/934;20220204;51200000;CompteLib_0024;;;22B128;20220204;EcritureLib_0746;20250720;0,00;7,73;C;BQ/934;;
BQ;Banque BQ;BQ/935;20220204;53000000;CompteLib_0025;;;22B20;20220204;EcritureLib_0747;20250720;440,00;0,00;D;BQ/935;;
BQ;Banque BQ;BQ/935;20220204;51200000;CompteLib_0024;;;22B20;20220204;EcritureLib_0747;20250720;0,00;440,00;C;BQ/935;;
BQ;Banque BQ;BQ/936;20220204;44566100;CompteLib_0018;;;22B21;20220204;EcritureLib_0748;20250720;39,80;0,00;D;BQ/936;;
BQ;Banque BQ;BQ/936;20220204;62260000;CompteLib_0037;;;22B21;20220204;EcritureLib_0748;20250720;199,00;0,00;D;BQ/936;;
BQ;Banque BQ;BQ/936;20220204;51200000;CompteLib_0024;;;22B21;20220204;EcritureLib_0748;20250720;0,00;238,80;C;BQ/936;;
BQ;Banque BQ;BQ/937;20220204;62261000;CompteLib_0037;;;22B129;20220204;EcritureLib_0748;20250720;78,00;0,00;D;BQ/937;;
BQ;Banque BQ;BQ/937;20220204;44566100;CompteLib_0018;;;22B129;20220204;EcritureLib_0748;20250720;15,60;0,00;D;BQ/937;;
BQ;Banque BQ;BQ/937;20220204;51200000;CompteLib_0024;;;22B129;20220204;EcritureLib_0748;20250720;0,00;93,60;C;BQ/937;;
BQ;Banque BQ;BQ/938;20220204;51100000;CompteLib_0051;;;22B24;20220204;EcritureLib_0749;20250720;0,00;54,80;C;BQ/938;;
BQ;Banque BQ;BQ/938;20220204;51200000;CompteLib_0024;;;22B24;20220204;EcritureLib_0749;20250720;54,80;0,00;D;BQ/938;;
BQ;Banque BQ;BQ/939;20220204;51100000;CompteLib_0051;;;22B25;20220204;EcritureLib_0750;20250720;0,00;182,30;C;BQ/939;;
BQ;Banque BQ;BQ/939;20220204;51200000;CompteLib_0024;;;22B25;20220204;EcritureLib_0750;20250720;182,30;0,00;D;BQ/939;;
BQ;Banque BQ;BQ/940;20220204;60612000;CompteLib_0039;;;22B23;20220204;EcritureLib_0058;20250720;0,00;130,00;C;BQ/940;;
BQ;Banque BQ;BQ/940;20220204;51200000;CompteLib_0024;;;22B23;20220204;EcritureLib_0058;20250720;130,00;0,00;D;BQ/940;;
BQ;Banque BQ;BQ/941;20220205;51100000;CompteLib_0051;;;22B27;20220205;EcritureLib_0751;20250720;0,00;271,30;C;BQ/941;;
BQ;Banque BQ;BQ/941;20220205;51200000;CompteLib_0024;;;22B27;20220205;EcritureLib_0751;20250720;271,30;0,00;D;BQ/941;;
BQ;Banque BQ;BQ/942;20220205;51100000;CompteLib_0051;;;22B26;20220205;EcritureLib_0752;20250720;0,00;378,80;C;BQ/942;;
BQ;Banque BQ;BQ/942;20220205;51200000;CompteLib_0024;;;22B26;20220205;EcritureLib_0752;20250720;378,80;0,00;D;BQ/942;;
BQ;Banque BQ;BQ/943;20220207;61600000;CompteLib_0035;;;22B28;20220207;EcritureLib_0753;20250720;55,40;0,00;D;BQ/943;;
BQ;Banque BQ;BQ/943;20220207;51200000;CompteLib_0024;;;22B28;20220207;EcritureLib_0753;20250720;0,00;55,40;C;BQ/943;;
BQ;Banque BQ;BQ/944;20220207;51100000;CompteLib_0051;;;22B29;20220207;EcritureLib_0754;20250720;0,00;54,00;C;BQ/944;;
BQ;Banque BQ;BQ/944;20220207;51200000;CompteLib_0024;;;22B29;20220207;EcritureLib_0754;20250720;54,00;0,00;D;BQ/944;;
BQ;Banque BQ;BQ/945;20220207;51100000;CompteLib_0051;;;22B30;20220207;EcritureLib_0755;20250720;0,00;9,90;C;BQ/945;;
BQ;Banque BQ;BQ/945;20220207;51200000;CompteLib_0024;;;22B30;20220207;EcritureLib_0755;20250720;9,90;0,00;D;BQ/945;;
BQ;Banque BQ;BQ/946;20220207;51100000;CompteLib_0051;;;22B31;20220207;EcritureLib_0756;20250720;0,00;206,10;C;BQ/946;;
BQ;Banque BQ;BQ/946;20220207;51200000;CompteLib_0024;;;22B31;20220207;EcritureLib_0756;20250720;206,10;0,00;D;BQ/946;;
BQ;Banque BQ;BQ/947;20220207;51100000;CompteLib_0051;;;22B32;20220207;EcritureLib_0757;20250720;0,00;223,70;C;BQ/947;;
BQ;Banque BQ;BQ/947;20220207;51200000;CompteLib_0024;;;22B32;20220207;EcritureLib_0757;20250720;223,70;0,00;D;BQ/947;;
BQ;Banque BQ;BQ/948;20220207;60100000;CompteLib_0029;;;22B36;20220207;EcritureLib_0105;20250720;27,48;0,00;D;BQ/948;;
BQ;Banque BQ;BQ/948;20220207;51200000;CompteLib_0024;;;22B36;20220207;EcritureLib_0105;20250720;0,00;27,48;C;BQ/948;;
BQ;Banque BQ;BQ/949;20220207;45500000;CompteLib_0023;;;22B37;20220207;EcritureLib_0472;20250720;0,00;2000,00;C;BQ/949;;
BQ;Banque BQ;BQ/949;20220207;51200000;CompteLib_0024;;;22B37;20220207;EcritureLib_0472;20250720;2000,00;0,00;D;BQ/949;;
BQ;Banque BQ;BQ/950;20220207;61350000;CompteLib_0041;;;22B131;20220207;EcritureLib_0758;20250720;27,48;0,00;D;BQ/950;;
BQ;Banque BQ;BQ/950;20220207;51200000;CompteLib_0024;;;22B131;20220207;EcritureLib_0758;20250720;0,00;27,48;C;BQ/950;;
BQ;Banque BQ;BQ/951;20220207;61321000;CompteLib_0038;;;22B132;20220207;EcritureLib_0084;20250720;1000,00;0,00;D;BQ/951;;
BQ;Banque BQ;BQ/951;20220207;44566100;CompteLib_0018;;;22B132;20220207;EcritureLib_0084;20250720;200,00;0,00;D;BQ/951;;
BQ;Banque BQ;BQ/951;20220207;51200000;CompteLib_0024;;;22B132;20220207;EcritureLib_0084;20250720;0,00;1200,00;C;BQ/951;;
BQ;Banque BQ;BQ/952;20220207;60100000;CompteLib_0029;;;22B35;20220207;EcritureLib_0105;20250720;54,69;0,00;D;BQ/952;;
BQ;Banque BQ;BQ/952;20220207;51200000;CompteLib_0024;;;22B35;20220207;EcritureLib_0105;20250720;0,00;54,69;C;BQ/952;;
BQ;Banque BQ;BQ/953;20220207;60614000;CompteLib_0031;;;22B34;20220207;EcritureLib_0124;20250720;91,00;0,00;D;BQ/953;;
BQ;Banque BQ;BQ/953;20220207;51200000;CompteLib_0024;;;22B34;20220207;EcritureLib_0124;20250720;0,00;91,00;C;BQ/953;;
BQ;Banque BQ;BQ/954;20220207;40100000;CompteLib_0028;FAMAZON;AMAZON;22B33;20220207;EcritureLib_0066;20250720;277,47;0,00;D;BQ/954;A;20240731
BQ;Banque BQ;BQ/954;20220207;51200000;CompteLib_0024;;;22B33;20220207;EcritureLib_0066;20250720;0,00;277,47;C;BQ/954;;
BQ;Banque BQ;BQ/955;20220208;60100000;CompteLib_0029;;;22B41;20220208;EcritureLib_0105;20250720;74,93;0,00;D;BQ/955;;
BQ;Banque BQ;BQ/955;20220208;51200000;CompteLib_0024;;;22B41;20220208;EcritureLib_0105;20250720;0,00;74,93;C;BQ/955;;
BQ;Banque BQ;BQ/956;20220208;60630000;CompteLib_0027;;;22B40;20220208;EcritureLib_0066;20250720;28,99;0,00;D;BQ/956;;
BQ;Banque BQ;BQ/956;20220208;51200000;CompteLib_0024;;;22B40;20220208;EcritureLib_0066;20250720;0,00;28,99;C;BQ/956;;
BQ;Banque BQ;BQ/957;20220209;51100000;CompteLib_0051;;;22B45;20220209;EcritureLib_0759;20250720;0,00;100,60;C;BQ/957;;
BQ;Banque BQ;BQ/957;20220209;51200000;CompteLib_0024;;;22B45;20220209;EcritureLib_0759;20250720;100,60;0,00;D;BQ/957;;
BQ;Banque BQ;BQ/958;20220209;60100000;CompteLib_0029;;;22B133;20220209;EcritureLib_0085;20250720;57,09;0,00;D;BQ/958;;
BQ;Banque BQ;BQ/958;20220209;51200000;CompteLib_0024;;;22B133;20220209;EcritureLib_0085;20250720;0,00;57,09;C;BQ/958;;
BQ;Banque BQ;BQ/959;20220209;61600000;CompteLib_0035;;;22B43;20220209;EcritureLib_0760;20250720;79,24;0,00;D;BQ/959;;
BQ;Banque BQ;BQ/959;20220209;51200000;CompteLib_0024;;;22B43;20220209;EcritureLib_0760;20250720;0,00;79,24;C;BQ/959;;
BQ;Banque BQ;BQ/960;20220209;51100000;CompteLib_0051;;;22B44;20220209;EcritureLib_0761;20250720;0,00;22,70;C;BQ/960;;
BQ;Banque BQ;BQ/960;20220209;51200000;CompteLib_0024;;;22B44;20220209;EcritureLib_0761;20250720;22,70;0,00;D;BQ/960;;
BQ;Banque BQ;BQ/961;20220210;51100000;CompteLib_0051;;;22B56;20220210;EcritureLib_0762;20250720;0,00;76,10;C;BQ/961;;
BQ;Banque BQ;BQ/961;20220210;51200000;CompteLib_0024;;;22B56;20220210;EcritureLib_0762;20250720;76,10;0,00;D;BQ/961;;
BQ;Banque BQ;BQ/962;20220210;51100000;CompteLib_0051;;;22B57;20220210;EcritureLib_0763;20250720;0,00;182,10;C;BQ/962;;
BQ;Banque BQ;BQ/962;20220210;51200000;CompteLib_0024;;;22B57;20220210;EcritureLib_0763;20250720;182,10;0,00;D;BQ/962;;
BQ;Banque BQ;BQ/963;20220210;40100000;CompteLib_0028;FLOTQU;LOT QUALITE;22B136;20220210;EcritureLib_0764;20250720;838,73;0,00;D;BQ/963;F;20240826
BQ;Banque BQ;BQ/963;20220210;51200000;CompteLib_0024;;;22B136;20220210;EcritureLib_0764;20250720;0,00;838,73;C;BQ/963;;
BQ;Banque BQ;BQ/964;20220210;40100000;CompteLib_0028;FLOTQU;LOT QUALITE;22B135;20220210;EcritureLib_0765;20250720;142,43;0,00;D;BQ/964;F;20240826
BQ;Banque BQ;BQ/964;20220210;51200000;CompteLib_0024;;;22B135;20220210;EcritureLib_0765;20250720;0,00;142,43;C;BQ/964;;
BQ;Banque BQ;BQ/965;20220210;61350000;CompteLib_0041;;;22B138;20220210;EcritureLib_0766;20250720;142,74;0,00;D;BQ/965;;
BQ;Banque BQ;BQ/965;20220210;51200000;CompteLib_0024;;;22B138;20220210;EcritureLib_0766;20250720;0,00;142,74;C;BQ/965;;
BQ;Banque BQ;BQ/966;20220210;60100000;CompteLib_0029;;;22B134;20220210;EcritureLib_0767;20250720;316,50;0,00;D;BQ/966;;
BQ;Banque BQ;BQ/966;20220210;51200000;CompteLib_0024;;;22B134;20220210;EcritureLib_0767;20250720;0,00;316,50;C;BQ/966;;
BQ;Banque BQ;BQ/967;20220210;40100000;CompteLib_0028;FLOTQU;LOT QUALITE;22B137;20220210;EcritureLib_0768;20250720;814,00;0,00;D;BQ/967;G;20240826
BQ;Banque BQ;BQ/967;20220210;51200000;CompteLib_0024;;;22B137;20220210;EcritureLib_0768;20250720;0,00;814,00;C;BQ/967;;
BQ;Banque BQ;BQ/968;20220210;16400000;CompteLib_0004;;;22B46;20220210;EcritureLib_0769;20250720;675,63;0,00;D;BQ/968;;
BQ;Banque BQ;BQ/968;20220210;51200000;CompteLib_0024;;;22B46;20220210;EcritureLib_0769;20250720;0,00;675,63;C;BQ/968;;
BQ;Banque BQ;BQ/969;20220210;66100000;CompteLib_0040;;;22B47;20220210;EcritureLib_0770;20250720;28,97;0,00;D;BQ/969;;
BQ;Banque BQ;BQ/969;20220210;51200000;CompteLib_0024;;;22B47;20220210;EcritureLib_0770;20250720;0,00;28,97;C;BQ/969;;
BQ;Banque BQ;BQ/970;20220210;62700000;CompteLib_0036;;;22B52;20220210;EcritureLib_0771;20250720;10,90;0,00;D;BQ/970;;
BQ;Banque BQ;BQ/970;20220210;51200000;CompteLib_0024;;;22B52;20220210;EcritureLib_0771;20250720;0,00;10,90;C;BQ/970;;
BQ;Banque BQ;BQ/971;20220210;45500000;CompteLib_0023;;;22B54;20220210;EcritureLib_0472;20250720;0,00;2000,00;C;BQ/971;;
BQ;Banque BQ;BQ/971;20220210;51200000;CompteLib_0024;;;22B54;20220210;EcritureLib_0472;20250720;2000,00;0,00;D;BQ/971;;
BQ;Banque BQ;BQ/972;20220210;51140000;CompteLib_0052;;;22B139;20220210;EcritureLib_0772;20250720;0,00;16,00;C;BQ/972;;
BQ;Banque BQ;BQ/972;20220210;51200000;CompteLib_0024;;;22B139;20220210;EcritureLib_0772;20250720;16,00;0,00;D;BQ/972;;
BQ;Banque BQ;BQ/973;20220211;60100000;CompteLib_0029;;;22B145;20220211;EcritureLib_0773;20250720;33,74;0,00;D;BQ/973;;
BQ;Banque BQ;BQ/973;20220211;51200000;CompteLib_0024;;;22B145;20220211;EcritureLib_0773;20250720;0,00;33,74;C;BQ/973;;
BQ;Banque BQ;BQ/974;20220211;60100000;CompteLib_0029;;;22B58;20220211;EcritureLib_0105;20250720;49,64;0,00;D;BQ/974;;
BQ;Banque BQ;BQ/974;20220211;51200000;CompteLib_0024;;;22B58;20220211;EcritureLib_0105;20250720;0,00;49,64;C;BQ/974;;
BQ;Banque BQ;BQ/975;20220211;60100000;CompteLib_0029;;;22B142;20220211;EcritureLib_0774;20250720;598,53;0,00;D;BQ/975;;
BQ;Banque BQ;BQ/975;20220211;51200000;CompteLib_0024;;;22B142;20220211;EcritureLib_0774;20250720;0,00;598,53;C;BQ/975;;
BQ;Banque BQ;BQ/976;20220211;60100000;CompteLib_0029;;;22B143;20220211;EcritureLib_0774;20250720;69,98;0,00;D;BQ/976;;
BQ;Banque BQ;BQ/976;20220211;51200000;CompteLib_0024;;;22B143;20220211;EcritureLib_0774;20250720;0,00;69,98;C;BQ/976;;
BQ;Banque BQ;BQ/977;20220211;51100000;CompteLib_0051;;;22B63;20220211;EcritureLib_0775;20250720;0,00;49,60;C;BQ/977;;
BQ;Banque BQ;BQ/977;20220211;51200000;CompteLib_0024;;;22B63;20220211;EcritureLib_0775;20250720;49,60;0,00;D;BQ/977;;
BQ;Banque BQ;BQ/978;20220211;51100000;CompteLib_0051;;;22B64;20220211;EcritureLib_0776;20250720;0,00;86,45;C;BQ/978;;
BQ;Banque BQ;BQ/978;20220211;51200000;CompteLib_0024;;;22B64;20220211;EcritureLib_0776;20250720;86,45;0,00;D;BQ/978;;
BQ;Banque BQ;BQ/979;20220211;60100000;CompteLib_0029;;;22B144;20220211;EcritureLib_0773;20250720;257,98;0,00;D;BQ/979;;
BQ;Banque BQ;BQ/979;20220211;51200000;CompteLib_0024;;;22B144;20220211;EcritureLib_0773;20250720;0,00;257,98;C;BQ/979;;
BQ;Banque BQ;BQ/980;20220212;51100000;CompteLib_0051;;;22B65;20220212;EcritureLib_0777;20250720;0,00;77,30;C;BQ/980;;
BQ;Banque BQ;BQ/980;20220212;51200000;CompteLib_0024;;;22B65;20220212;EcritureLib_0777;20250720;77,30;0,00;D;BQ/980;;
BQ;Banque BQ;BQ/981;20220212;51100000;CompteLib_0051;;;22B66;20220212;EcritureLib_0778;20250720;0,00;355,80;C;BQ/981;;
BQ;Banque BQ;BQ/981;20220212;51200000;CompteLib_0024;;;22B66;20220212;EcritureLib_0778;20250720;355,80;0,00;D;BQ/981;;
BQ;Banque BQ;BQ/982;20220214;60100000;CompteLib_0029;;;22B70;20220214;EcritureLib_0105;20250720;18,00;0,00;D;BQ/982;;
BQ;Banque BQ;BQ/982;20220214;51200000;CompteLib_0024;;;22B70;20220214;EcritureLib_0105;20250720;0,00;18,00;C;BQ/982;;
BQ;Banque BQ;BQ/983;20220214;51100000;CompteLib_0051;;;22B67;20220214;EcritureLib_0779;20250720;0,00;214,90;C;BQ/983;;
BQ;Banque BQ;BQ/983;20220214;51200000;CompteLib_0024;;;22B67;20220214;EcritureLib_0779;20250720;214,90;0,00;D;BQ/983;;
BQ;Banque BQ;BQ/984;20220214;51100000;CompteLib_0051;;;22B68;20220214;EcritureLib_0780;20250720;0,00;178,61;C;BQ/984;;
BQ;Banque BQ;BQ/984;20220214;51200000;CompteLib_0024;;;22B68;20220214;EcritureLib_0780;20250720;178,61;0,00;D;BQ/984;;
BQ;Banque BQ;BQ/985;20220214;60630000;CompteLib_0027;;;22B69;20220214;EcritureLib_0105;20250720;23,66;0,00;D;BQ/985;;
BQ;Banque BQ;BQ/985;20220214;51200000;CompteLib_0024;;;22B69;20220214;EcritureLib_0105;20250720;0,00;23,66;C;BQ/985;;
BQ;Banque BQ;BQ/986;20220214;51100000;CompteLib_0051;;;22B71;20220214;EcritureLib_0781;20250720;0,00;92,90;C;BQ/986;;
BQ;Banque BQ;BQ/986;20220214;51200000;CompteLib_0024;;;22B71;20220214;EcritureLib_0781;20250720;92,90;0,00;D;BQ/986;;
BQ;Banque BQ;BQ/987;20220214;51100000;CompteLib_0051;;;22B72;20220214;EcritureLib_0782;20250720;0,00;167,83;C;BQ/987;;
BQ;Banque BQ;BQ/987;20220214;51200000;CompteLib_0024;;;22B72;20220214;EcritureLib_0782;20250720;167,83;0,00;D;BQ/987;;
BQ;Banque BQ;BQ/988;20220215;51140000;CompteLib_0052;;;22B147;20220215;EcritureLib_0783;20250720;0,00;5,60;C;BQ/988;;
BQ;Banque BQ;BQ/988;20220215;51200000;CompteLib_0024;;;22B147;20220215;EcritureLib_0783;20250720;5,60;0,00;D;BQ/988;;
BQ;Banque BQ;BQ/989;20220216;51100000;CompteLib_0051;;;22B77;20220216;EcritureLib_0784;20250720;0,00;114,10;C;BQ/989;;
BQ;Banque BQ;BQ/989;20220216;51200000;CompteLib_0024;;;22B77;20220216;EcritureLib_0784;20250720;114,10;0,00;D;BQ/989;;
BQ;Banque BQ;BQ/990;20220216;60100000;CompteLib_0029;;;22B148;20220216;EcritureLib_0609;20250720;9,35;0,00;D;BQ/990;;
BQ;Banque BQ;BQ/990;20220216;51200000;CompteLib_0024;;;22B148;20220216;EcritureLib_0609;20250720;0,00;9,35;C;BQ/990;;
BQ;Banque BQ;BQ/991;20220216;51140000;CompteLib_0052;;;22B149;20220216;EcritureLib_0785;20250720;0,00;361,57;C;BQ/991;;
BQ;Banque BQ;BQ/991;20220216;51200000;CompteLib_0024;;;22B149;20220216;EcritureLib_0785;20250720;361,57;0,00;D;BQ/991;;
BQ;Banque BQ;BQ/992;20220216;51100000;CompteLib_0051;;;22B76;20220216;EcritureLib_0786;20250720;0,00;37,20;C;BQ/992;;
BQ;Banque BQ;BQ/992;20220216;51200000;CompteLib_0024;;;22B76;20220216;EcritureLib_0786;20250720;37,20;0,00;D;BQ/992;;
BQ;Banque BQ;BQ/993;20220217;51100000;CompteLib_0051;;;22B81;20220217;EcritureLib_0787;20250720;0,00;50,50;C;BQ/993;;
BQ;Banque BQ;BQ/993;20220217;51200000;CompteLib_0024;;;22B81;20220217;EcritureLib_0787;20250720;50,50;0,00;D;BQ/993;;
BQ;Banque BQ;BQ/994;20220217;44566100;CompteLib_0018;;;22B78;20220217;EcritureLib_0788;20250720;39,80;0,00;D;BQ/994;;
BQ;Banque BQ;BQ/994;20220217;62260000;CompteLib_0037;;;22B78;20220217;EcritureLib_0788;20250720;199,00;0,00;D;BQ/994;;
BQ;Banque BQ;BQ/994;20220217;51200000;CompteLib_0024;;;22B78;20220217;EcritureLib_0788;20250720;0,00;238,80;C;BQ/994;;
BQ;Banque BQ;BQ/995;20220217;62261000;CompteLib_0037;;;22B150;20220217;EcritureLib_0788;20250720;78,00;0,00;D;BQ/995;;
BQ;Banque BQ;BQ/995;20220217;44566100;CompteLib_0018;;;22B150;20220217;EcritureLib_0788;20250720;15,60;0,00;D;BQ/995;;
BQ;Banque BQ;BQ/995;20220217;51200000;CompteLib_0024;;;22B150;20220217;EcritureLib_0788;20250720;0,00;93,60;C;BQ/995;;
BQ;Banque BQ;BQ/996;20220217;51140000;CompteLib_0052;;;22B151;20220217;EcritureLib_0789;20250720;0,00;49,07;C;BQ/996;;
BQ;Banque BQ;BQ/996;20220217;51200000;CompteLib_0024;;;22B151;20220217;EcritureLib_0789;20250720;49,07;0,00;D;BQ/996;;
BQ;Banque BQ;BQ/997;20220217;51100000;CompteLib_0051;;;22B82;20220217;EcritureLib_0790;20250720;0,00;149,10;C;BQ/997;;
BQ;Banque BQ;BQ/997;20220217;51200000;CompteLib_0024;;;22B82;20220217;EcritureLib_0790;20250720;149,10;0,00;D;BQ/997;;
BQ;Banque BQ;BQ/998;20220218;51100000;CompteLib_0051;;;22B88;20220218;EcritureLib_0791;20250720;0,00;53,70;C;BQ/998;;
BQ;Banque BQ;BQ/998;20220218;51200000;CompteLib_0024;;;22B88;20220218;EcritureLib_0791;20250720;53,70;0,00;D;BQ/998;;
BQ;Banque BQ;BQ/999;20220218;60100000;CompteLib_0029;;;22B153;20220218;EcritureLib_0609;20250720;25,74;0,00;D;BQ/999;;
BQ;Banque BQ;BQ/999;20220218;51200000;CompteLib_0024;;;22B153;20220218;EcritureLib_0609;20250720;0,00;25,74;C;BQ/999;;
BQ;Banque BQ;BQ/1000;20220218;60100000;CompteLib_0029;;;22B154;20220218;EcritureLib_0792;20250720;352,27;0,00;D;BQ/1000;;
BQ;Banque BQ;BQ/1000;20220218;51200000;CompteLib_0024;;;22B154;20220218;EcritureLib_0792;20250720;0,00;352,27;C;BQ/1000;;
BQ;Banque BQ;BQ/1001;20220218;60100000;CompteLib_0029;;;22B155;20220218;EcritureLib_0792;20250720;16,25;0,00;D;BQ/1001;;
BQ;Banque BQ;BQ/1001;20220218;51200000;CompteLib_0024;;;22B155;20220218;EcritureLib_0792;20250720;0,00;16,25;C;BQ/1001;;
BQ;Banque BQ;BQ/1002;20220218;40100000;CompteLib_0028;FSPUNTINI;SPUNTINI FOOD'S;22B86;20220218;EcritureLib_0793;20250720;495,25;0,00;D;BQ/1002;BH;20240731
BQ;Banque BQ;BQ/1002;20220218;51200000;CompteLib_0024;;;22B86;20220218;EcritureLib_0793;20250720;0,00;495,25;C;BQ/1002;;
BQ;Banque BQ;BQ/1003;20220218;51140000;CompteLib_0052;;;22B156;20220218;EcritureLib_0794;20250720;0,00;233,86;C;BQ/1003;;
BQ;Banque BQ;BQ/1003;20220218;51200000;CompteLib_0024;;;22B156;20220218;EcritureLib_0794;20250720;233,86;0,00;D;BQ/1003;;
BQ;Banque BQ;BQ/1004;20220218;51100000;CompteLib_0051;;;22B89;20220218;EcritureLib_0795;20250720;0,00;105,90;C;BQ/1004;;
BQ;Banque BQ;BQ/1004;20220218;51200000;CompteLib_0024;;;22B89;20220218;EcritureLib_0795;20250720;105,90;0,00;D;BQ/1004;;
BQ;Banque BQ;BQ/1005;20220219;51100000;CompteLib_0051;;;22B91;20220219;EcritureLib_0796;20250720;0,00;457,22;C;BQ/1005;;
BQ;Banque BQ;BQ/1005;20220219;51200000;CompteLib_0024;;;22B91;20220219;EcritureLib_0796;20250720;457,22;0,00;D;BQ/1005;;
BQ;Banque BQ;BQ/1006;20220219;51100000;CompteLib_0051;;;22B90;20220219;EcritureLib_0797;20250720;0,00;61,70;C;BQ/1006;;
BQ;Banque BQ;BQ/1006;20220219;51200000;CompteLib_0024;;;22B90;20220219;EcritureLib_0797;20250720;61,70;0,00;D;BQ/1006;;
BQ;Banque BQ;BQ/1007;20220221;51100000;CompteLib_0051;;;22B98;20220221;EcritureLib_0798;20250720;0,00;314,03;C;BQ/1007;;
BQ;Banque BQ;BQ/1007;20220221;51200000;CompteLib_0024;;;22B98;20220221;EcritureLib_0798;20250720;314,03;0,00;D;BQ/1007;;
BQ;Banque BQ;BQ/1008;20220221;61200000;CompteLib_0043;;;22B158;20220221;EcritureLib_0799;20250720;326,91;0,00;D;BQ/1008;;
BQ;Banque BQ;BQ/1008;20220221;51200000;CompteLib_0024;;;22B158;20220221;EcritureLib_0799;20250720;0,00;326,91;C;BQ/1008;;
BQ;Banque BQ;BQ/1009;20220221;51140000;CompteLib_0052;;;22B159;20220221;EcritureLib_0800;20250720;0,00;208,99;C;BQ/1009;;
BQ;Banque BQ;BQ/1009;20220221;51200000;CompteLib_0024;;;22B159;20220221;EcritureLib_0800;20250720;208,99;0,00;D;BQ/1009;;
BQ;Banque BQ;BQ/1010;20220221;51100000;CompteLib_0051;;;22B97;20220221;EcritureLib_0801;20250720;0,00;67,40;C;BQ/1010;;
BQ;Banque BQ;BQ/1010;20220221;51200000;CompteLib_0024;;;22B97;20220221;EcritureLib_0801;20250720;67,40;0,00;D;BQ/1010;;
BQ;Banque BQ;BQ/1011;20220221;51100000;CompteLib_0051;;;22B92;20220221;EcritureLib_0802;20250720;0,00;157,10;C;BQ/1011;;
BQ;Banque BQ;BQ/1011;20220221;51200000;CompteLib_0024;;;22B92;20220221;EcritureLib_0802;20250720;157,10;0,00;D;BQ/1011;;
BQ;Banque BQ;BQ/1012;20220221;51100000;CompteLib_0051;;;22B93;20220221;EcritureLib_0803;20250720;0,00;158,70;C;BQ/1012;;
BQ;Banque BQ;BQ/1012;20220221;51200000;CompteLib_0024;;;22B93;20220221;EcritureLib_0803;20250720;158,70;0,00;D;BQ/1012;;
BQ;Banque BQ;BQ/1013;20220221;60100000;CompteLib_0029;;;22B157;20220221;EcritureLib_0609;20250720;33,10;0,00;D;BQ/1013;;
BQ;Banque BQ;BQ/1013;20220221;51200000;CompteLib_0024;;;22B157;20220221;EcritureLib_0609;20250720;0,00;33,10;C;BQ/1013;;
BQ;Banque BQ;BQ/1014;20220222;66100000;CompteLib_0040;;;22B101;20220222;EcritureLib_0804;20250720;4,60;0,00;D;BQ/1014;;
BQ;Banque BQ;BQ/1014;20220222;51200000;CompteLib_0024;;;22B101;20220222;EcritureLib_0804;20250720;0,00;4,60;C;BQ/1014;;
BQ;Banque BQ;BQ/1015;20220222;66100000;CompteLib_0040;;;22B160;20220222;EcritureLib_0805;20250720;4,26;0,00;D;BQ/1015;;
BQ;Banque BQ;BQ/1015;20220222;51200000;CompteLib_0024;;;22B160;20220222;EcritureLib_0805;20250720;0,00;4,26;C;BQ/1015;;
BQ;Banque BQ;BQ/1016;20220222;16410000;CompteLib_0004;;;22B99;20220222;EcritureLib_0806;20250720;198,16;0,00;D;BQ/1016;;
BQ;Banque BQ;BQ/1016;20220222;51200000;CompteLib_0024;;;22B99;20220222;EcritureLib_0806;20250720;0,00;198,16;C;BQ/1016;;
BQ;Banque BQ;BQ/1017;20220223;60100000;CompteLib_0029;;;22B102;20220223;EcritureLib_0105;20250720;27,27;0,00;D;BQ/1017;;
BQ;Banque BQ;BQ/1017;20220223;51200000;CompteLib_0024;;;22B102;20220223;EcritureLib_0105;20250720;0,00;27,27;C;BQ/1017;;
BQ;Banque BQ;BQ/1018;20220223;51100000;CompteLib_0051;;;22B103;20220223;EcritureLib_0807;20250720;0,00;27,90;C;BQ/1018;;
BQ;Banque BQ;BQ/1018;20220223;51200000;CompteLib_0024;;;22B103;20220223;EcritureLib_0807;20250720;27,90;0,00;D;BQ/1018;;
BQ;Banque BQ;BQ/1019;20220223;51100000;CompteLib_0051;;;22B104;20220223;EcritureLib_0808;20250720;0,00;121,50;C;BQ/1019;;
BQ;Banque BQ;BQ/1019;20220223;51200000;CompteLib_0024;;;22B104;20220223;EcritureLib_0808;20250720;121,50;0,00;D;BQ/1019;;
BQ;Banque BQ;BQ/1020;20220224;40100000;CompteLib_0028;FNOYEZ;NOYEZ;22B164;20220224;EcritureLib_0809;20250720;129,15;0,00;D;BQ/1020;C;20240826
BQ;Banque BQ;BQ/1020;20220224;51200000;CompteLib_0024;;;22B164;20220224;EcritureLib_0809;20250720;0,00;129,15;C;BQ/1020;;
BQ;Banque BQ;BQ/1021;20220224;51140000;CompteLib_0052;;;22B161;20220224;EcritureLib_0810;20250720;0,00;36,35;C;BQ/1021;;
BQ;Banque BQ;BQ/1021;20220224;51200000;CompteLib_0024;;;22B161;20220224;EcritureLib_0810;20250720;36,35;0,00;D;BQ/1021;;
BQ;Banque BQ;BQ/1022;20220224;51140000;CompteLib_0052;;;22B162;20220224;EcritureLib_0811;20250720;0,00;24,72;C;BQ/1022;;
BQ;Banque BQ;BQ/1022;20220224;51200000;CompteLib_0024;;;22B162;20220224;EcritureLib_0811;20250720;24,72;0,00;D;BQ/1022;;
BQ;Banque BQ;BQ/1023;20220224;51100000;CompteLib_0051;;;22B107;20220224;EcritureLib_0812;20250720;0,00;21,80;C;BQ/1023;;
BQ;Banque BQ;BQ/1023;20220224;51200000;CompteLib_0024;;;22B107;20220224;EcritureLib_0812;20250720;21,80;0,00;D;BQ/1023;;
BQ;Banque BQ;BQ/1024;20220224;51100000;CompteLib_0051;;;22B108;20220224;EcritureLib_0813;20250720;0,00;213,50;C;BQ/1024;;
BQ;Banque BQ;BQ/1024;20220224;51200000;CompteLib_0024;;;22B108;20220224;EcritureLib_0813;20250720;213,50;0,00;D;BQ/1024;;
BQ;Banque BQ;BQ/1025;20220224;60614000;CompteLib_0031;;;22B109;20220224;EcritureLib_0124;20250720;96,00;0,00;D;BQ/1025;;
BQ;Banque BQ;BQ/1025;20220224;51200000;CompteLib_0024;;;22B109;20220224;EcritureLib_0124;20250720;0,00;96,00;C;BQ/1025;;
BQ;Banque BQ;BQ/1026;20220224;60100000;CompteLib_0029;;;22B163;20220224;EcritureLib_0694;20250720;9,24;0,00;D;BQ/1026;;
BQ;Banque BQ;BQ/1026;20220224;51200000;CompteLib_0024;;;22B163;20220224;EcritureLib_0694;20250720;0,00;9,24;C;BQ/1026;;
BQ;Banque BQ;BQ/1027;20220225;51100000;CompteLib_0051;;;22B115;20220225;EcritureLib_0814;20250720;0,00;191,55;C;BQ/1027;;
BQ;Banque BQ;BQ/1027;20220225;51200000;CompteLib_0024;;;22B115;20220225;EcritureLib_0814;20250720;191,55;0,00;D;BQ/1027;;
BQ;Banque BQ;BQ/1028;20220225;60630000;CompteLib_0027;;;22B112;20220225;EcritureLib_0105;20250720;43,06;0,00;D;BQ/1028;;
BQ;Banque BQ;BQ/1028;20220225;51200000;CompteLib_0024;;;22B112;20220225;EcritureLib_0105;20250720;0,00;43,06;C;BQ/1028;;
BQ;Banque BQ;BQ/1029;20220225;51100000;CompteLib_0051;;;22B114;20220225;EcritureLib_0815;20250720;0,00;21,20;C;BQ/1029;;
BQ;Banque BQ;BQ/1029;20220225;51200000;CompteLib_0024;;;22B114;20220225;EcritureLib_0815;20250720;21,20;0,00;D;BQ/1029;;
BQ;Banque BQ;BQ/1030;20220225;40100000;CompteLib_0028;FSPUNTINI;SPUNTINI FOOD'S;22B165;20220225;EcritureLib_0816;20250720;347,68;0,00;D;BQ/1030;BK;20240801
BQ;Banque BQ;BQ/1030;20220225;51200000;CompteLib_0024;;;22B165;20220225;EcritureLib_0816;20250720;0,00;347,68;C;BQ/1030;;
BQ;Banque BQ;BQ/1031;20220226;51100000;CompteLib_0051;;;22B116;20220226;EcritureLib_0817;20250720;0,00;50,40;C;BQ/1031;;
BQ;Banque BQ;BQ/1031;20220226;51200000;CompteLib_0024;;;22B116;20220226;EcritureLib_0817;20250720;50,40;0,00;D;BQ/1031;;
BQ;Banque BQ;BQ/1032;20220226;51100000;CompteLib_0051;;;22B117;20220226;EcritureLib_0818;20250720;0,00;516,31;C;BQ/1032;;
BQ;Banque BQ;BQ/1032;20220226;51200000;CompteLib_0024;;;22B117;20220226;EcritureLib_0818;20250720;516,31;0,00;D;BQ/1032;;
BQ;Banque BQ;BQ/1033;20220228;51100000;CompteLib_0051;;;22B123;20220228;EcritureLib_0819;20250720;0,00;300,60;C;BQ/1033;;
BQ;Banque BQ;BQ/1033;20220228;51200000;CompteLib_0024;;;22B123;20220228;EcritureLib_0819;20250720;300,60;0,00;D;BQ/1033;;
BQ;Banque BQ;BQ/1034;20220228;51100000;CompteLib_0051;;;22B118;20220228;EcritureLib_0820;20250720;0,00;246,10;C;BQ/1034;;
BQ;Banque BQ;BQ/1034;20220228;51200000;CompteLib_0024;;;22B118;20220228;EcritureLib_0820;20250720;246,10;0,00;D;BQ/1034;;
BQ;Banque BQ;BQ/1035;20220228;60612000;CompteLib_0039;;;22B120;20220228;EcritureLib_0821;20250720;623,05;0,00;D;BQ/1035;;
BQ;Banque BQ;BQ/1035;20220228;51200000;CompteLib_0024;;;22B120;20220228;EcritureLib_0821;20250720;0,00;623,05;C;BQ/1035;;
BQ;Banque BQ;BQ/1036;20220228;62600000;CompteLib_0042;;;22B166;20220228;EcritureLib_0822;20250720;50,00;0,00;D;BQ/1036;;
BQ;Banque BQ;BQ/1036;20220228;51200000;CompteLib_0024;;;22B166;20220228;EcritureLib_0822;20250720;0,00;60,00;C;BQ/1036;;
BQ;Banque BQ;BQ/1036;20220228;44566100;CompteLib_0018;;;22B166;20220228;EcritureLib_0822;20250720;10,00;0,00;D;BQ/1036;;
BQ;Banque BQ;BQ/1037;20220228;51100000;CompteLib_0051;;;22B122;20220228;EcritureLib_0823;20250720;0,00;153,00;C;BQ/1037;;
BQ;Banque BQ;BQ/1037;20220228;51200000;CompteLib_0024;;;22B122;20220228;EcritureLib_0823;20250720;153,00;0,00;D;BQ/1037;;
BQ;Banque BQ;BQ/1038;20220228;60100000;CompteLib_0029;;;22B119;20220228;EcritureLib_0105;20250720;78,79;0,00;D;BQ/1038;;
BQ;Banque BQ;BQ/1038;20220228;51200000;CompteLib_0024;;;22B119;20220228;EcritureLib_0105;20250720;0,00;78,79;C;BQ/1038;;
BQ;Banque BQ;BQ/1039;20220301;61600000;CompteLib_0035;;;22C1;20220301;EcritureLib_0824;20250720;96,13;0,00;D;BQ/1039;;
BQ;Banque BQ;BQ/1039;20220301;51200000;CompteLib_0024;;;22C1;20220301;EcritureLib_0824;20250720;0,00;96,13;C;BQ/1039;;
BQ;Banque BQ;BQ/1040;20220301;60100000;CompteLib_0029;;;22C2;20220301;EcritureLib_0105;20250720;56,65;0,00;D;BQ/1040;;
BQ;Banque BQ;BQ/1040;20220301;51200000;CompteLib_0024;;;22C2;20220301;EcritureLib_0105;20250720;0,00;56,65;C;BQ/1040;;
BQ;Banque BQ;BQ/1041;20220302;61600000;CompteLib_0035;;;22C8;20220302;EcritureLib_0825;20250720;24,08;0,00;D;BQ/1041;;
BQ;Banque BQ;BQ/1041;20220302;51200000;CompteLib_0024;;;22C8;20220302;EcritureLib_0825;20250720;0,00;24,08;C;BQ/1041;;
BQ;Banque BQ;BQ/1042;20220302;62620000;CompteLib_0049;;;22C4;20220302;EcritureLib_0263;20250720;11,60;0,00;D;BQ/1042;;
BQ;Banque BQ;BQ/1042;20220302;51200000;CompteLib_0024;;;22C4;20220302;EcritureLib_0263;20250720;0,00;11,60;C;BQ/1042;;
BQ;Banque BQ;BQ/1043;20220302;51140000;CompteLib_0052;;;22C128;20220302;EcritureLib_0826;20250720;0,00;14,64;C;BQ/1043;;
BQ;Banque BQ;BQ/1043;20220302;51200000;CompteLib_0024;;;22C128;20220302;EcritureLib_0826;20250720;14,64;0,00;D;BQ/1043;;
BQ;Banque BQ;BQ/1044;20220302;51140000;CompteLib_0052;;;22C129;20220302;EcritureLib_0827;20250720;0,00;8,08;C;BQ/1044;;
BQ;Banque BQ;BQ/1044;20220302;51200000;CompteLib_0024;;;22C129;20220302;EcritureLib_0827;20250720;8,08;0,00;D;BQ/1044;;
BQ;Banque BQ;BQ/1045;20220302;51100000;CompteLib_0051;;;22C7;20220302;EcritureLib_0828;20250720;0,00;210,60;C;BQ/1045;;
BQ;Banque BQ;BQ/1045;20220302;51200000;CompteLib_0024;;;22C7;20220302;EcritureLib_0828;20250720;210,60;0,00;D;BQ/1045;;
BQ;Banque BQ;BQ/1046;20220302;60100000;CompteLib_0029;;;22C3;20220302;EcritureLib_0105;20250720;45,63;0,00;D;BQ/1046;;
BQ;Banque BQ;BQ/1046;20220302;51200000;CompteLib_0024;;;22C3;20220302;EcritureLib_0105;20250720;0,00;45,63;C;BQ/1046;;
BQ;Banque BQ;BQ/1047;20220303;51140000;CompteLib_0052;;;22C131;20220303;EcritureLib_0829;20250720;0,00;11,56;C;BQ/1047;;
BQ;Banque BQ;BQ/1047;20220303;51200000;CompteLib_0024;;;22C131;20220303;EcritureLib_0829;20250720;11,56;0,00;D;BQ/1047;;
BQ;Banque BQ;BQ/1048;20220303;43703000;CompteLib_0045;;;22C130;20220303;EcritureLib_0830;20250720;101,76;0,00;D;BQ/1048;J;20240826
BQ;Banque BQ;BQ/1048;20220303;51200000;CompteLib_0024;;;22C130;20220303;EcritureLib_0830;20250720;0,00;101,76;C;BQ/1048;;
BQ;Banque BQ;BQ/1049;20220303;51100000;CompteLib_0051;;;22C11;20220303;EcritureLib_0831;20250720;0,00;228,20;C;BQ/1049;;
BQ;Banque BQ;BQ/1049;20220303;51200000;CompteLib_0024;;;22C11;20220303;EcritureLib_0831;20250720;228,20;0,00;D;BQ/1049;;
BQ;Banque BQ;BQ/1050;20220304;60612000;CompteLib_0039;;;22C19;20220304;EcritureLib_0058;20250720;0,00;130,00;C;BQ/1050;;
BQ;Banque BQ;BQ/1050;20220304;51200000;CompteLib_0024;;;22C19;20220304;EcritureLib_0058;20250720;130,00;0,00;D;BQ/1050;;
BQ;Banque BQ;BQ/1051;20220304;62700000;CompteLib_0036;;;22C12;20220304;EcritureLib_0832;20250720;37,71;0,00;D;BQ/1051;;
BQ;Banque BQ;BQ/1051;20220304;51200000;CompteLib_0024;;;22C12;20220304;EcritureLib_0832;20250720;0,00;37,71;C;BQ/1051;;
BQ;Banque BQ;BQ/1052;20220304;60100000;CompteLib_0029;;;22C132;20220304;EcritureLib_0833;20250720;83,25;0,00;D;BQ/1052;;
BQ;Banque BQ;BQ/1052;20220304;51200000;CompteLib_0024;;;22C132;20220304;EcritureLib_0833;20250720;0,00;83,25;C;BQ/1052;;
BQ;Banque BQ;BQ/1053;20220304;60100000;CompteLib_0029;;;22C133;20220304;EcritureLib_0833;20250720;45,54;0,00;D;BQ/1053;;
BQ;Banque BQ;BQ/1053;20220304;51200000;CompteLib_0024;;;22C133;20220304;EcritureLib_0833;20250720;0,00;45,54;C;BQ/1053;;
BQ;Banque BQ;BQ/1054;20220304;60100000;CompteLib_0029;;;22C134;20220304;EcritureLib_0834;20250720;498,38;0,00;D;BQ/1054;;
BQ;Banque BQ;BQ/1054;20220304;51200000;CompteLib_0024;;;22C134;20220304;EcritureLib_0834;20250720;0,00;498,38;C;BQ/1054;;
BQ;Banque BQ;BQ/1055;20220304;51120000;CompteLib_0053;;;22C135;20220304;EcritureLib_0835;20250720;0,00;44,70;C;BQ/1055;;
BQ;Banque BQ;BQ/1055;20220304;51200000;CompteLib_0024;;;22C135;20220304;EcritureLib_0835;20250720;44,70;0,00;D;BQ/1055;;
BQ;Banque BQ;BQ/1056;20220304;51140000;CompteLib_0052;;;22C136;20220304;EcritureLib_0836;20250720;0,00;2,33;C;BQ/1056;;
BQ;Banque BQ;BQ/1056;20220304;51200000;CompteLib_0024;;;22C136;20220304;EcritureLib_0836;20250720;2,33;0,00;D;BQ/1056;;
BQ;Banque BQ;BQ/1057;20220304;42100000;CompteLib_0010;;;22C22;20220304;EcritureLib_0837;20250720;575,42;0,00;D;BQ/1057;P;20240802
BQ;Banque BQ;BQ/1057;20220304;51200000;CompteLib_0024;;;22C22;20220304;EcritureLib_0837;20250720;0,00;575,42;C;BQ/1057;;
BQ;Banque BQ;BQ/1058;20220304;51100000;CompteLib_0051;;;22C24;20220304;EcritureLib_0838;20250720;0,00;7,40;C;BQ/1058;;
BQ;Banque BQ;BQ/1058;20220304;51200000;CompteLib_0024;;;22C24;20220304;EcritureLib_0838;20250720;7,40;0,00;D;BQ/1058;;
BQ;Banque BQ;BQ/1059;20220304;51100000;CompteLib_0051;;;22C25;20220304;EcritureLib_0839;20250720;0,00;90,70;C;BQ/1059;;
BQ;Banque BQ;BQ/1059;20220304;51200000;CompteLib_0024;;;22C25;20220304;EcritureLib_0839;20250720;90,70;0,00;D;BQ/1059;;
BQ;Banque BQ;BQ/1060;20220304;62340000;CompteLib_0034;;;22C17;20220304;EcritureLib_0834;20250720;59,44;0,00;D;BQ/1060;;
BQ;Banque BQ;BQ/1060;20220304;51200000;CompteLib_0024;;;22C17;20220304;EcritureLib_0834;20250720;0,00;59,44;C;BQ/1060;;
BQ;Banque BQ;BQ/1061;20220304;60100000;CompteLib_0029;;;22C13;20220304;EcritureLib_0105;20250720;26,40;0,00;D;BQ/1061;;
BQ;Banque BQ;BQ/1061;20220304;51200000;CompteLib_0024;;;22C13;20220304;EcritureLib_0105;20250720;0,00;26,40;C;BQ/1061;;
BQ;Banque BQ;BQ/1062;20220304;42100000;CompteLib_0010;;;22C23;20220304;EcritureLib_0840;20250720;393,74;0,00;D;BQ/1062;P;20240802
BQ;Banque BQ;BQ/1062;20220304;51200000;CompteLib_0024;;;22C23;20220304;EcritureLib_0840;20250720;0,00;393,74;C;BQ/1062;;
BQ;Banque BQ;BQ/1063;20220304;42100000;CompteLib_0010;;;22C21;20220304;EcritureLib_0841;20250720;424,13;0,00;D;BQ/1063;P;20240802
BQ;Banque BQ;BQ/1063;20220304;51200000;CompteLib_0024;;;22C21;20220304;EcritureLib_0841;20250720;0,00;424,13;C;BQ/1063;;
BQ;Banque BQ;BQ/1064;20220305;51100000;CompteLib_0051;;;22C26;20220305;EcritureLib_0842;20250720;0,00;102,20;C;BQ/1064;;
BQ;Banque BQ;BQ/1064;20220305;51200000;CompteLib_0024;;;22C26;20220305;EcritureLib_0842;20250720;102,20;0,00;D;BQ/1064;;
BQ;Banque BQ;BQ/1065;20220305;51100000;CompteLib_0051;;;22C27;20220305;EcritureLib_0843;20250720;0,00;505,70;C;BQ/1065;;
BQ;Banque BQ;BQ/1065;20220305;51200000;CompteLib_0024;;;22C27;20220305;EcritureLib_0843;20250720;505,70;0,00;D;BQ/1065;;
BQ;Banque BQ;BQ/1066;20220307;51100000;CompteLib_0051;;;22C29;20220307;EcritureLib_0844;20250720;0,00;194,00;C;BQ/1066;;
BQ;Banque BQ;BQ/1066;20220307;51200000;CompteLib_0024;;;22C29;20220307;EcritureLib_0844;20250720;194,00;0,00;D;BQ/1066;;
BQ;Banque BQ;BQ/1067;20220307;60100000;CompteLib_0029;;;22C30;20220307;EcritureLib_0105;20250720;18,73;0,00;D;BQ/1067;;
BQ;Banque BQ;BQ/1067;20220307;51200000;CompteLib_0024;;;22C30;20220307;EcritureLib_0105;20250720;0,00;18,73;C;BQ/1067;;
BQ;Banque BQ;BQ/1068;20220307;61321000;CompteLib_0038;;;22C137;20220307;EcritureLib_0084;20250720;1000,00;0,00;D;BQ/1068;;
BQ;Banque BQ;BQ/1068;20220307;44566100;CompteLib_0018;;;22C137;20220307;EcritureLib_0084;20250720;200,00;0,00;D;BQ/1068;;
BQ;Banque BQ;BQ/1068;20220307;51200000;CompteLib_0024;;;22C137;20220307;EcritureLib_0084;20250720;0,00;1200,00;C;BQ/1068;;
BQ;Banque BQ;BQ/1069;20220307;51100000;CompteLib_0051;;;22C32;20220307;EcritureLib_0845;20250720;0,00;135,60;C;BQ/1069;;
BQ;Banque BQ;BQ/1069;20220307;51200000;CompteLib_0024;;;22C32;20220307;EcritureLib_0845;20250720;135,60;0,00;D;BQ/1069;;
BQ;Banque BQ;BQ/1070;20220307;51100000;CompteLib_0051;;;22C33;20220307;EcritureLib_0846;20250720;0,00;159,80;C;BQ/1070;;
BQ;Banque BQ;BQ/1070;20220307;51200000;CompteLib_0024;;;22C33;20220307;EcritureLib_0846;20250720;159,80;0,00;D;BQ/1070;;
BQ;Banque BQ;BQ/1071;20220307;61600000;CompteLib_0035;;;22C28;20220307;EcritureLib_0847;20250720;55,40;0,00;D;BQ/1071;;
BQ;Banque BQ;BQ/1071;20220307;51200000;CompteLib_0024;;;22C28;20220307;EcritureLib_0847;20250720;0,00;55,40;C;BQ/1071;;
BQ;Banque BQ;BQ/1072;20220308;60100000;CompteLib_0029;;;22C34;20220308;EcritureLib_0105;20250720;16,66;0,00;D;BQ/1072;;
BQ;Banque BQ;BQ/1072;20220308;51200000;CompteLib_0024;;;22C34;20220308;EcritureLib_0105;20250720;0,00;16,66;C;BQ/1072;;
BQ;Banque BQ;BQ/1073;20220309;61350000;CompteLib_0041;;;22C37;20220309;EcritureLib_0848;20250720;27,48;0,00;D;BQ/1073;;
BQ;Banque BQ;BQ/1073;20220309;51200000;CompteLib_0024;;;22C37;20220309;EcritureLib_0848;20250720;0,00;27,48;C;BQ/1073;;
BQ;Banque BQ;BQ/1074;20220309;60100000;CompteLib_0029;;;22C35;20220309;EcritureLib_0105;20250720;13,30;0,00;D;BQ/1074;;
BQ;Banque BQ;BQ/1074;20220309;51200000;CompteLib_0024;;;22C35;20220309;EcritureLib_0105;20250720;0,00;13,30;C;BQ/1074;;
BQ;Banque BQ;BQ/1075;20220309;51100000;CompteLib_0051;;;22C38;20220309;EcritureLib_0849;20250720;0,00;11,60;C;BQ/1075;;
BQ;Banque BQ;BQ/1075;20220309;51200000;CompteLib_0024;;;22C38;20220309;EcritureLib_0849;20250720;11,60;0,00;D;BQ/1075;;
BQ;Banque BQ;BQ/1076;20220309;51100000;CompteLib_0051;;;22C39;20220309;EcritureLib_0850;20250720;0,00;132,70;C;BQ/1076;;
BQ;Banque BQ;BQ/1076;20220309;51200000;CompteLib_0024;;;22C39;20220309;EcritureLib_0850;20250720;132,70;0,00;D;BQ/1076;;
BQ;Banque BQ;BQ/1077;20220309;63120000;CompteLib_0059;;;22C36;20220309;EcritureLib_0851;20250720;14,00;0,00;D;BQ/1077;;
BQ;Banque BQ;BQ/1077;20220309;51200000;CompteLib_0024;;;22C36;20220309;EcritureLib_0851;20250720;0,00;14,00;C;BQ/1077;;
BQ;Banque BQ;BQ/1078;20220310;51140000;CompteLib_0052;;;22C139;20220310;EcritureLib_0852;20250720;0,00;37,88;C;BQ/1078;;
BQ;Banque BQ;BQ/1078;20220310;51200000;CompteLib_0024;;;22C139;20220310;EcritureLib_0852;20250720;37,88;0,00;D;BQ/1078;;
BQ;Banque BQ;BQ/1079;20220310;51100000;CompteLib_0051;;;22C47;20220310;EcritureLib_0853;20250720;0,00;185,15;C;BQ/1079;;
BQ;Banque BQ;BQ/1079;20220310;51200000;CompteLib_0024;;;22C47;20220310;EcritureLib_0853;20250720;185,15;0,00;D;BQ/1079;;
BQ;Banque BQ;BQ/1080;20220310;16400000;CompteLib_0004;;;22C40;20220310;EcritureLib_0854;20250720;676,31;0,00;D;BQ/1080;;
BQ;Banque BQ;BQ/1080;20220310;51200000;CompteLib_0024;;;22C40;20220310;EcritureLib_0854;20250720;0,00;676,31;C;BQ/1080;;
BQ;Banque BQ;BQ/1081;20220310;66100000;CompteLib_0040;;;22C41;20220310;EcritureLib_0855;20250720;28,29;0,00;D;BQ/1081;;
BQ;Banque BQ;BQ/1081;20220310;51200000;CompteLib_0024;;;22C41;20220310;EcritureLib_0855;20250720;0,00;28,29;C;BQ/1081;;
BQ;Banque BQ;BQ/1082;20220310;60614000;CompteLib_0031;;;22C42;20220310;EcritureLib_0124;20250720;120,02;0,00;D;BQ/1082;;
BQ;Banque BQ;BQ/1082;20220310;51200000;CompteLib_0024;;;22C42;20220310;EcritureLib_0124;20250720;0,00;120,02;C;BQ/1082;;
BQ;Banque BQ;BQ/1083;20220310;62700000;CompteLib_0036;;;22C43;20220310;EcritureLib_0856;20250720;10,90;0,00;D;BQ/1083;;
BQ;Banque BQ;BQ/1083;20220310;51200000;CompteLib_0024;;;22C43;20220310;EcritureLib_0856;20250720;0,00;10,90;C;BQ/1083;;
BQ;Banque BQ;BQ/1084;20220310;61350000;CompteLib_0041;;;22C138;20220310;EcritureLib_0857;20250720;142,74;0,00;D;BQ/1084;;
BQ;Banque BQ;BQ/1084;20220310;51200000;CompteLib_0024;;;22C138;20220310;EcritureLib_0857;20250720;0,00;142,74;C;BQ/1084;;
BQ;Banque BQ;BQ/1085;20220310;51100000;CompteLib_0051;;;22C46;20220310;EcritureLib_0858;20250720;0,00;27,90;C;BQ/1085;;
BQ;Banque BQ;BQ/1085;20220310;51200000;CompteLib_0024;;;22C46;20220310;EcritureLib_0858;20250720;27,90;0,00;D;BQ/1085;;
BQ;Banque BQ;BQ/1086;20220311;51140000;CompteLib_0052;;;22C142;20220311;EcritureLib_0859;20250720;0,00;11,78;C;BQ/1086;;
BQ;Banque BQ;BQ/1086;20220311;51200000;CompteLib_0024;;;22C142;20220311;EcritureLib_0859;20250720;11,78;0,00;D;BQ/1086;;
BQ;Banque BQ;BQ/1087;20220311;51100000;CompteLib_0051;;;22C53;20220311;EcritureLib_0860;20250720;0,00;57,90;C;BQ/1087;;
BQ;Banque BQ;BQ/1087;20220311;51200000;CompteLib_0024;;;22C53;20220311;EcritureLib_0860;20250720;57,90;0,00;D;BQ/1087;;
BQ;Banque BQ;BQ/1088;20220311;60100000;CompteLib_0029;;;22C48;20220311;EcritureLib_0105;20250720;40,08;0,00;D;BQ/1088;;
BQ;Banque BQ;BQ/1088;20220311;51200000;CompteLib_0024;;;22C48;20220311;EcritureLib_0105;20250720;0,00;40,08;C;BQ/1088;;
BQ;Banque BQ;BQ/1089;20220311;60100000;CompteLib_0029;;;22C140;20220311;EcritureLib_0861;20250720;649,47;0,00;D;BQ/1089;;
BQ;Banque BQ;BQ/1089;20220311;51200000;CompteLib_0024;;;22C140;20220311;EcritureLib_0861;20250720;0,00;649,47;C;BQ/1089;;
BQ;Banque BQ;BQ/1090;20220311;60100000;CompteLib_0029;;;22C141;20220311;EcritureLib_0861;20250720;53,48;0,00;D;BQ/1090;;
BQ;Banque BQ;BQ/1090;20220311;51200000;CompteLib_0024;;;22C141;20220311;EcritureLib_0861;20250720;0,00;53,48;C;BQ/1090;;
BQ;Banque BQ;BQ/1091;20220311;51100000;CompteLib_0051;;;22C52;20220311;EcritureLib_0862;20250720;0,00;18,90;C;BQ/1091;;
BQ;Banque BQ;BQ/1091;20220311;51200000;CompteLib_0024;;;22C52;20220311;EcritureLib_0862;20250720;18,90;0,00;D;BQ/1091;;
BQ;Banque BQ;BQ/1092;20220312;51100000;CompteLib_0051;;;22C54;20220312;EcritureLib_0863;20250720;0,00;184,70;C;BQ/1092;;
BQ;Banque BQ;BQ/1092;20220312;51200000;CompteLib_0024;;;22C54;20220312;EcritureLib_0863;20250720;184,70;0,00;D;BQ/1092;;
BQ;Banque BQ;BQ/1093;20220312;51100000;CompteLib_0051;;;22C55;20220312;EcritureLib_0864;20250720;0,00;522,70;C;BQ/1093;;
BQ;Banque BQ;BQ/1093;20220312;51200000;CompteLib_0024;;;22C55;20220312;EcritureLib_0864;20250720;522,70;0,00;D;BQ/1093;;
BQ;Banque BQ;BQ/1094;20220314;60100000;CompteLib_0029;;;22C58;20220314;EcritureLib_0105;20250720;38,07;0,00;D;BQ/1094;;
BQ;Banque BQ;BQ/1094;20220314;51200000;CompteLib_0024;;;22C58;20220314;EcritureLib_0105;20250720;0,00;38,07;C;BQ/1094;;
BQ;Banque BQ;BQ/1095;20220314;51100000;CompteLib_0051;;;22C57;20220314;EcritureLib_0865;20250720;0,00;326,00;C;BQ/1095;;
BQ;Banque BQ;BQ/1095;20220314;51200000;CompteLib_0024;;;22C57;20220314;EcritureLib_0865;20250720;326,00;0,00;D;BQ/1095;;
BQ;Banque BQ;BQ/1096;20220314;60100000;CompteLib_0029;;;22C143;20220314;EcritureLib_0085;20250720;16,65;0,00;D;BQ/1096;;
BQ;Banque BQ;BQ/1096;20220314;51200000;CompteLib_0024;;;22C143;20220314;EcritureLib_0085;20250720;0,00;16,65;C;BQ/1096;;
BQ;Banque BQ;BQ/1097;20220314;60100000;CompteLib_0029;;;22C144;20220314;EcritureLib_0694;20250720;11,01;0,00;D;BQ/1097;;
BQ;Banque BQ;BQ/1097;20220314;51200000;CompteLib_0024;;;22C144;20220314;EcritureLib_0694;20250720;0,00;11,01;C;BQ/1097;;
BQ;Banque BQ;BQ/1098;20220314;60100000;CompteLib_0029;;;22C145;20220314;EcritureLib_0866;20250720;127,28;0,00;D;BQ/1098;;
BQ;Banque BQ;BQ/1098;20220314;51200000;CompteLib_0024;;;22C145;20220314;EcritureLib_0866;20250720;0,00;127,28;C;BQ/1098;;
BQ;Banque BQ;BQ/1099;20220314;51100000;CompteLib_0051;;;22C56;20220314;EcritureLib_0867;20250720;0,00;25,30;C;BQ/1099;;
BQ;Banque BQ;BQ/1099;20220314;51200000;CompteLib_0024;;;22C56;20220314;EcritureLib_0867;20250720;25,30;0,00;D;BQ/1099;;
BQ;Banque BQ;BQ/1100;20220314;60100000;CompteLib_0029;;;22C146;20220314;EcritureLib_0866;20250720;20,04;0,00;D;BQ/1100;;
BQ;Banque BQ;BQ/1100;20220314;51200000;CompteLib_0024;;;22C146;20220314;EcritureLib_0866;20250720;0,00;20,04;C;BQ/1100;;
BQ;Banque BQ;BQ/1101;20220314;51100000;CompteLib_0051;;;22C63;20220314;EcritureLib_0868;20250720;0,00;94,00;C;BQ/1101;;
BQ;Banque BQ;BQ/1101;20220314;51200000;CompteLib_0024;;;22C63;20220314;EcritureLib_0868;20250720;94,00;0,00;D;BQ/1101;;
BQ;Banque BQ;BQ/1102;20220316;51100000;CompteLib_0051;;;22C67;20220316;EcritureLib_0869;20250720;0,00;99,50;C;BQ/1102;;
BQ;Banque BQ;BQ/1102;20220316;51200000;CompteLib_0024;;;22C67;20220316;EcritureLib_0869;20250720;99,50;0,00;D;BQ/1102;;
BQ;Banque BQ;BQ/1103;20220316;70190000;CompteLib_0056;;;22C65;20220316;EcritureLib_0870;20250720;0,00;112,00;C;BQ/1103;;
BQ;Banque BQ;BQ/1103;20220316;51200000;CompteLib_0024;;;22C65;20220316;EcritureLib_0870;20250720;112,00;0,00;D;BQ/1103;;
BQ;Banque BQ;BQ/1104;20220316;51100000;CompteLib_0051;;;22C66;20220316;EcritureLib_0871;20250720;0,00;9,90;C;BQ/1104;;
BQ;Banque BQ;BQ/1104;20220316;51200000;CompteLib_0024;;;22C66;20220316;EcritureLib_0871;20250720;9,90;0,00;D;BQ/1104;;
BQ;Banque BQ;BQ/1105;20220316;60100000;CompteLib_0029;;;22C64;20220316;EcritureLib_0105;20250720;7,88;0,00;D;BQ/1105;;
BQ;Banque BQ;BQ/1105;20220316;51200000;CompteLib_0024;;;22C64;20220316;EcritureLib_0105;20250720;0,00;7,88;C;BQ/1105;;
BQ;Banque BQ;BQ/1106;20220317;60100000;CompteLib_0029;;;22C147;20220317;EcritureLib_0872;20250720;184,54;0,00;D;BQ/1106;;
BQ;Banque BQ;BQ/1106;20220317;51200000;CompteLib_0024;;;22C147;20220317;EcritureLib_0872;20250720;0,00;184,54;C;BQ/1106;;
BQ;Banque BQ;BQ/1107;20220317;60100000;CompteLib_0029;;;22C148;20220317;EcritureLib_0872;20250720;71,13;0,00;D;BQ/1107;;
BQ;Banque BQ;BQ/1107;20220317;51200000;CompteLib_0024;;;22C148;20220317;EcritureLib_0872;20250720;0,00;71,13;C;BQ/1107;;
BQ;Banque BQ;BQ/1108;20220317;51140000;CompteLib_0052;;;22C149;20220317;EcritureLib_0873;20250720;0,00;66,77;C;BQ/1108;;
BQ;Banque BQ;BQ/1108;20220317;51200000;CompteLib_0024;;;22C149;20220317;EcritureLib_0873;20250720;66,77;0,00;D;BQ/1108;;
BQ;Banque BQ;BQ/1109;20220317;51100000;CompteLib_0051;;;22C72;20220317;EcritureLib_0874;20250720;0,00;37,70;C;BQ/1109;;
BQ;Banque BQ;BQ/1109;20220317;51200000;CompteLib_0024;;;22C72;20220317;EcritureLib_0874;20250720;37,70;0,00;D;BQ/1109;;
BQ;Banque BQ;BQ/1110;20220317;51100000;CompteLib_0051;;;22C73;20220317;EcritureLib_0875;20250720;0,00;188,00;C;BQ/1110;;
BQ;Banque BQ;BQ/1110;20220317;51200000;CompteLib_0024;;;22C73;20220317;EcritureLib_0875;20250720;188,00;0,00;D;BQ/1110;;
BQ;Banque BQ;BQ/1111;20220317;60100000;CompteLib_0029;;;22C68;20220317;EcritureLib_0105;20250720;57,04;0,00;D;BQ/1111;;
BQ;Banque BQ;BQ/1111;20220317;51200000;CompteLib_0024;;;22C68;20220317;EcritureLib_0105;20250720;0,00;57,04;C;BQ/1111;;
BQ;Banque BQ;BQ/1112;20220318;60100000;CompteLib_0029;;;22C151;20220318;EcritureLib_0876;20250720;518,78;0,00;D;BQ/1112;;
BQ;Banque BQ;BQ/1112;20220318;51200000;CompteLib_0024;;;22C151;20220318;EcritureLib_0876;20250720;0,00;518,78;C;BQ/1112;;
BQ;Banque BQ;BQ/1113;20220318;60100000;CompteLib_0029;;;22C152;20220318;EcritureLib_0876;20250720;53,48;0,00;D;BQ/1113;;
BQ;Banque BQ;BQ/1113;20220318;51200000;CompteLib_0024;;;22C152;20220318;EcritureLib_0876;20250720;0,00;53,48;C;BQ/1113;;
BQ;Banque BQ;BQ/1114;20220318;51100000;CompteLib_0051;;;22C77;20220318;EcritureLib_0877;20250720;0,00;111,20;C;BQ/1114;;
BQ;Banque BQ;BQ/1114;20220318;51200000;CompteLib_0024;;;22C77;20220318;EcritureLib_0877;20250720;111,20;0,00;D;BQ/1114;;
BQ;Banque BQ;BQ/1115;20220318;51100000;CompteLib_0051;;;22C78;20220318;EcritureLib_0878;20250720;0,00;115,50;C;BQ/1115;;
BQ;Banque BQ;BQ/1115;20220318;51200000;CompteLib_0024;;;22C78;20220318;EcritureLib_0878;20250720;115,50;0,00;D;BQ/1115;;
BQ;Banque BQ;BQ/1116;20220318;60100000;CompteLib_0029;;;22C74;20220318;EcritureLib_0105;20250720;38,11;0,00;D;BQ/1116;;
BQ;Banque BQ;BQ/1116;20220318;51200000;CompteLib_0024;;;22C74;20220318;EcritureLib_0105;20250720;0,00;38,11;C;BQ/1116;;
BQ;Banque BQ;BQ/1117;20220321;51100000;CompteLib_0051;;;22C79;20220321;EcritureLib_0879;20250720;0,00;87,60;C;BQ/1117;;
BQ;Banque BQ;BQ/1117;20220321;51200000;CompteLib_0024;;;22C79;20220321;EcritureLib_0879;20250720;87,60;0,00;D;BQ/1117;;
BQ;Banque BQ;BQ/1118;20220321;51100000;CompteLib_0051;;;22C80;20220321;EcritureLib_0880;20250720;0,00;431,70;C;BQ/1118;;
BQ;Banque BQ;BQ/1118;20220321;51200000;CompteLib_0024;;;22C80;20220321;EcritureLib_0880;20250720;431,70;0,00;D;BQ/1118;;
BQ;Banque BQ;BQ/1119;20220321;51100000;CompteLib_0051;;;22C81;20220321;EcritureLib_0881;20250720;0,00;43,00;C;BQ/1119;;
BQ;Banque BQ;BQ/1119;20220321;51200000;CompteLib_0024;;;22C81;20220321;EcritureLib_0881;20250720;43,00;0,00;D;BQ/1119;;
BQ;Banque BQ;BQ/1120;20220321;51100000;CompteLib_0051;;;22C82;20220321;EcritureLib_0882;20250720;0,00;298,20;C;BQ/1120;;
BQ;Banque BQ;BQ/1120;20220321;51200000;CompteLib_0024;;;22C82;20220321;EcritureLib_0882;20250720;298,20;0,00;D;BQ/1120;;
BQ;Banque BQ;BQ/1121;20220321;60630000;CompteLib_0027;;;22C83;20220321;EcritureLib_0066;20250720;78,93;0,00;D;BQ/1121;;
BQ;Banque BQ;BQ/1121;20220321;51200000;CompteLib_0024;;;22C83;20220321;EcritureLib_0066;20250720;0,00;78,93;C;BQ/1121;;
BQ;Banque BQ;BQ/1122;20220321;40100000;CompteLib_0028;FELECTRO;ELECTRO DEPOT;22C155;20220321;EcritureLib_0883;20250720;399,98;0,00;D;BQ/1122;A;20240731
BQ;Banque BQ;BQ/1122;20220321;51200000;CompteLib_0024;;;22C155;20220321;EcritureLib_0883;20250720;0,00;399,98;C;BQ/1122;;
BQ;Banque BQ;BQ/1123;20220321;62270000;CompteLib_0060;;;22C87;20220321;EcritureLib_0884;20250720;3,37;0,00;D;BQ/1123;;
BQ;Banque BQ;BQ/1123;20220321;51200000;CompteLib_0024;;;22C87;20220321;EcritureLib_0884;20250720;0,00;3,37;C;BQ/1123;;
BQ;Banque BQ;BQ/1124;20220321;51100000;CompteLib_0051;;;22C89;20220321;EcritureLib_0885;20250720;0,00;85,90;C;BQ/1124;;
BQ;Banque BQ;BQ/1124;20220321;51200000;CompteLib_0024;;;22C89;20220321;EcritureLib_0885;20250720;85,90;0,00;D;BQ/1124;;
BQ;Banque BQ;BQ/1125;20220321;51100000;CompteLib_0051;;;22C90;20220321;EcritureLib_0886;20250720;0,00;204,20;C;BQ/1125;;
BQ;Banque BQ;BQ/1125;20220321;51200000;CompteLib_0024;;;22C90;20220321;EcritureLib_0886;20250720;204,20;0,00;D;BQ/1125;;
BQ;Banque BQ;BQ/1126;20220321;61200000;CompteLib_0043;;;22C156;20220321;EcritureLib_0887;20250720;326,91;0,00;D;BQ/1126;;
BQ;Banque BQ;BQ/1126;20220321;51200000;CompteLib_0024;;;22C156;20220321;EcritureLib_0887;20250720;0,00;326,91;C;BQ/1126;;
BQ;Banque BQ;BQ/1127;20220321;60630000;CompteLib_0027;;;22C84;20220321;EcritureLib_0066;20250720;22,49;0,00;D;BQ/1127;;
BQ;Banque BQ;BQ/1127;20220321;51200000;CompteLib_0024;;;22C84;20220321;EcritureLib_0066;20250720;0,00;22,49;C;BQ/1127;;
BQ;Banque BQ;BQ/1128;20220321;60100000;CompteLib_0029;;;22C85;20220321;EcritureLib_0105;20250720;23,63;0,00;D;BQ/1128;;
BQ;Banque BQ;BQ/1128;20220321;51200000;CompteLib_0024;;;22C85;20220321;EcritureLib_0105;20250720;0,00;23,63;C;BQ/1128;;
BQ;Banque BQ;BQ/1129;20220322;66100000;CompteLib_0040;;;22C157;20220322;EcritureLib_0888;20250720;4,18;0,00;D;BQ/1129;;
BQ;Banque BQ;BQ/1129;20220322;51200000;CompteLib_0024;;;22C157;20220322;EcritureLib_0888;20250720;0,00;4,18;C;BQ/1129;;
BQ;Banque BQ;BQ/1130;20220322;16410000;CompteLib_0004;;;22C91;20220322;EcritureLib_0889;20250720;198,25;0,00;D;BQ/1130;;
BQ;Banque BQ;BQ/1130;20220322;51200000;CompteLib_0024;;;22C91;20220322;EcritureLib_0889;20250720;0,00;198,25;C;BQ/1130;;
BQ;Banque BQ;BQ/1131;20220322;66100000;CompteLib_0040;;;22C93;20220322;EcritureLib_0890;20250720;4,51;0,00;D;BQ/1131;;
BQ;Banque BQ;BQ/1131;20220322;51200000;CompteLib_0024;;;22C93;20220322;EcritureLib_0890;20250720;0,00;4,51;C;BQ/1131;;
BQ;Banque BQ;BQ/1132;20220322;60614000;CompteLib_0031;;;22C158;20220322;EcritureLib_0124;20250720;93,07;0,00;D;BQ/1132;;
BQ;Banque BQ;BQ/1132;20220322;51200000;CompteLib_0024;;;22C158;20220322;EcritureLib_0124;20250720;0,00;93,07;C;BQ/1132;;
BQ;Banque BQ;BQ/1133;20220322;62270000;CompteLib_0060;;;22C95;20220322;EcritureLib_0891;20250720;45,34;0,00;D;BQ/1133;;
BQ;Banque BQ;BQ/1133;20220322;51200000;CompteLib_0024;;;22C95;20220322;EcritureLib_0891;20250720;0,00;45,34;C;BQ/1133;;
BQ;Banque BQ;BQ/1134;20220322;51140000;CompteLib_0052;;;22C159;20220322;EcritureLib_0892;20250720;0,00;15,78;C;BQ/1134;;
BQ;Banque BQ;BQ/1134;20220322;51200000;CompteLib_0024;;;22C159;20220322;EcritureLib_0892;20250720;15,78;0,00;D;BQ/1134;;
BQ;Banque BQ;BQ/1135;20220322;53000000;CompteLib_0025;;;22C160;20220322;EcritureLib_0893;20250720;0,00;5890,00;C;BQ/1135;;
BQ;Banque BQ;BQ/1135;20220322;51200000;CompteLib_0024;;;22C160;20220322;EcritureLib_0893;20250720;5890,00;0,00;D;BQ/1135;;
BQ;Banque BQ;BQ/1136;20220323;51100000;CompteLib_0051;;;22C99;20220323;EcritureLib_0894;20250720;0,00;68,70;C;BQ/1136;;
BQ;Banque BQ;BQ/1136;20220323;51200000;CompteLib_0024;;;22C99;20220323;EcritureLib_0894;20250720;68,70;0,00;D;BQ/1136;;
BQ;Banque BQ;BQ/1137;20220323;51140000;CompteLib_0052;;;22C161;20220323;EcritureLib_0895;20250720;0,00;18,01;C;BQ/1137;;
BQ;Banque BQ;BQ/1137;20220323;51200000;CompteLib_0024;;;22C161;20220323;EcritureLib_0895;20250720;18,01;0,00;D;BQ/1137;;
BQ;Banque BQ;BQ/1138;20220323;51100000;CompteLib_0051;;;22C100;20220323;EcritureLib_0896;20250720;0,00;113,00;C;BQ/1138;;
BQ;Banque BQ;BQ/1138;20220323;51200000;CompteLib_0024;;;22C100;20220323;EcritureLib_0896;20250720;113,00;0,00;D;BQ/1138;;
BQ;Banque BQ;BQ/1139;20220324;51140000;CompteLib_0052;;;22C164;20220324;EcritureLib_0897;20250720;0,00;28,24;C;BQ/1139;;
BQ;Banque BQ;BQ/1139;20220324;51200000;CompteLib_0024;;;22C164;20220324;EcritureLib_0897;20250720;28,24;0,00;D;BQ/1139;;
BQ;Banque BQ;BQ/1140;20220324;51100000;CompteLib_0051;;;22C104;20220324;EcritureLib_0898;20250720;0,00;298,20;C;BQ/1140;;
BQ;Banque BQ;BQ/1140;20220324;51200000;CompteLib_0024;;;22C104;20220324;EcritureLib_0898;20250720;298,20;0,00;D;BQ/1140;;
BQ;Banque BQ;BQ/1141;20220324;60100000;CompteLib_0029;;;22C163;20220324;EcritureLib_0899;20250720;55,26;0,00;D;BQ/1141;;
BQ;Banque BQ;BQ/1141;20220324;51200000;CompteLib_0024;;;22C163;20220324;EcritureLib_0899;20250720;0,00;55,26;C;BQ/1141;;
BQ;Banque BQ;BQ/1142;20220324;60100000;CompteLib_0029;;;22C162;20220324;EcritureLib_0899;20250720;67,72;0,00;D;BQ/1142;;
BQ;Banque BQ;BQ/1142;20220324;51200000;CompteLib_0024;;;22C162;20220324;EcritureLib_0899;20250720;0,00;67,72;C;BQ/1142;;
BQ;Banque BQ;BQ/1143;20220325;60100000;CompteLib_0029;;;22C105;20220325;EcritureLib_0105;20250720;37,38;0,00;D;BQ/1143;;
BQ;Banque BQ;BQ/1143;20220325;51200000;CompteLib_0024;;;22C105;20220325;EcritureLib_0105;20250720;0,00;37,38;C;BQ/1143;;
BQ;Banque BQ;BQ/1144;20220325;40100000;CompteLib_0028;FSPUNTINI;SPUNTINI FOOD'S;22C106;20220325;EcritureLib_0900;20250720;376,67;0,00;D;BQ/1144;BI;20240731
BQ;Banque BQ;BQ/1144;20220325;51200000;CompteLib_0024;;;22C106;20220325;EcritureLib_0900;20250720;0,00;376,67;C;BQ/1144;;
BQ;Banque BQ;BQ/1145;20220325;51100000;CompteLib_0051;;;22C108;20220325;EcritureLib_0901;20250720;0,00;107,90;C;BQ/1145;;
BQ;Banque BQ;BQ/1145;20220325;51200000;CompteLib_0024;;;22C108;20220325;EcritureLib_0901;20250720;107,90;0,00;D;BQ/1145;;
BQ;Banque BQ;BQ/1146;20220325;43703000;CompteLib_0045;;;22C165;20220325;EcritureLib_0902;20250720;100,89;0,00;D;BQ/1146;K;20240826
BQ;Banque BQ;BQ/1146;20220325;51200000;CompteLib_0024;;;22C165;20220325;EcritureLib_0902;20250720;0,00;100,89;C;BQ/1146;;
BQ;Banque BQ;BQ/1147;20220326;51100000;CompteLib_0051;;;22C109;20220326;EcritureLib_0903;20250720;0,00;221,50;C;BQ/1147;;
BQ;Banque BQ;BQ/1147;20220326;51200000;CompteLib_0024;;;22C109;20220326;EcritureLib_0903;20250720;221,50;0,00;D;BQ/1147;;
BQ;Banque BQ;BQ/1148;20220326;51100000;CompteLib_0051;;;22C110;20220326;EcritureLib_0904;20250720;0,00;388,90;C;BQ/1148;;
BQ;Banque BQ;BQ/1148;20220326;51200000;CompteLib_0024;;;22C110;20220326;EcritureLib_0904;20250720;388,90;0,00;D;BQ/1148;;
BQ;Banque BQ;BQ/1149;20220327;51120000;CompteLib_0053;;;22C166;20220327;EcritureLib_0905;20250720;0,00;17,20;C;BQ/1149;;
BQ;Banque BQ;BQ/1149;20220327;51200000;CompteLib_0024;;;22C166;20220327;EcritureLib_0905;20250720;17,20;0,00;D;BQ/1149;;
BQ;Banque BQ;BQ/1150;20220328;51100000;CompteLib_0051;;;22C113;20220328;EcritureLib_0906;20250720;0,00;250,40;C;BQ/1150;;
BQ;Banque BQ;BQ/1150;20220328;51200000;CompteLib_0024;;;22C113;20220328;EcritureLib_0906;20250720;250,40;0,00;D;BQ/1150;;
BQ;Banque BQ;BQ/1151;20220328;51100000;CompteLib_0051;;;22C112;20220328;EcritureLib_0907;20250720;0,00;52,00;C;BQ/1151;;
BQ;Banque BQ;BQ/1151;20220328;51200000;CompteLib_0024;;;22C112;20220328;EcritureLib_0907;20250720;52,00;0,00;D;BQ/1151;;
BQ;Banque BQ;BQ/1152;20220328;44566100;CompteLib_0018;;;22C117;20220328;EcritureLib_0908;20250720;39,80;0,00;D;BQ/1152;;
BQ;Banque BQ;BQ/1152;20220328;62260000;CompteLib_0037;;;22C117;20220328;EcritureLib_0908;20250720;199,00;0,00;D;BQ/1152;;
BQ;Banque BQ;BQ/1152;20220328;51200000;CompteLib_0024;;;22C117;20220328;EcritureLib_0908;20250720;0,00;238,80;C;BQ/1152;;
BQ;Banque BQ;BQ/1153;20220328;44566100;CompteLib_0018;;;22C118;20220328;EcritureLib_0908;20250720;15,60;0,00;D;BQ/1153;;
BQ;Banque BQ;BQ/1153;20220328;62260000;CompteLib_0037;;;22C118;20220328;EcritureLib_0908;20250720;78,00;0,00;D;BQ/1153;;
BQ;Banque BQ;BQ/1153;20220328;51200000;CompteLib_0024;;;22C118;20220328;EcritureLib_0908;20250720;0,00;93,60;C;BQ/1153;;
BQ;Banque BQ;BQ/1154;20220328;51100000;CompteLib_0051;;;22C119;20220328;EcritureLib_0909;20250720;0,00;49,10;C;BQ/1154;;
BQ;Banque BQ;BQ/1154;20220328;51200000;CompteLib_0024;;;22C119;20220328;EcritureLib_0909;20250720;49,10;0,00;D;BQ/1154;;
BQ;Banque BQ;BQ/1155;20220328;51100000;CompteLib_0051;;;22C120;20220328;EcritureLib_0910;20250720;0,00;322,70;C;BQ/1155;;
BQ;Banque BQ;BQ/1155;20220328;51200000;CompteLib_0024;;;22C120;20220328;EcritureLib_0910;20250720;322,70;0,00;D;BQ/1155;;
BQ;Banque BQ;BQ/1156;20220328;60612000;CompteLib_0039;;;22C116;20220328;EcritureLib_0911;20250720;623,05;0,00;D;BQ/1156;;
BQ;Banque BQ;BQ/1156;20220328;51200000;CompteLib_0024;;;22C116;20220328;EcritureLib_0911;20250720;0,00;623,05;C;BQ/1156;;
BQ;Banque BQ;BQ/1157;20220328;60100000;CompteLib_0029;;;22C167;20220328;EcritureLib_0912;20250720;46,72;0,00;D;BQ/1157;;
BQ;Banque BQ;BQ/1157;20220328;51200000;CompteLib_0024;;;22C167;20220328;EcritureLib_0912;20250720;0,00;46,72;C;BQ/1157;;
BQ;Banque BQ;BQ/1158;20220328;60100000;CompteLib_0029;;;22C114;20220328;EcritureLib_0105;20250720;31,48;0,00;D;BQ/1158;;
BQ;Banque BQ;BQ/1158;20220328;51200000;CompteLib_0024;;;22C114;20220328;EcritureLib_0105;20250720;0,00;31,48;C;BQ/1158;;
BQ;Banque BQ;BQ/1159;20220329;62600000;CompteLib_0042;;;22C168;20220329;EcritureLib_0913;20250720;50,00;0,00;D;BQ/1159;;
BQ;Banque BQ;BQ/1159;20220329;51200000;CompteLib_0024;;;22C168;20220329;EcritureLib_0913;20250720;0,00;60,00;C;BQ/1159;;
BQ;Banque BQ;BQ/1159;20220329;44566100;CompteLib_0018;;;22C168;20220329;EcritureLib_0913;20250720;10,00;0,00;D;BQ/1159;;
BQ;Banque BQ;BQ/1160;20220330;51100000;CompteLib_0051;;;22C123;20220330;EcritureLib_0914;20250720;0,00;190,70;C;BQ/1160;;
BQ;Banque BQ;BQ/1160;20220330;51200000;CompteLib_0024;;;22C123;20220330;EcritureLib_0914;20250720;190,70;0,00;D;BQ/1160;;
BQ;Banque BQ;BQ/1161;20220330;51100000;CompteLib_0051;;;22C122;20220330;EcritureLib_0915;20250720;0,00;27,70;C;BQ/1161;;
BQ;Banque BQ;BQ/1161;20220330;51200000;CompteLib_0024;;;22C122;20220330;EcritureLib_0915;20250720;27,70;0,00;D;BQ/1161;;
BQ;Banque BQ;BQ/1162;20220331;51100000;CompteLib_0051;;;22C127;20220331;EcritureLib_0916;20250720;0,00;245,10;C;BQ/1162;;
BQ;Banque BQ;BQ/1162;20220331;51200000;CompteLib_0024;;;22C127;20220331;EcritureLib_0916;20250720;245,10;0,00;D;BQ/1162;;
BQ;Banque BQ;BQ/1163;20220331;40100000;CompteLib_0028;FNOYEZ;NOYEZ;22C170;20220331;EcritureLib_0917;20250720;66,75;0,00;D;BQ/1163;B;20240826
BQ;Banque BQ;BQ/1163;20220331;51200000;CompteLib_0024;;;22C170;20220331;EcritureLib_0917;20250720;0,00;66,75;C;BQ/1163;;
BQ;Banque BQ;BQ/1164;20220331;51100000;CompteLib_0051;;;22C126;20220331;EcritureLib_0918;20250720;0,00;17,50;C;BQ/1164;;
BQ;Banque BQ;BQ/1164;20220331;51200000;CompteLib_0024;;;22C126;20220331;EcritureLib_0918;20250720;17,50;0,00;D;BQ/1164;;
BQ;Banque BQ;BQ/1165;20220331;51140000;CompteLib_0052;;;22C171;20220331;EcritureLib_0919;20250720;0,00;17,96;C;BQ/1165;;
BQ;Banque BQ;BQ/1165;20220331;51200000;CompteLib_0024;;;22C171;20220331;EcritureLib_0919;20250720;17,96;0,00;D;BQ/1165;;
EX;Extourne;EX/1;20220331;64120000;CompteLib_0061;;;22C175;20220331;EcritureLib_0920;20250720;2210,86;0,00;D;EX/1;;
EX;Extourne;EX/1;20220331;42820000;CompteLib_0012;;;22C175;20220331;EcritureLib_0920;20250720;0,00;2210,86;C;EX/1;;
EX;Extourne;EX/1;20220331;64580000;CompteLib_0062;;;22C175;20220331;EcritureLib_0921;20250720;242,91;0,00;D;EX/1;;
EX;Extourne;EX/1;20220331;43820000;CompteLib_0014;;;22C175;20220331;EcritureLib_0921;20250720;0,00;242,91;C;EX/1;;
OD;Oprations diverses;OD/1;20210401;64580000;CompteLib_0062;;;21D6;20210401;EcritureLib_0922;20250720;0,00;6,04;C;OD/1;;
OD;Oprations diverses;OD/1;20210401;43820000;CompteLib_0014;;;21D6;20210401;EcritureLib_0922;20250720;6,04;0,00;D;OD/1;;
OD;Oprations diverses;OD/1;20210401;64120000;CompteLib_0061;;;21D6;20210401;EcritureLib_0923;20250720;0,00;32,82;C;OD/1;;
OD;Oprations diverses;OD/1;20210401;42820000;CompteLib_0012;;;21D6;20210401;EcritureLib_0923;20250720;32,82;0,00;D;OD/1;;
OD;Oprations diverses;OD/2;20210401;42800000;CompteLib_0011;;;21D5;20210401;EcritureLib_0924;20250720;146,83;0,00;D;OD/2;;
OD;Oprations diverses;OD/2;20210401;63330000;CompteLib_0055;;;21D5;20210401;EcritureLib_0924;20250720;0,00;122,36;C;OD/2;;
OD;Oprations diverses;OD/2;20210401;44566100;CompteLib_0018;;;21D5;20210401;EcritureLib_0924;20250720;0,00;24,47;C;OD/2;;
OD;Oprations diverses;OD/3;20210401;43703000;CompteLib_0045;;;21D7;20210401;EcritureLib_0925;20250720;0,00;1,37;C;OD/3;;
OD;Oprations diverses;OD/3;20210401;65800000;CompteLib_0063;;;21D7;20210401;EcritureLib_0925;20250720;1,37;0,00;D;OD/3;;
OD;Oprations diverses;OD/4;20210401;42100000;CompteLib_0010;;;21D4;20210401;EcritureLib_0926;20250720;234,57;0,00;D;OD/4;Q;20240802
OD;Oprations diverses;OD/4;20210401;75800000;CompteLib_0064;;;21D4;20210401;EcritureLib_0926;20250720;0,00;234,57;C;OD/4;;
OD;Oprations diverses;OD/5;20210430;44566100;CompteLib_0018;;;21D39;20210430;EcritureLib_0927;20250720;0,00;582,00;C;OD/5;;
OD;Oprations diverses;OD/5;20210430;44567000;CompteLib_0019;;;21D39;20210430;EcritureLib_0927;20250720;0,00;3338,00;C;OD/5;;
OD;Oprations diverses;OD/5;20210430;44567000;CompteLib_0019;;;21D39;20210430;EcritureLib_0927;20250720;3920,00;0,00;D;OD/5;;
OD;Oprations diverses;OD/6;20210430;64100000;CompteLib_0065;;;04;20210430;EcritureLib_0928;20250720;13,63;0,00;D;OD/6;;
OD;Oprations diverses;OD/6;20210430;64510000;CompteLib_0066;;;04;20210430;EcritureLib_0928;20250720;0,00;0,39;C;OD/6;;
OD;Oprations diverses;OD/6;20210430;64540000;CompteLib_0067;;;04;20210430;EcritureLib_0928;20250720;0,57;0,00;D;OD/6;;
OD;Oprations diverses;OD/6;20210430;64520000;CompteLib_0068;;;04;20210430;EcritureLib_0928;20250720;41,58;0,00;D;OD/6;;
OD;Oprations diverses;OD/6;20210430;63120000;CompteLib_0059;;;04;20210430;EcritureLib_0928;20250720;0,09;0,00;D;OD/6;;
OD;Oprations diverses;OD/6;20210430;63330000;CompteLib_0055;;;04;20210430;EcritureLib_0928;20250720;0,07;0,00;D;OD/6;;
OD;Oprations diverses;OD/6;20210430;42870100;CompteLib_0050;;;04;20210430;EcritureLib_0928;20250720;1443,58;0,00;D;OD/6;;
OD;Oprations diverses;OD/6;20210430;42100000;CompteLib_0010;;;04;20210430;EcritureLib_0929;20250720;0,00;561,44;C;OD/6;B;20240802
OD;Oprations diverses;OD/6;20210430;42100000;CompteLib_0010;;;04;20210430;EcritureLib_0930;20250720;0,00;886,94;C;OD/6;C;20240802
OD;Oprations diverses;OD/6;20210430;43100000;CompteLib_0013;;;04;20210430;EcritureLib_0928;20250720;0,00;6,50;C;OD/6;;
OD;Oprations diverses;OD/6;20210430;43702000;CompteLib_0044;;;04;20210430;EcritureLib_0928;20250720;0,00;3,62;C;OD/6;;
OD;Oprations diverses;OD/6;20210430;43702000;CompteLib_0044;;;04;20210430;EcritureLib_0928;20250720;0,00;0,30;C;OD/6;;
OD;Oprations diverses;OD/6;20210430;43702000;CompteLib_0044;;;04;20210430;EcritureLib_0928;20250720;0,00;39,62;C;OD/6;;
OD;Oprations diverses;OD/6;20210430;43703000;CompteLib_0045;;;04;20210430;EcritureLib_0928;20250720;0,00;0,55;C;OD/6;A;20240826
OD;Oprations diverses;OD/6;20210430;44862000;CompteLib_0059;;;04;20210430;EcritureLib_0928;20250720;0,00;0,09;C;OD/6;;
OD;Oprations diverses;OD/6;20210430;44863000;CompteLib_0013;;;04;20210430;EcritureLib_0928;20250720;0,00;0,07;C;OD/6;;
OD;Oprations diverses;OD/7;20210531;44566100;CompteLib_0018;;;21E36;20210531;EcritureLib_0931;20250720;0,00;198,00;C;OD/7;;
OD;Oprations diverses;OD/7;20210531;44567000;CompteLib_0019;;;21E36;20210531;EcritureLib_0931;20250720;0,00;3920,00;C;OD/7;;
OD;Oprations diverses;OD/7;20210531;44567000;CompteLib_0019;;;21E36;20210531;EcritureLib_0931;20250720;4118,00;0,00;D;OD/7;;
OD;Oprations diverses;OD/8;20210531;64100000;CompteLib_0065;;;05;20210531;EcritureLib_0932;20250720;252,76;0,00;D;OD/8;;
OD;Oprations diverses;OD/8;20210531;64100000;CompteLib_0065;;;05;20210531;EcritureLib_0932;20250720;29,46;0,00;D;OD/8;;
OD;Oprations diverses;OD/8;20210531;64510000;CompteLib_0066;;;05;20210531;EcritureLib_0932;20250720;0,00;4,98;C;OD/8;;
OD;Oprations diverses;OD/8;20210531;64540000;CompteLib_0067;;;05;20210531;EcritureLib_0932;20250720;11,85;0,00;D;OD/8;;
OD;Oprations diverses;OD/8;20210531;64530000;CompteLib_0069;;;05;20210531;EcritureLib_0932;20250720;0,70;0,00;D;OD/8;;
OD;Oprations diverses;OD/8;20210531;64520000;CompteLib_0068;;;05;20210531;EcritureLib_0932;20250720;41,66;0,00;D;OD/8;;
OD;Oprations diverses;OD/8;20210531;64580000;CompteLib_0062;;;05;20210531;EcritureLib_0932;20250720;0,03;0,00;D;OD/8;;
OD;Oprations diverses;OD/8;20210531;63120000;CompteLib_0059;;;05;20210531;EcritureLib_0932;20250720;1,92;0,00;D;OD/8;;
OD;Oprations diverses;OD/8;20210531;63330000;CompteLib_0055;;;05;20210531;EcritureLib_0932;20250720;1,56;0,00;D;OD/8;;
OD;Oprations diverses;OD/8;20210531;42870100;CompteLib_0050;;;05;20210531;EcritureLib_0932;20250720;1240,83;0,00;D;OD/8;;
OD;Oprations diverses;OD/8;20210531;42100000;CompteLib_0010;;;05;20210531;EcritureLib_0929;20250720;0,00;566,91;C;OD/8;D;20240802
OD;Oprations diverses;OD/8;20210531;42100000;CompteLib_0010;;;05;20210531;EcritureLib_0930;20250720;0,00;891,24;C;OD/8;D;20240802
OD;Oprations diverses;OD/8;20210531;43100000;CompteLib_0013;;;05;20210531;EcritureLib_0932;20250720;0,00;58,41;C;OD/8;;
OD;Oprations diverses;OD/8;20210531;43702000;CompteLib_0044;;;05;20210531;EcritureLib_0932;20250720;0,00;3,78;C;OD/8;;
OD;Oprations diverses;OD/8;20210531;43702000;CompteLib_0044;;;05;20210531;EcritureLib_0932;20250720;0,00;0,30;C;OD/8;;
OD;Oprations diverses;OD/8;20210531;43702000;CompteLib_0044;;;05;20210531;EcritureLib_0932;20250720;0,00;39,62;C;OD/8;;
OD;Oprations diverses;OD/8;20210531;43703000;CompteLib_0045;;;05;20210531;EcritureLib_0932;20250720;0,00;12,02;C;OD/8;B;20240826
OD;Oprations diverses;OD/8;20210531;43708000;CompteLib_0070;;;05;20210531;EcritureLib_0932;20250720;0,00;0,03;C;OD/8;;
OD;Oprations diverses;OD/8;20210531;44862000;CompteLib_0059;;;05;20210531;EcritureLib_0932;20250720;0,00;1,92;C;OD/8;;
OD;Oprations diverses;OD/8;20210531;44863000;CompteLib_0013;;;05;20210531;EcritureLib_0932;20250720;0,00;1,56;C;OD/8;;
OD;Oprations diverses;OD/9;20210630;44566100;CompteLib_0018;;;21F95;20210630;EcritureLib_0933;20250720;0,00;902,00;C;OD/9;;
OD;Oprations diverses;OD/9;20210630;44571800;CompteLib_0021;;;21F95;20210630;EcritureLib_0933;20250720;453,00;0,00;D;OD/9;;
OD;Oprations diverses;OD/9;20210630;44567000;CompteLib_0019;;;21F95;20210630;EcritureLib_0933;20250720;0,00;4118,00;C;OD/9;;
OD;Oprations diverses;OD/9;20210630;44567000;CompteLib_0019;;;21F95;20210630;EcritureLib_0933;20250720;4567,00;0,00;D;OD/9;;
OD;Oprations diverses;OD/10;20210630;64100000;CompteLib_0065;;;06;20210630;EcritureLib_0934;20250720;2354,01;0,00;D;OD/10;;
OD;Oprations diverses;OD/10;20210630;64100000;CompteLib_0065;;;06;20210630;EcritureLib_0934;20250720;63,78;0,00;D;OD/10;;
OD;Oprations diverses;OD/10;20210630;64100000;CompteLib_0065;;;06;20210630;EcritureLib_0934;20250720;109,50;0,00;D;OD/10;;
OD;Oprations diverses;OD/10;20210630;64510000;CompteLib_0066;;;06;20210630;EcritureLib_0934;20250720;48,76;0,00;D;OD/10;;
OD;Oprations diverses;OD/10;20210630;64540000;CompteLib_0067;;;06;20210630;EcritureLib_0934;20250720;106,14;0,00;D;OD/10;;
OD;Oprations diverses;OD/10;20210630;64530000;CompteLib_0069;;;06;20210630;EcritureLib_0934;20250720;27,76;0,00;D;OD/10;;
OD;Oprations diverses;OD/10;20210630;64520000;CompteLib_0068;;;06;20210630;EcritureLib_0934;20250720;42,96;0,00;D;OD/10;;
OD;Oprations diverses;OD/10;20210630;64580000;CompteLib_0062;;;06;20210630;EcritureLib_0934;20250720;0,30;0,00;D;OD/10;;
OD;Oprations diverses;OD/10;20210630;63120000;CompteLib_0059;;;06;20210630;EcritureLib_0934;20250720;17,18;0,00;D;OD/10;;
OD;Oprations diverses;OD/10;20210630;63330000;CompteLib_0055;;;06;20210630;EcritureLib_0934;20250720;19,67;0,00;D;OD/10;;
OD;Oprations diverses;OD/10;20210630;79100000;CompteLib_0046;;;06;20210630;EcritureLib_0934;20250720;0,00;109,50;C;OD/10;;
OD;Oprations diverses;OD/10;20210630;42100000;CompteLib_0010;;;06;20210630;EcritureLib_0929;20250720;0,00;547,69;C;OD/10;E;20240802
OD;Oprations diverses;OD/10;20210630;42100000;CompteLib_0010;;;06;20210630;EcritureLib_0930;20250720;0,00;923,87;C;OD/10;E;20240802
OD;Oprations diverses;OD/10;20210630;42100000;CompteLib_0010;;;06;20210630;EcritureLib_0935;20250720;0,00;411,99;C;OD/10;E;20240802
OD;Oprations diverses;OD/10;20210630;43100000;CompteLib_0013;;;06;20210630;EcritureLib_0934;20250720;0,00;584,45;C;OD/10;;
OD;Oprations diverses;OD/10;20210630;43702000;CompteLib_0044;;;06;20210630;EcritureLib_0934;20250720;0,00;6,28;C;OD/10;;
OD;Oprations diverses;OD/10;20210630;43702000;CompteLib_0044;;;06;20210630;EcritureLib_0934;20250720;0,00;0,40;C;OD/10;;
OD;Oprations diverses;OD/10;20210630;43702000;CompteLib_0044;;;06;20210630;EcritureLib_0934;20250720;0,00;39,62;C;OD/10;;
OD;Oprations diverses;OD/10;20210630;43703000;CompteLib_0045;;;06;20210630;EcritureLib_0934;20250720;0,00;129,11;C;OD/10;C;20240826
OD;Oprations diverses;OD/10;20210630;43708000;CompteLib_0070;;;06;20210630;EcritureLib_0934;20250720;0,00;0,30;C;OD/10;;
OD;Oprations diverses;OD/10;20210630;44862000;CompteLib_0059;;;06;20210630;EcritureLib_0934;20250720;0,00;17,18;C;OD/10;;
OD;Oprations diverses;OD/10;20210630;44863000;CompteLib_0013;;;06;20210630;EcritureLib_0934;20250720;0,00;13,90;C;OD/10;;
OD;Oprations diverses;OD/10;20210630;44863000;CompteLib_0013;;;06;20210630;EcritureLib_0934;20250720;0,00;5,77;C;OD/10;;
OD;Oprations diverses;OD/11;20210731;64100000;CompteLib_0065;;;07;20210731;EcritureLib_0936;20250720;1786,88;0,00;D;OD/11;;
OD;Oprations diverses;OD/11;20210731;64100000;CompteLib_0065;;;07;20210731;EcritureLib_0936;20250720;149,47;0,00;D;OD/11;;
OD;Oprations diverses;OD/11;20210731;64100000;CompteLib_0065;;;07;20210731;EcritureLib_0936;20250720;124,29;0,00;D;OD/11;;
OD;Oprations diverses;OD/11;20210731;64100000;CompteLib_0065;;;07;20210731;EcritureLib_0936;20250720;146,00;0,00;D;OD/11;;
OD;Oprations diverses;OD/11;20210731;64510000;CompteLib_0066;;;07;20210731;EcritureLib_0936;20250720;386,97;0,00;D;OD/11;;
OD;Oprations diverses;OD/11;20210731;64540000;CompteLib_0067;;;07;20210731;EcritureLib_0936;20250720;92,68;0,00;D;OD/11;;
OD;Oprations diverses;OD/11;20210731;64530000;CompteLib_0069;;;07;20210731;EcritureLib_0936;20250720;66,08;0,00;D;OD/11;;
OD;Oprations diverses;OD/11;20210731;64520000;CompteLib_0068;;;07;20210731;EcritureLib_0936;20250720;42,49;0,00;D;OD/11;;
OD;Oprations diverses;OD/11;20210731;64580000;CompteLib_0062;;;07;20210731;EcritureLib_0936;20250720;0,27;0,00;D;OD/11;;
OD;Oprations diverses;OD/11;20210731;63120000;CompteLib_0059;;;07;20210731;EcritureLib_0936;20250720;15,00;0,00;D;OD/11;;
OD;Oprations diverses;OD/11;20210731;63330000;CompteLib_0055;;;07;20210731;EcritureLib_0936;20250720;21,41;0,00;D;OD/11;;
OD;Oprations diverses;OD/11;20210731;79100000;CompteLib_0046;;;07;20210731;EcritureLib_0936;20250720;0,00;146,00;C;OD/11;;
OD;Oprations diverses;OD/11;20210731;42100000;CompteLib_0010;;;07;20210731;EcritureLib_0929;20250720;0,00;541,58;C;OD/11;F;20240802
OD;Oprations diverses;OD/11;20210731;42100000;CompteLib_0010;;;07;20210731;EcritureLib_0930;20250720;0,00;1185,79;C;OD/11;F;20240802
OD;Oprations diverses;OD/11;20210731;42100000;CompteLib_0010;;;07;20210731;EcritureLib_0935;20250720;0,00;681,54;C;OD/11;J;20240802
OD;Oprations diverses;OD/11;20210731;64143000;CompteLib_0071;;;07;20210731;EcritureLib_0936;20250720;815,13;0,00;D;OD/11;;
OD;Oprations diverses;OD/11;20210731;43100000;CompteLib_0013;;;07;20210731;EcritureLib_0936;20250720;0,00;855,16;C;OD/11;;
OD;Oprations diverses;OD/11;20210731;43702000;CompteLib_0044;;;07;20210731;EcritureLib_0936;20250720;0,00;5,48;C;OD/11;;
OD;Oprations diverses;OD/11;20210731;43702000;CompteLib_0044;;;07;20210731;EcritureLib_0936;20250720;0,00;0,26;C;OD/11;;
OD;Oprations diverses;OD/11;20210731;43702000;CompteLib_0044;;;07;20210731;EcritureLib_0936;20250720;0,00;39,62;C;OD/11;;
OD;Oprations diverses;OD/11;20210731;43703000;CompteLib_0045;;;07;20210731;EcritureLib_0936;20250720;0,00;154,56;C;OD/11;D;20240826
OD;Oprations diverses;OD/11;20210731;43708000;CompteLib_0070;;;07;20210731;EcritureLib_0936;20250720;0,00;0,27;C;OD/11;;
OD;Oprations diverses;OD/11;20210731;44862000;CompteLib_0059;;;07;20210731;EcritureLib_0936;20250720;0,00;15,00;C;OD/11;;
OD;Oprations diverses;OD/11;20210731;44863000;CompteLib_0013;;;07;20210731;EcritureLib_0936;20250720;0,00;12,14;C;OD/11;;
OD;Oprations diverses;OD/11;20210731;44863000;CompteLib_0013;;;07;20210731;EcritureLib_0936;20250720;0,00;9,27;C;OD/11;;
OD;Oprations diverses;OD/12;20210731;44571800;CompteLib_0021;;;21G100;20210731;EcritureLib_0937;20250720;846,00;0,00;D;OD/12;;
OD;Oprations diverses;OD/12;20210731;44566100;CompteLib_0018;;;21G100;20210731;EcritureLib_0937;20250720;0,00;748,00;C;OD/12;;
OD;Oprations diverses;OD/12;20210731;44567000;CompteLib_0019;;;21G100;20210731;EcritureLib_0937;20250720;0,00;4567,00;C;OD/12;;
OD;Oprations diverses;OD/12;20210731;44567000;CompteLib_0019;;;21G100;20210731;EcritureLib_0937;20250720;4469,00;0,00;D;OD/12;;
OD;Oprations diverses;OD/13;20210824;12000000;CompteLib_0026;;;21H32;20210824;EcritureLib_0026;20250720;25014,55;0,00;D;OD/13;;
OD;Oprations diverses;OD/13;20210824;10680000;CompteLib_0003;;;21H32;20210824;EcritureLib_0026;20250720;0,00;25014,55;C;OD/13;;
OD;Oprations diverses;OD/14;20210831;44571700;CompteLib_0020;;;21H53;20210831;EcritureLib_0938;20250720;8,00;0,00;D;OD/14;;
OD;Oprations diverses;OD/14;20210831;44571800;CompteLib_0021;;;21H53;20210831;EcritureLib_0938;20250720;240,00;0,00;D;OD/14;;
OD;Oprations diverses;OD/14;20210831;44566100;CompteLib_0018;;;21H53;20210831;EcritureLib_0938;20250720;0,00;593,00;C;OD/14;;
OD;Oprations diverses;OD/14;20210831;44567000;CompteLib_0019;;;21H53;20210831;EcritureLib_0938;20250720;0,00;4469,00;C;OD/14;;
OD;Oprations diverses;OD/14;20210831;44567000;CompteLib_0019;;;21H53;20210831;EcritureLib_0938;20250720;4814,00;0,00;D;OD/14;;
OD;Oprations diverses;OD/15;20210831;70170000;CompteLib_0072;;;21H52;20210831;EcritureLib_0939;20250720;0,00;39,67;C;OD/15;;
OD;Oprations diverses;OD/15;20210831;44571700;CompteLib_0020;;;21H52;20210831;EcritureLib_0939;20250720;0,00;7,93;C;OD/15;;
OD;Oprations diverses;OD/15;20210831;70180000;CompteLib_0073;;;21H52;20210831;EcritureLib_0939;20250720;0,00;2383,35;C;OD/15;;
OD;Oprations diverses;OD/15;20210831;44571800;CompteLib_0021;;;21H52;20210831;EcritureLib_0939;20250720;0,00;238,33;C;OD/15;;
OD;Oprations diverses;OD/15;20210831;53000000;CompteLib_0025;;;21H52;20210831;EcritureLib_0939;20250720;640,68;0,00;D;OD/15;;
OD;Oprations diverses;OD/15;20210831;51100000;CompteLib_0051;;;21H52;20210831;EcritureLib_0939;20250720;1925,10;0,00;D;OD/15;;
OD;Oprations diverses;OD/15;20210831;51140000;CompteLib_0052;;;21H52;20210831;EcritureLib_0939;20250720;103,50;0,00;D;OD/15;;
OD;Oprations diverses;OD/16;20210831;64100000;CompteLib_0065;;;08;20210831;EcritureLib_0940;20250720;1018,13;0,00;D;OD/16;;
OD;Oprations diverses;OD/16;20210831;64100000;CompteLib_0065;;;08;20210831;EcritureLib_0940;20250720;28,79;0,00;D;OD/16;;
OD;Oprations diverses;OD/16;20210831;64100000;CompteLib_0065;;;08;20210831;EcritureLib_0940;20250720;54,75;0,00;D;OD/16;;
OD;Oprations diverses;OD/16;20210831;64510000;CompteLib_0066;;;08;20210831;EcritureLib_0940;20250720;26,71;0,00;D;OD/16;;
OD;Oprations diverses;OD/16;20210831;64540000;CompteLib_0067;;;08;20210831;EcritureLib_0940;20250720;46,27;0,00;D;OD/16;;
OD;Oprations diverses;OD/16;20210831;64530000;CompteLib_0069;;;08;20210831;EcritureLib_0940;20250720;13,37;0,00;D;OD/16;;
OD;Oprations diverses;OD/16;20210831;64520000;CompteLib_0068;;;08;20210831;EcritureLib_0940;20250720;1,45;0,00;D;OD/16;;
OD;Oprations diverses;OD/16;20210831;64580000;CompteLib_0062;;;08;20210831;EcritureLib_0940;20250720;0,13;0,00;D;OD/16;;
OD;Oprations diverses;OD/16;20210831;63120000;CompteLib_0059;;;08;20210831;EcritureLib_0940;20250720;7,49;0,00;D;OD/16;;
OD;Oprations diverses;OD/16;20210831;63330000;CompteLib_0055;;;08;20210831;EcritureLib_0940;20250720;6,06;0,00;D;OD/16;;
OD;Oprations diverses;OD/16;20210831;79100000;CompteLib_0046;;;08;20210831;EcritureLib_0940;20250720;0,00;21,90;C;OD/16;;
OD;Oprations diverses;OD/16;20210831;42100000;CompteLib_0010;;;08;20210831;EcritureLib_0929;20250720;0,00;610,18;C;OD/16;G;20240802
OD;Oprations diverses;OD/16;20210831;42100000;CompteLib_0010;;;08;20210831;EcritureLib_0935;20250720;0,00;238,39;C;OD/16;H;20240802
OD;Oprations diverses;OD/16;20210831;43100000;CompteLib_0013;;;08;20210831;EcritureLib_0940;20250720;0,00;258,55;C;OD/16;;
OD;Oprations diverses;OD/16;20210831;43702000;CompteLib_0044;;;08;20210831;EcritureLib_0940;20250720;0,00;2,74;C;OD/16;;
OD;Oprations diverses;OD/16;20210831;43702000;CompteLib_0044;;;08;20210831;EcritureLib_0940;20250720;0,00;0,16;C;OD/16;;
OD;Oprations diverses;OD/16;20210831;43703000;CompteLib_0045;;;08;20210831;EcritureLib_0940;20250720;0,00;57,55;C;OD/16;E;20240826
OD;Oprations diverses;OD/16;20210831;43708000;CompteLib_0070;;;08;20210831;EcritureLib_0940;20250720;0,00;0,13;C;OD/16;;
OD;Oprations diverses;OD/16;20210831;44862000;CompteLib_0059;;;08;20210831;EcritureLib_0940;20250720;0,00;7,49;C;OD/16;;
OD;Oprations diverses;OD/16;20210831;44863000;CompteLib_0013;;;08;20210831;EcritureLib_0940;20250720;0,00;6,06;C;OD/16;;
OD;Oprations diverses;OD/17;20210930;70170000;CompteLib_0072;;;21I137;20210930;EcritureLib_0939;20250720;0,00;198,10;C;OD/17;;
OD;Oprations diverses;OD/17;20210930;44571700;CompteLib_0020;;;21I137;20210930;EcritureLib_0939;20250720;0,00;39,62;C;OD/17;;
OD;Oprations diverses;OD/17;20210930;70180000;CompteLib_0073;;;21I137;20210930;EcritureLib_0939;20250720;0,00;8791,32;C;OD/17;;
OD;Oprations diverses;OD/17;20210930;44571800;CompteLib_0021;;;21I137;20210930;EcritureLib_0939;20250720;0,00;879,13;C;OD/17;;
OD;Oprations diverses;OD/17;20210930;53000000;CompteLib_0025;;;21I137;20210930;EcritureLib_0939;20250720;2344,67;0,00;D;OD/17;;
OD;Oprations diverses;OD/17;20210930;51120000;CompteLib_0053;;;21I137;20210930;EcritureLib_0939;20250720;12,80;0,00;D;OD/17;;
OD;Oprations diverses;OD/17;20210930;51100000;CompteLib_0051;;;21I137;20210930;EcritureLib_0939;20250720;6950,27;0,00;D;OD/17;;
OD;Oprations diverses;OD/17;20210930;51140000;CompteLib_0052;;;21I137;20210930;EcritureLib_0939;20250720;571,39;0,00;D;OD/17;;
OD;Oprations diverses;OD/17;20210930;51150000;CompteLib_0074;;;21I137;20210930;EcritureLib_0939;20250720;25,94;0,00;D;OD/17;;
OD;Oprations diverses;OD/17;20210930;65800000;CompteLib_0063;;;21I137;20210930;EcritureLib_0939;20250720;3,10;0,00;D;OD/17;;
OD;Oprations diverses;OD/18;20210930;44571800;CompteLib_0021;;;21I138;20210930;EcritureLib_0941;20250720;879,00;0,00;D;OD/18;;
OD;Oprations diverses;OD/18;20210930;44571700;CompteLib_0020;;;21I138;20210930;EcritureLib_0941;20250720;40,00;0,00;D;OD/18;;
OD;Oprations diverses;OD/18;20210930;44566100;CompteLib_0018;;;21I138;20210930;EcritureLib_0941;20250720;0,00;874,00;C;OD/18;;
OD;Oprations diverses;OD/18;20210930;44567000;CompteLib_0019;;;21I138;20210930;EcritureLib_0941;20250720;0,00;4814,00;C;OD/18;;
OD;Oprations diverses;OD/18;20210930;44567000;CompteLib_0019;;;21I138;20210930;EcritureLib_0941;20250720;4769,00;0,00;D;OD/18;;
OD;Oprations diverses;OD/19;20210930;64100000;CompteLib_0065;;;09;20210930;EcritureLib_0942;20250720;2111,28;0,00;D;OD/19;;
OD;Oprations diverses;OD/19;20210930;64100000;CompteLib_0065;;;09;20210930;EcritureLib_0942;20250720;175,20;0,00;D;OD/19;;
OD;Oprations diverses;OD/19;20210930;64510000;CompteLib_0066;;;09;20210930;EcritureLib_0942;20250720;54,45;0,00;D;OD/19;;
OD;Oprations diverses;OD/19;20210930;64540000;CompteLib_0067;;;09;20210930;EcritureLib_0942;20250720;96,03;0,00;D;OD/19;;
OD;Oprations diverses;OD/19;20210930;64530000;CompteLib_0069;;;09;20210930;EcritureLib_0942;20250720;27,51;0,00;D;OD/19;;
OD;Oprations diverses;OD/19;20210930;64520000;CompteLib_0068;;;09;20210930;EcritureLib_0942;20250720;14,79;0,00;D;OD/19;;
OD;Oprations diverses;OD/19;20210930;64580000;CompteLib_0062;;;09;20210930;EcritureLib_0942;20250720;0,28;0,00;D;OD/19;;
OD;Oprations diverses;OD/19;20210930;63120000;CompteLib_0059;;;09;20210930;EcritureLib_0942;20250720;15,55;0,00;D;OD/19;;
OD;Oprations diverses;OD/19;20210930;63330000;CompteLib_0055;;;09;20210930;EcritureLib_0942;20250720;12,58;0,00;D;OD/19;;
OD;Oprations diverses;OD/19;20210930;79100000;CompteLib_0046;;;09;20210930;EcritureLib_0942;20250720;0,00;175,20;C;OD/19;;
OD;Oprations diverses;OD/19;20210930;42100000;CompteLib_0010;;;09;20210930;EcritureLib_0929;20250720;0,00;547,69;C;OD/19;K;20240802
OD;Oprations diverses;OD/19;20210930;42100000;CompteLib_0010;;;09;20210930;EcritureLib_0935;20250720;0,00;517,30;C;OD/19;I;20240802
OD;Oprations diverses;OD/19;20210930;42100000;CompteLib_0010;;;09;20210930;EcritureLib_0943;20250720;0,00;268,84;C;OD/19;L;20240802
OD;Oprations diverses;OD/19;20210930;42100000;CompteLib_0010;;;09;20210930;EcritureLib_0944;20250720;0,00;284,70;C;OD/19;I;20240802
OD;Oprations diverses;OD/19;20210930;43100000;CompteLib_0013;;;09;20210930;EcritureLib_0942;20250720;0,00;536,75;C;OD/19;;
OD;Oprations diverses;OD/19;20210930;43702000;CompteLib_0044;;;09;20210930;EcritureLib_0942;20250720;0,00;5,66;C;OD/19;;
OD;Oprations diverses;OD/19;20210930;43702000;CompteLib_0044;;;09;20210930;EcritureLib_0942;20250720;0,00;0,16;C;OD/19;;
OD;Oprations diverses;OD/19;20210930;43702000;CompteLib_0044;;;09;20210930;EcritureLib_0942;20250720;0,00;23,76;C;OD/19;;
OD;Oprations diverses;OD/19;20210930;43703000;CompteLib_0045;;;09;20210930;EcritureLib_0942;20250720;0,00;119,20;C;OD/19;F;20240826
OD;Oprations diverses;OD/19;20210930;43708000;CompteLib_0070;;;09;20210930;EcritureLib_0942;20250720;0,00;0,28;C;OD/19;;
OD;Oprations diverses;OD/19;20210930;44862000;CompteLib_0059;;;09;20210930;EcritureLib_0942;20250720;0,00;15,55;C;OD/19;;
OD;Oprations diverses;OD/19;20210930;44863000;CompteLib_0013;;;09;20210930;EcritureLib_0942;20250720;0,00;12,58;C;OD/19;;
OD;Oprations diverses;OD/20;20211031;64100000;CompteLib_0065;;;10;20211031;EcritureLib_0945;20250720;2792,19;0,00;D;OD/20;;
OD;Oprations diverses;OD/20;20211031;64100000;CompteLib_0065;;;10;20211031;EcritureLib_0945;20250720;231,26;0,00;D;OD/20;;
OD;Oprations diverses;OD/20;20211031;64510000;CompteLib_0066;;;10;20211031;EcritureLib_0945;20250720;104,98;0,00;D;OD/20;;
OD;Oprations diverses;OD/20;20211031;64540000;CompteLib_0067;;;10;20211031;EcritureLib_0945;20250720;126,98;0,00;D;OD/20;;
OD;Oprations diverses;OD/20;20211031;64530000;CompteLib_0069;;;10;20211031;EcritureLib_0945;20250720;43,98;0,00;D;OD/20;;
OD;Oprations diverses;OD/20;20211031;64520000;CompteLib_0068;;;10;20211031;EcritureLib_0945;20250720;15,77;0,00;D;OD/20;;
OD;Oprations diverses;OD/20;20211031;64580000;CompteLib_0062;;;10;20211031;EcritureLib_0945;20250720;0,36;0,00;D;OD/20;;
OD;Oprations diverses;OD/20;20211031;63120000;CompteLib_0059;;;10;20211031;EcritureLib_0945;20250720;20,55;0,00;D;OD/20;;
OD;Oprations diverses;OD/20;20211031;63330000;CompteLib_0055;;;10;20211031;EcritureLib_0945;20250720;16,62;0,00;D;OD/20;;
OD;Oprations diverses;OD/20;20211031;79100000;CompteLib_0046;;;10;20211031;EcritureLib_0945;20250720;0,00;231,26;C;OD/20;;
OD;Oprations diverses;OD/20;20211031;42100000;CompteLib_0010;;;10;20211031;EcritureLib_0929;20250720;0,00;560,79;C;OD/20;L;20240802
OD;Oprations diverses;OD/20;20211031;42100000;CompteLib_0010;;;10;20211031;EcritureLib_0935;20250720;0,00;526,50;C;OD/20;L;20240802
OD;Oprations diverses;OD/20;20211031;42100000;CompteLib_0010;;;10;20211031;EcritureLib_0943;20250720;0,00;531,04;C;OD/20;L;20240802
OD;Oprations diverses;OD/20;20211031;42100000;CompteLib_0010;;;10;20211031;EcritureLib_0944;20250720;0,00;561,71;C;OD/20;L;20240802
OD;Oprations diverses;OD/20;20211031;43100000;CompteLib_0013;;;10;20211031;EcritureLib_0945;20250720;0,00;707,10;C;OD/20;;
OD;Oprations diverses;OD/20;20211031;43702000;CompteLib_0044;;;10;20211031;EcritureLib_0945;20250720;0,00;7,48;C;OD/20;;
OD;Oprations diverses;OD/20;20211031;43702000;CompteLib_0044;;;10;20211031;EcritureLib_0945;20250720;0,00;0,30;C;OD/20;;
OD;Oprations diverses;OD/20;20211031;43702000;CompteLib_0044;;;10;20211031;EcritureLib_0945;20250720;0,00;23,76;C;OD/20;;
OD;Oprations diverses;OD/20;20211031;43703000;CompteLib_0045;;;10;20211031;EcritureLib_0945;20250720;0,00;165,22;C;OD/20;G;20240826
OD;Oprations diverses;OD/20;20211031;43708000;CompteLib_0070;;;10;20211031;EcritureLib_0945;20250720;0,00;0,36;C;OD/20;;
OD;Oprations diverses;OD/20;20211031;44862000;CompteLib_0059;;;10;20211031;EcritureLib_0945;20250720;0,00;20,55;C;OD/20;;
OD;Oprations diverses;OD/20;20211031;44863000;CompteLib_0013;;;10;20211031;EcritureLib_0945;20250720;0,00;16,62;C;OD/20;;
OD;Oprations diverses;OD/21;20211031;70170000;CompteLib_0072;;;21J132;20211031;EcritureLib_0939;20250720;0,00;161,67;C;OD/21;;
OD;Oprations diverses;OD/21;20211031;44571700;CompteLib_0020;;;21J132;20211031;EcritureLib_0939;20250720;0,00;32,33;C;OD/21;;
OD;Oprations diverses;OD/21;20211031;70180000;CompteLib_0073;;;21J132;20211031;EcritureLib_0939;20250720;0,00;9209,95;C;OD/21;;
OD;Oprations diverses;OD/21;20211031;44571800;CompteLib_0021;;;21J132;20211031;EcritureLib_0939;20250720;0,00;921,00;C;OD/21;;
OD;Oprations diverses;OD/21;20211031;53000000;CompteLib_0025;;;21J132;20211031;EcritureLib_0939;20250720;2329,16;0,00;D;OD/21;;
OD;Oprations diverses;OD/21;20211031;51100000;CompteLib_0051;;;21J132;20211031;EcritureLib_0939;20250720;7118,50;0,00;D;OD/21;;
OD;Oprations diverses;OD/21;20211031;51140000;CompteLib_0052;;;21J132;20211031;EcritureLib_0939;20250720;775,79;0,00;D;OD/21;;
OD;Oprations diverses;OD/21;20211031;51150000;CompteLib_0074;;;21J132;20211031;EcritureLib_0939;20250720;41,90;0,00;D;OD/21;;
OD;Oprations diverses;OD/21;20211031;65800000;CompteLib_0063;;;21J132;20211031;EcritureLib_0939;20250720;59,60;0,00;D;OD/21;;
OD;Oprations diverses;OD/22;20211031;44571800;CompteLib_0021;;;21J133;20211031;EcritureLib_0946;20250720;921,00;0,00;D;OD/22;;
OD;Oprations diverses;OD/22;20211031;44571700;CompteLib_0020;;;21J133;20211031;EcritureLib_0946;20250720;32,00;0,00;D;OD/22;;
OD;Oprations diverses;OD/22;20211031;44566100;CompteLib_0018;;;21J133;20211031;EcritureLib_0946;20250720;0,00;790,00;C;OD/22;;
OD;Oprations diverses;OD/22;20211031;44567000;CompteLib_0019;;;21J133;20211031;EcritureLib_0946;20250720;0,00;4769,00;C;OD/22;;
OD;Oprations diverses;OD/22;20211031;44567000;CompteLib_0019;;;21J133;20211031;EcritureLib_0946;20250720;4606,00;0,00;D;OD/22;;
OD;Oprations diverses;OD/23;20211130;44571800;CompteLib_0021;;;21K141;20211130;EcritureLib_0947;20250720;823,00;0,00;D;OD/23;;
OD;Oprations diverses;OD/23;20211130;44571700;CompteLib_0020;;;21K141;20211130;EcritureLib_0947;20250720;28,00;0,00;D;OD/23;;
OD;Oprations diverses;OD/23;20211130;44566100;CompteLib_0018;;;21K141;20211130;EcritureLib_0947;20250720;0,00;343,00;C;OD/23;;
OD;Oprations diverses;OD/23;20211130;44567000;CompteLib_0019;;;21K141;20211130;EcritureLib_0947;20250720;0,00;4606,00;C;OD/23;;
OD;Oprations diverses;OD/23;20211130;44567000;CompteLib_0019;;;21K141;20211130;EcritureLib_0947;20250720;4098,00;0,00;D;OD/23;;
OD;Oprations diverses;OD/24;20211130;64100000;CompteLib_0065;;;11;20211130;EcritureLib_0948;20250720;2166,14;0,00;D;OD/24;;
OD;Oprations diverses;OD/24;20211130;64100000;CompteLib_0065;;;11;20211130;EcritureLib_0948;20250720;5,35;0,00;D;OD/24;;
OD;Oprations diverses;OD/24;20211130;64100000;CompteLib_0065;;;11;20211130;EcritureLib_0948;20250720;41,92;0,00;D;OD/24;;
OD;Oprations diverses;OD/24;20211130;64100000;CompteLib_0065;;;11;20211130;EcritureLib_0948;20250720;175,31;0,00;D;OD/24;;
OD;Oprations diverses;OD/24;20211130;64510000;CompteLib_0066;;;11;20211130;EcritureLib_0948;20250720;76,02;0,00;D;OD/24;;
OD;Oprations diverses;OD/24;20211130;64540000;CompteLib_0067;;;11;20211130;EcritureLib_0948;20250720;100,32;0,00;D;OD/24;;
OD;Oprations diverses;OD/24;20211130;64530000;CompteLib_0069;;;11;20211130;EcritureLib_0948;20250720;33,16;0,00;D;OD/24;;
OD;Oprations diverses;OD/24;20211130;64520000;CompteLib_0068;;;11;20211130;EcritureLib_0948;20250720;14,96;0,00;D;OD/24;;
OD;Oprations diverses;OD/24;20211130;64580000;CompteLib_0062;;;11;20211130;EcritureLib_0948;20250720;0,29;0,00;D;OD/24;;
OD;Oprations diverses;OD/24;20211130;63120000;CompteLib_0059;;;11;20211130;EcritureLib_0948;20250720;16,24;0,00;D;OD/24;;
OD;Oprations diverses;OD/24;20211130;63330000;CompteLib_0055;;;11;20211130;EcritureLib_0948;20250720;13,13;0,00;D;OD/24;;
OD;Oprations diverses;OD/24;20211130;79100000;CompteLib_0046;;;11;20211130;EcritureLib_0948;20250720;0,00;171,58;C;OD/24;;
OD;Oprations diverses;OD/24;20211130;42100000;CompteLib_0010;;;11;20211130;EcritureLib_0929;20250720;0,00;601,87;C;OD/24;M;20240802
OD;Oprations diverses;OD/24;20211130;42100000;CompteLib_0010;;;11;20211130;EcritureLib_0935;20250720;0,00;285,12;C;OD/24;M;20240802
OD;Oprations diverses;OD/24;20211130;42100000;CompteLib_0010;;;11;20211130;EcritureLib_0943;20250720;0,00;394,66;C;OD/24;M;20240802
OD;Oprations diverses;OD/24;20211130;42100000;CompteLib_0010;;;11;20211130;EcritureLib_0944;20250720;0,00;421,26;C;OD/24;M;20240802
OD;Oprations diverses;OD/24;20211130;43100000;CompteLib_0013;;;11;20211130;EcritureLib_0948;20250720;0,00;579,82;C;OD/24;;
OD;Oprations diverses;OD/24;20211130;43702000;CompteLib_0044;;;11;20211130;EcritureLib_0948;20250720;0,00;5,92;C;OD/24;;
OD;Oprations diverses;OD/24;20211130;43702000;CompteLib_0044;;;11;20211130;EcritureLib_0948;20250720;0,00;0,24;C;OD/24;;
OD;Oprations diverses;OD/24;20211130;43702000;CompteLib_0044;;;11;20211130;EcritureLib_0948;20250720;0,00;23,76;C;OD/24;;
OD;Oprations diverses;OD/24;20211130;43703000;CompteLib_0045;;;11;20211130;EcritureLib_0948;20250720;0,00;128,95;C;OD/24;H;20240826
OD;Oprations diverses;OD/24;20211130;43708000;CompteLib_0070;;;11;20211130;EcritureLib_0948;20250720;0,00;0,29;C;OD/24;;
OD;Oprations diverses;OD/24;20211130;44862000;CompteLib_0059;;;11;20211130;EcritureLib_0948;20250720;0,00;16,24;C;OD/24;;
OD;Oprations diverses;OD/24;20211130;44863000;CompteLib_0013;;;11;20211130;EcritureLib_0948;20250720;0,00;13,13;C;OD/24;;
OD;Oprations diverses;OD/25;20211130;70170000;CompteLib_0072;;;21K140;20211130;EcritureLib_0939;20250720;0,00;140,50;C;OD/25;;
OD;Oprations diverses;OD/25;20211130;44571700;CompteLib_0020;;;21K140;20211130;EcritureLib_0939;20250720;0,00;28,10;C;OD/25;;
OD;Oprations diverses;OD/25;20211130;70180000;CompteLib_0073;;;21K140;20211130;EcritureLib_0939;20250720;0,00;8225,00;C;OD/25;;
OD;Oprations diverses;OD/25;20211130;44571800;CompteLib_0021;;;21K140;20211130;EcritureLib_0939;20250720;0,00;822,50;C;OD/25;;
OD;Oprations diverses;OD/25;20211130;53000000;CompteLib_0025;;;21K140;20211130;EcritureLib_0939;20250720;1699,05;0,00;D;OD/25;;
OD;Oprations diverses;OD/25;20211130;51100000;CompteLib_0051;;;21K140;20211130;EcritureLib_0939;20250720;6853,02;0,00;D;OD/25;;
OD;Oprations diverses;OD/25;20211130;51120000;CompteLib_0053;;;21K140;20211130;EcritureLib_0939;20250720;13,70;0,00;D;OD/25;;
OD;Oprations diverses;OD/25;20211130;51140000;CompteLib_0052;;;21K140;20211130;EcritureLib_0939;20250720;611,43;0,00;D;OD/25;;
OD;Oprations diverses;OD/25;20211130;51150000;CompteLib_0074;;;21K140;20211130;EcritureLib_0939;20250720;18,20;0,00;D;OD/25;;
OD;Oprations diverses;OD/25;20211130;65800000;CompteLib_0063;;;21K140;20211130;EcritureLib_0939;20250720;20,70;0,00;D;OD/25;;
OD;Oprations diverses;OD/26;20211231;70170000;CompteLib_0072;;;21L119;20211231;EcritureLib_0939;20250720;0,00;124,11;C;OD/26;;
OD;Oprations diverses;OD/26;20211231;44571700;CompteLib_0020;;;21L119;20211231;EcritureLib_0939;20250720;0,00;24,82;C;OD/26;;
OD;Oprations diverses;OD/26;20211231;70180000;CompteLib_0073;;;21L119;20211231;EcritureLib_0939;20250720;0,00;6638,08;C;OD/26;;
OD;Oprations diverses;OD/26;20211231;44571800;CompteLib_0021;;;21L119;20211231;EcritureLib_0939;20250720;0,00;663,81;C;OD/26;;
OD;Oprations diverses;OD/26;20211231;53000000;CompteLib_0025;;;21L119;20211231;EcritureLib_0939;20250720;1761,87;0,00;D;OD/26;;
OD;Oprations diverses;OD/26;20211231;51100000;CompteLib_0051;;;21L119;20211231;EcritureLib_0939;20250720;4992,97;0,00;D;OD/26;;
OD;Oprations diverses;OD/26;20211231;51120000;CompteLib_0053;;;21L119;20211231;EcritureLib_0939;20250720;14,50;0,00;D;OD/26;;
OD;Oprations diverses;OD/26;20211231;51140000;CompteLib_0052;;;21L119;20211231;EcritureLib_0939;20250720;668,18;0,00;D;OD/26;;
OD;Oprations diverses;OD/26;20211231;51150000;CompteLib_0074;;;21L119;20211231;EcritureLib_0939;20250720;11,40;0,00;D;OD/26;;
OD;Oprations diverses;OD/26;20211231;65800000;CompteLib_0063;;;21L119;20211231;EcritureLib_0939;20250720;1,90;0,00;D;OD/26;;
OD;Oprations diverses;OD/27;20211231;64100000;CompteLib_0065;;;12;20211231;EcritureLib_0949;20250720;1799,34;0,00;D;OD/27;;
OD;Oprations diverses;OD/27;20211231;64100000;CompteLib_0065;;;12;20211231;EcritureLib_0949;20250720;17,86;0,00;D;OD/27;;
OD;Oprations diverses;OD/27;20211231;64100000;CompteLib_0065;;;12;20211231;EcritureLib_0949;20250720;160,39;0,00;D;OD/27;;
OD;Oprations diverses;OD/27;20211231;64510000;CompteLib_0066;;;12;20211231;EcritureLib_0949;20250720;55,86;0,00;D;OD/27;;
OD;Oprations diverses;OD/27;20211231;64540000;CompteLib_0067;;;12;20211231;EcritureLib_0949;20250720;83,05;0,00;D;OD/27;;
OD;Oprations diverses;OD/27;20211231;64530000;CompteLib_0069;;;12;20211231;EcritureLib_0949;20250720;25,81;0,00;D;OD/27;;
OD;Oprations diverses;OD/27;20211231;64520000;CompteLib_0068;;;12;20211231;EcritureLib_0949;20250720;14,53;0,00;D;OD/27;;
OD;Oprations diverses;OD/27;20211231;64580000;CompteLib_0062;;;12;20211231;EcritureLib_0949;20250720;0,24;0,00;D;OD/27;;
OD;Oprations diverses;OD/27;20211231;63120000;CompteLib_0059;;;12;20211231;EcritureLib_0949;20250720;13,44;0,00;D;OD/27;;
OD;Oprations diverses;OD/27;20211231;63330000;CompteLib_0055;;;12;20211231;EcritureLib_0949;20250720;10,87;0,00;D;OD/27;;
OD;Oprations diverses;OD/27;20211231;79100000;CompteLib_0046;;;12;20211231;EcritureLib_0949;20250720;0,00;108,17;C;OD/27;;
OD;Oprations diverses;OD/27;20211231;42100000;CompteLib_0010;;;12;20211231;EcritureLib_0929;20250720;0,00;703,18;C;OD/27;N;20240802
OD;Oprations diverses;OD/27;20211231;42100000;CompteLib_0010;;;12;20211231;EcritureLib_0935;20250720;0,00;100,00;C;OD/27;;
OD;Oprations diverses;OD/27;20211231;42100000;CompteLib_0010;;;12;20211231;EcritureLib_0943;20250720;0,00;505,79;C;OD/27;N;20240802
OD;Oprations diverses;OD/27;20211231;42100000;CompteLib_0010;;;12;20211231;EcritureLib_0944;20250720;0,00;532,38;C;OD/27;N;20240802
OD;Oprations diverses;OD/27;20211231;43100000;CompteLib_0013;;;12;20211231;EcritureLib_0949;20250720;0,00;73,15;C;OD/27;;
OD;Oprations diverses;OD/27;20211231;43702000;CompteLib_0044;;;12;20211231;EcritureLib_0949;20250720;0,00;4,90;C;OD/27;;
OD;Oprations diverses;OD/27;20211231;43702000;CompteLib_0044;;;12;20211231;EcritureLib_0949;20250720;0,00;0,40;C;OD/27;;
OD;Oprations diverses;OD/27;20211231;43702000;CompteLib_0044;;;12;20211231;EcritureLib_0949;20250720;0,00;23,76;C;OD/27;;
OD;Oprations diverses;OD/27;20211231;43703000;CompteLib_0045;;;12;20211231;EcritureLib_0949;20250720;0,00;105,11;C;OD/27;I;20240826
OD;Oprations diverses;OD/27;20211231;43708000;CompteLib_0070;;;12;20211231;EcritureLib_0949;20250720;0,00;0,24;C;OD/27;;
OD;Oprations diverses;OD/27;20211231;44862000;CompteLib_0059;;;12;20211231;EcritureLib_0949;20250720;0,00;13,44;C;OD/27;;
OD;Oprations diverses;OD/27;20211231;44863000;CompteLib_0013;;;12;20211231;EcritureLib_0949;20250720;0,00;10,87;C;OD/27;;
OD;Oprations diverses;OD/28;20211231;44571800;CompteLib_0021;;;21L120;20211231;EcritureLib_0950;20250720;664,00;0,00;D;OD/28;;
OD;Oprations diverses;OD/28;20211231;44571700;CompteLib_0020;;;21L120;20211231;EcritureLib_0950;20250720;25,00;0,00;D;OD/28;;
OD;Oprations diverses;OD/28;20211231;44566100;CompteLib_0018;;;21L120;20211231;EcritureLib_0950;20250720;0,00;440,00;C;OD/28;;
OD;Oprations diverses;OD/28;20211231;44567000;CompteLib_0019;;;21L120;20211231;EcritureLib_0950;20250720;0,00;4098,00;C;OD/28;;
OD;Oprations diverses;OD/28;20211231;44567000;CompteLib_0019;;;21L120;20211231;EcritureLib_0950;20250720;3849,00;0,00;D;OD/28;;
OD;Oprations diverses;OD/29;20220131;70170000;CompteLib_0072;;;22A157;20220131;EcritureLib_0939;20250720;0,00;139,92;C;OD/29;;
OD;Oprations diverses;OD/29;20220131;44571700;CompteLib_0020;;;22A157;20220131;EcritureLib_0939;20250720;0,00;27,98;C;OD/29;;
OD;Oprations diverses;OD/29;20220131;70180000;CompteLib_0073;;;22A157;20220131;EcritureLib_0939;20250720;0,00;9270,84;C;OD/29;;
OD;Oprations diverses;OD/29;20220131;44571800;CompteLib_0021;;;22A157;20220131;EcritureLib_0939;20250720;0,00;927,08;C;OD/29;;
OD;Oprations diverses;OD/29;20220131;51100000;CompteLib_0051;;;22A157;20220131;EcritureLib_0939;20250720;7270,54;0,00;D;OD/29;;
OD;Oprations diverses;OD/29;20220131;53000000;CompteLib_0025;;;22A157;20220131;EcritureLib_0939;20250720;2182,14;0,00;D;OD/29;;
OD;Oprations diverses;OD/29;20220131;51140000;CompteLib_0052;;;22A157;20220131;EcritureLib_0939;20250720;815,54;0,00;D;OD/29;;
OD;Oprations diverses;OD/29;20220131;51150000;CompteLib_0074;;;22A157;20220131;EcritureLib_0939;20250720;38,20;0,00;D;OD/29;;
OD;Oprations diverses;OD/29;20220131;65800000;CompteLib_0063;;;22A157;20220131;EcritureLib_0939;20250720;59,40;0,00;D;OD/29;;
OD;Oprations diverses;OD/30;20220131;64100000;CompteLib_0065;;;01;20220131;EcritureLib_0951;20250720;1815,46;0,00;D;OD/30;;
OD;Oprations diverses;OD/30;20220131;64100000;CompteLib_0065;;;01;20220131;EcritureLib_0951;20250720;157,92;0,00;D;OD/30;;
OD;Oprations diverses;OD/30;20220131;64510000;CompteLib_0066;;;01;20220131;EcritureLib_0951;20250720;44,37;0,00;D;OD/30;;
OD;Oprations diverses;OD/30;20220131;64540000;CompteLib_0067;;;01;20220131;EcritureLib_0951;20250720;82,89;0,00;D;OD/30;;
OD;Oprations diverses;OD/30;20220131;64530000;CompteLib_0069;;;01;20220131;EcritureLib_0951;20250720;22,63;0,00;D;OD/30;;
OD;Oprations diverses;OD/30;20220131;64520000;CompteLib_0068;;;01;20220131;EcritureLib_0951;20250720;16,62;0,00;D;OD/30;;
OD;Oprations diverses;OD/30;20220131;64580000;CompteLib_0062;;;01;20220131;EcritureLib_0951;20250720;0,24;0,00;D;OD/30;;
OD;Oprations diverses;OD/30;20220131;63120000;CompteLib_0059;;;01;20220131;EcritureLib_0951;20250720;13,41;0,00;D;OD/30;;
OD;Oprations diverses;OD/30;20220131;63330000;CompteLib_0055;;;01;20220131;EcritureLib_0951;20250720;10,85;0,00;D;OD/30;;
OD;Oprations diverses;OD/30;20220131;79100000;CompteLib_0046;;;01;20220131;EcritureLib_0951;20250720;0,00;157,92;C;OD/30;;
OD;Oprations diverses;OD/30;20220131;42100000;CompteLib_0010;;;01;20220131;EcritureLib_0929;20250720;0,00;565,47;C;OD/30;O;20240802
OD;Oprations diverses;OD/30;20220131;42100000;CompteLib_0010;;;01;20220131;EcritureLib_0943;20250720;0,00;397,17;C;OD/30;O;20240802
OD;Oprations diverses;OD/30;20220131;42100000;CompteLib_0010;;;01;20220131;EcritureLib_0944;20250720;0,00;423,32;C;OD/30;O;20240802
OD;Oprations diverses;OD/30;20220131;43100000;CompteLib_0013;;;01;20220131;EcritureLib_0951;20250720;0,00;461,01;C;OD/30;;
OD;Oprations diverses;OD/30;20220131;43702000;CompteLib_0044;;;01;20220131;EcritureLib_0951;20250720;0,00;9,08;C;OD/30;;
OD;Oprations diverses;OD/30;20220131;43702000;CompteLib_0044;;;01;20220131;EcritureLib_0951;20250720;0,00;0,40;C;OD/30;;
OD;Oprations diverses;OD/30;20220131;43702000;CompteLib_0044;;;01;20220131;EcritureLib_0951;20250720;0,00;23,76;C;OD/30;;
OD;Oprations diverses;OD/30;20220131;43703000;CompteLib_0045;;;01;20220131;EcritureLib_0951;20250720;0,00;101,76;C;OD/30;J;20240826
OD;Oprations diverses;OD/30;20220131;43708000;CompteLib_0070;;;01;20220131;EcritureLib_0951;20250720;0,00;0,24;C;OD/30;;
OD;Oprations diverses;OD/30;20220131;44862000;CompteLib_0059;;;01;20220131;EcritureLib_0951;20250720;0,00;11,64;C;OD/30;;
OD;Oprations diverses;OD/30;20220131;44862000;CompteLib_0059;;;01;20220131;EcritureLib_0951;20250720;0,00;1,77;C;OD/30;;
OD;Oprations diverses;OD/30;20220131;44863000;CompteLib_0013;;;01;20220131;EcritureLib_0951;20250720;0,00;10,85;C;OD/30;;
OD;Oprations diverses;OD/31;20220131;44571700;CompteLib_0020;;;22A158;20220131;EcritureLib_0952;20250720;28,00;0,00;D;OD/31;;
OD;Oprations diverses;OD/31;20220131;44571800;CompteLib_0021;;;22A158;20220131;EcritureLib_0952;20250720;927,00;0,00;D;OD/31;;
OD;Oprations diverses;OD/31;20220131;44566100;CompteLib_0018;;;22A158;20220131;EcritureLib_0952;20250720;0,00;538,00;C;OD/31;;
OD;Oprations diverses;OD/31;20220131;44567000;CompteLib_0019;;;22A158;20220131;EcritureLib_0952;20250720;0,00;3849,00;C;OD/31;;
OD;Oprations diverses;OD/31;20220131;44567000;CompteLib_0019;;;22A158;20220131;EcritureLib_0952;20250720;3432,00;0,00;D;OD/31;;
OD;Oprations diverses;OD/32;20220228;70170000;CompteLib_0072;;;22B168;20220228;EcritureLib_0939;20250720;0,00;206,58;C;OD/32;;
OD;Oprations diverses;OD/32;20220228;44571700;CompteLib_0020;;;22B168;20220228;EcritureLib_0939;20250720;0,00;41,33;C;OD/32;;
OD;Oprations diverses;OD/32;20220228;70180000;CompteLib_0073;;;22B168;20220228;EcritureLib_0939;20250720;0,00;8437,20;C;OD/32;;
OD;Oprations diverses;OD/32;20220228;44571800;CompteLib_0021;;;22B168;20220228;EcritureLib_0939;20250720;0,00;843,72;C;OD/32;;
OD;Oprations diverses;OD/32;20220228;53000000;CompteLib_0025;;;22B168;20220228;EcritureLib_0939;20250720;1706,06;0,00;D;OD/32;;
OD;Oprations diverses;OD/32;20220228;51120000;CompteLib_0053;;;22B168;20220228;EcritureLib_0939;20250720;44,70;0,00;D;OD/32;;
OD;Oprations diverses;OD/32;20220228;51100000;CompteLib_0051;;;22B168;20220228;EcritureLib_0939;20250720;7213,00;0,00;D;OD/32;;
OD;Oprations diverses;OD/32;20220228;51140000;CompteLib_0052;;;22B168;20220228;EcritureLib_0939;20250720;584,65;0,00;D;OD/32;;
OD;Oprations diverses;OD/32;20220228;51150000;CompteLib_0074;;;22B168;20220228;EcritureLib_0939;20250720;26,70;0,00;D;OD/32;;
OD;Oprations diverses;OD/32;20220228;75800000;CompteLib_0064;;;22B168;20220228;EcritureLib_0939;20250720;0,00;46,28;C;OD/32;;
OD;Oprations diverses;OD/33;20220228;64100000;CompteLib_0065;;;02;20220228;EcritureLib_0953;20250720;1815,46;0,00;D;OD/33;;
OD;Oprations diverses;OD/33;20220228;64100000;CompteLib_0065;;;02;20220228;EcritureLib_0953;20250720;3,08;0,00;D;OD/33;;
OD;Oprations diverses;OD/33;20220228;64100000;CompteLib_0065;;;02;20220228;EcritureLib_0953;20250720;150,40;0,00;D;OD/33;;
OD;Oprations diverses;OD/33;20220228;64510000;CompteLib_0066;;;02;20220228;EcritureLib_0953;20250720;41,47;0,00;D;OD/33;;
OD;Oprations diverses;OD/33;20220228;64540000;CompteLib_0067;;;02;20220228;EcritureLib_0953;20250720;82,69;0,00;D;OD/33;;
OD;Oprations diverses;OD/33;20220228;64530000;CompteLib_0069;;;02;20220228;EcritureLib_0953;20250720;21,94;0,00;D;OD/33;;
OD;Oprations diverses;OD/33;20220228;64520000;CompteLib_0068;;;02;20220228;EcritureLib_0953;20250720;60,19;0,00;D;OD/33;;
OD;Oprations diverses;OD/33;20220228;64580000;CompteLib_0062;;;02;20220228;EcritureLib_0953;20250720;0,24;0,00;D;OD/33;;
OD;Oprations diverses;OD/33;20220228;63120000;CompteLib_0059;;;02;20220228;EcritureLib_0953;20250720;13,40;0,00;D;OD/33;;
OD;Oprations diverses;OD/33;20220228;63330000;CompteLib_0055;;;02;20220228;EcritureLib_0953;20250720;10,83;0,00;D;OD/33;;
OD;Oprations diverses;OD/33;20220228;79100000;CompteLib_0046;;;02;20220228;EcritureLib_0953;20250720;0,00;142,88;C;OD/33;;
OD;Oprations diverses;OD/33;20220228;42100000;CompteLib_0010;;;02;20220228;EcritureLib_0929;20250720;0,00;575,42;C;OD/33;P;20240802
OD;Oprations diverses;OD/33;20220228;42100000;CompteLib_0010;;;02;20220228;EcritureLib_0943;20250720;0,00;393,74;C;OD/33;P;20240802
OD;Oprations diverses;OD/33;20220228;42100000;CompteLib_0010;;;02;20220228;EcritureLib_0944;20250720;0,00;424,13;C;OD/33;P;20240802
OD;Oprations diverses;OD/33;20220228;43100000;CompteLib_0013;;;02;20220228;EcritureLib_0953;20250720;0,00;461,37;C;OD/33;;
OD;Oprations diverses;OD/33;20220228;43702000;CompteLib_0044;;;02;20220228;EcritureLib_0953;20250720;0,00;9,06;C;OD/33;;
OD;Oprations diverses;OD/33;20220228;43702000;CompteLib_0044;;;02;20220228;EcritureLib_0953;20250720;0,00;0,40;C;OD/33;;
OD;Oprations diverses;OD/33;20220228;43702000;CompteLib_0044;;;02;20220228;EcritureLib_0953;20250720;0,00;23,76;C;OD/33;;
OD;Oprations diverses;OD/33;20220228;43702000;CompteLib_0044;;;02;20220228;EcritureLib_0953;20250720;0,00;43,58;C;OD/33;;
OD;Oprations diverses;OD/33;20220228;43703000;CompteLib_0045;;;02;20220228;EcritureLib_0953;20250720;0,00;100,89;C;OD/33;K;20240826
OD;Oprations diverses;OD/33;20220228;43708000;CompteLib_0070;;;02;20220228;EcritureLib_0953;20250720;0,00;0,24;C;OD/33;;
OD;Oprations diverses;OD/33;20220228;44862000;CompteLib_0059;;;02;20220228;EcritureLib_0953;20250720;0,00;11,62;C;OD/33;;
OD;Oprations diverses;OD/33;20220228;44862000;CompteLib_0059;;;02;20220228;EcritureLib_0953;20250720;0,00;1,78;C;OD/33;;
OD;Oprations diverses;OD/33;20220228;44863000;CompteLib_0013;;;02;20220228;EcritureLib_0953;20250720;0,00;10,83;C;OD/33;;
OD;Oprations diverses;OD/34;20220228;44571700;CompteLib_0020;;;22B169;20220228;EcritureLib_0954;20250720;41,00;0,00;D;OD/34;;
OD;Oprations diverses;OD/34;20220228;44571800;CompteLib_0021;;;22B169;20220228;EcritureLib_0954;20250720;844,00;0,00;D;OD/34;;
OD;Oprations diverses;OD/34;20220228;44566100;CompteLib_0018;;;22B169;20220228;EcritureLib_0954;20250720;0,00;469,00;C;OD/34;;
OD;Oprations diverses;OD/34;20220228;44567000;CompteLib_0019;;;22B169;20220228;EcritureLib_0954;20250720;0,00;3432,00;C;OD/34;;
OD;Oprations diverses;OD/34;20220228;44567000;CompteLib_0019;;;22B169;20220228;EcritureLib_0954;20250720;3016,00;0,00;D;OD/34;;
OD;Oprations diverses;OD/35;20220331;76800000;CompteLib_0075;;;22C183;20220331;EcritureLib_0955;20250720;0,00;33,47;C;OD/35;;
OD;Oprations diverses;OD/35;20220331;51220000;CompteLib_0076;;;22C183;20220331;EcritureLib_0955;20250720;33,47;0,00;D;OD/35;;
OD;Oprations diverses;OD/36;20220331;64100000;CompteLib_0065;;;03;20220331;EcritureLib_0956;20250720;1969,51;0,00;D;OD/36;;
OD;Oprations diverses;OD/36;20220331;64100000;CompteLib_0065;;;03;20220331;EcritureLib_0956;20250720;4,63;0,00;D;OD/36;;
OD;Oprations diverses;OD/36;20220331;64100000;CompteLib_0065;;;03;20220331;EcritureLib_0956;20250720;161,68;0,00;D;OD/36;;
OD;Oprations diverses;OD/36;20220331;64510000;CompteLib_0066;;;03;20220331;EcritureLib_0956;20250720;57,38;0,00;D;OD/36;;
OD;Oprations diverses;OD/36;20220331;64540000;CompteLib_0067;;;03;20220331;EcritureLib_0956;20250720;89,70;0,00;D;OD/36;;
OD;Oprations diverses;OD/36;20220331;64530000;CompteLib_0069;;;03;20220331;EcritureLib_0956;20250720;26,66;0,00;D;OD/36;;
OD;Oprations diverses;OD/36;20220331;64520000;CompteLib_0068;;;03;20220331;EcritureLib_0956;20250720;0,00;61,39;C;OD/36;;
OD;Oprations diverses;OD/36;20220331;64580000;CompteLib_0062;;;03;20220331;EcritureLib_0956;20250720;0,26;0,00;D;OD/36;;
OD;Oprations diverses;OD/36;20220331;63120000;CompteLib_0059;;;03;20220331;EcritureLib_0956;20250720;14,53;0,00;D;OD/36;;
OD;Oprations diverses;OD/36;20220331;63330000;CompteLib_0055;;;03;20220331;EcritureLib_0956;20250720;11,75;0,00;D;OD/36;;
OD;Oprations diverses;OD/36;20220331;79100000;CompteLib_0046;;;03;20220331;EcritureLib_0956;20250720;0,00;150,40;C;OD/36;;
OD;Oprations diverses;OD/36;20220331;42100000;CompteLib_0010;;;03;20220331;EcritureLib_0929;20250720;0,00;577,75;C;OD/36;R;20240826
OD;Oprations diverses;OD/36;20220331;42100000;CompteLib_0010;;;03;20220331;EcritureLib_0943;20250720;0,00;558,38;C;OD/36;R;20240826
OD;Oprations diverses;OD/36;20220331;42100000;CompteLib_0010;;;03;20220331;EcritureLib_0944;20250720;0,00;423,93;C;OD/36;R;20240826
OD;Oprations diverses;OD/36;20220331;43100000;CompteLib_0013;;;03;20220331;EcritureLib_0956;20250720;0,00;529,17;C;OD/36;;
OD;Oprations diverses;OD/36;20220331;43702000;CompteLib_0044;;;03;20220331;EcritureLib_0956;20250720;0,00;1,87;C;OD/36;;
OD;Oprations diverses;OD/36;20220331;43702000;CompteLib_0044;;;03;20220331;EcritureLib_0956;20250720;0,00;9,82;C;OD/36;;
OD;Oprations diverses;OD/36;20220331;43702000;CompteLib_0044;;;03;20220331;EcritureLib_0956;20250720;47,52;0,00;D;OD/36;;
OD;Oprations diverses;OD/36;20220331;43702000;CompteLib_0044;;;03;20220331;EcritureLib_0956;20250720;43,58;0,00;D;OD/36;;
OD;Oprations diverses;OD/36;20220331;43703000;CompteLib_0045;;;03;20220331;EcritureLib_0956;20250720;0,00;112,30;C;OD/36;L;20240827
OD;Oprations diverses;OD/36;20220331;43708000;CompteLib_0070;;;03;20220331;EcritureLib_0956;20250720;0,00;0,26;C;OD/36;;
OD;Oprations diverses;OD/36;20220331;43800000;CompteLib_0077;;;03;20220331;EcritureLib_0956;20250720;0,00;1,93;C;OD/36;;
OD;Oprations diverses;OD/37;20220331;70170000;CompteLib_0072;;;22C180;20220331;EcritureLib_0939;20250720;0,00;137,33;C;OD/37;;
OD;Oprations diverses;OD/37;20220331;44571700;CompteLib_0020;;;22C180;20220331;EcritureLib_0939;20250720;0,00;27,50;C;OD/37;;
OD;Oprations diverses;OD/37;20220331;70180000;CompteLib_0073;;;22C180;20220331;EcritureLib_0939;20250720;0,00;10190,40;C;OD/37;;
OD;Oprations diverses;OD/37;20220331;44571800;CompteLib_0021;;;22C180;20220331;EcritureLib_0939;20250720;0,00;1019,04;C;OD/37;;
OD;Oprations diverses;OD/37;20220331;53000000;CompteLib_0025;;;22C180;20220331;EcritureLib_0939;20250720;2762,84;0,00;D;OD/37;;
OD;Oprations diverses;OD/37;20220331;51120000;CompteLib_0053;;;22C180;20220331;EcritureLib_0939;20250720;17,20;0,00;D;OD/37;;
OD;Oprations diverses;OD/37;20220331;51100000;CompteLib_0051;;;22C180;20220331;EcritureLib_0939;20250720;7707,25;0,00;D;OD/37;;
OD;Oprations diverses;OD/37;20220331;51150000;CompteLib_0074;;;22C180;20220331;EcritureLib_0939;20250720;36,00;0,00;D;OD/37;;
OD;Oprations diverses;OD/37;20220331;51140000;CompteLib_0052;;;22C180;20220331;EcritureLib_0939;20250720;849,75;0,00;D;OD/37;;
OD;Oprations diverses;OD/37;20220331;65800000;CompteLib_0063;;;22C180;20220331;EcritureLib_0939;20250720;1,23;0,00;D;OD/37;;
OD;Oprations diverses;OD/38;20220331;51100000;CompteLib_0051;;;22C181;20220331;EcritureLib_0957;20250720;9042,90;0,00;D;OD/38;;
OD;Oprations diverses;OD/38;20220331;51120000;CompteLib_0053;;;22C181;20220331;EcritureLib_0957;20250720;11,80;0,00;D;OD/38;;
OD;Oprations diverses;OD/38;20220331;51140000;CompteLib_0052;;;22C181;20220331;EcritureLib_0957;20250720;373,19;0,00;D;OD/38;;
OD;Oprations diverses;OD/38;20220331;51150000;CompteLib_0074;;;22C181;20220331;EcritureLib_0957;20250720;0,00;198,34;C;OD/38;;
OD;Oprations diverses;OD/38;20220331;53000000;CompteLib_0025;;;22C181;20220331;EcritureLib_0957;20250720;2648,53;0,00;D;OD/38;;
OD;Oprations diverses;OD/38;20220331;70180000;CompteLib_0073;;;22C181;20220331;EcritureLib_0957;20250720;0,00;10798,25;C;OD/38;;
OD;Oprations diverses;OD/38;20220331;44571800;CompteLib_0021;;;22C181;20220331;EcritureLib_0957;20250720;0,00;1079,83;C;OD/38;;
OD;Oprations diverses;OD/39;20220331;58000000;CompteLib_0048;;;22C182;20220331;EcritureLib_0958;20250720;0,00;20000,00;C;OD/39;;
OD;Oprations diverses;OD/39;20220331;51220000;CompteLib_0076;;;22C182;20220331;EcritureLib_0958;20250720;20000,00;0,00;D;OD/39;;
OD;Oprations diverses;OD/40;20220331;44571700;CompteLib_0020;;;22C184;20220331;EcritureLib_0959;20250720;27,00;0,00;D;OD/40;;
OD;Oprations diverses;OD/40;20220331;44571800;CompteLib_0021;;;22C184;20220331;EcritureLib_0959;20250720;1019,00;0,00;D;OD/40;;
OD;Oprations diverses;OD/40;20220331;44566100;CompteLib_0018;;;22C184;20220331;EcritureLib_0959;20250720;0,00;523,00;C;OD/40;;
OD;Oprations diverses;OD/40;20220331;44567000;CompteLib_0019;;;22C184;20220331;EcritureLib_0959;20250720;0,00;3016,00;C;OD/40;;
OD;Oprations diverses;OD/40;20220331;44567000;CompteLib_0019;;;22C184;20220331;EcritureLib_0959;20250720;2493,00;0,00;D;OD/40;;
OD;Oprations diverses;OD/41;20220331;44562000;CompteLib_0017;;;22C185;20220331;EcritureLib_0960;20250720;0,00;810,74;C;OD/41;;
OD;Oprations diverses;OD/41;20220331;44566100;CompteLib_0018;;;22C185;20220331;EcritureLib_0960;20250720;810,74;0,00;D;OD/41;;
UT;UT;UT/1;20210927;40100000;CompteLib_0028;FSPUNTINI;SPUNTINI FOOD'S;21I124;20210927;EcritureLib_0961;20250720;0,00;0,60;C;UT/1;AU;20240731
UT;UT;UT/1;20210927;65800000;CompteLib_0063;;;21I124;20210927;EcritureLib_0961;20250720;0,60;0,00;D;UT/1;;
UT;UT;UT/2;20220331;68112000;CompteLib_0078;;;22C177;20220331;EcritureLib_0962;20250720;1301,86;0,00;D;UT/2;;
UT;UT;UT/2;20220331;28154000;CompteLib_0008;;;22C177;20220331;EcritureLib_0962;20250720;0,00;1301,86;C;UT/2;;
UT;UT;UT/3;20220331;66100000;CompteLib_0040;;;22C173;20220331;EcritureLib_0963;20250720;365,37;0,00;D;UT/3;;
UT;UT;UT/3;20220331;16400000;CompteLib_0004;;;22C173;20220331;EcritureLib_0964;20250720;0,00;365,37;C;UT/3;;
UT;UT;UT/4;20220331;66100000;CompteLib_0040;;;22C176;20220331;EcritureLib_0963;20250720;0,00;365,37;C;UT/4;;
UT;UT;UT/4;20220331;16400000;CompteLib_0004;;;22C176;20220331;EcritureLib_0964;20250720;365,37;0,00;D;UT/4;;
UT;UT;UT/5;20220331;68112000;CompteLib_0078;;;22C178;20220331;EcritureLib_0965;20250720;411,88;0,00;D;UT/5;;
UT;UT;UT/5;20220331;28154000;CompteLib_0008;;;22C178;20220331;EcritureLib_0965;20250720;0,00;411,88;C;UT/5;;
UT;UT;UT/6;20220331;68112000;CompteLib_0078;;;22C179;20220331;EcritureLib_0966;20250720;94,84;0,00;D;UT/6;;
UT;UT;UT/6;20220331;28154000;CompteLib_0008;;;22C179;20220331;EcritureLib_0966;20250720;0,00;94,84;C;UT/6;;
