JournalCode;JournalLib;EcritureNum;EcritureDate;CompteNum;CompteLib;CompAuxNum;CompAuxLib;PieceRef;PieceDate;EcritureLib;ValidDate;MontantDebit;MontantCredit;Sens;RefEcriture;EcritureLet;DateLet
AT;Achats Tiime;AT/1;20211201;62280000;CompteLib_0001;;;21L4;20211201;EcritureLib_0001;20230501;250,00;0,00;D;AT/1;;
AT;Achats Tiime;AT/1;20211201;44566000;CompteLib_0002;;;21L4;20211201;EcritureLib_0001;20230501;50,00;0,00;D;AT/1;A;20230724
AT;Achats Tiime;AT/1;20211201;40100000;CompteLib_0003;FVMA;VMA;21L4;20211201;EcritureLib_0001;20230501;0,00;300,00;C;AT/1;;
AT;Achats Tiime;AT/2;20211206;60630000;CompteLib_0004;;;21L5;20211206;EcritureLib_0002;20230501;343,69;0,00;D;AT/2;;
AT;Achats Tiime;AT/2;20211206;40100000;CompteLib_0003;FBRICODEPOT;BRICO DEPOT;21L5;20211206;EcritureLib_0002;20230501;0,00;343,69;C;AT/2;P;20230621
AT;Achats Tiime;AT/3;20211211;60630000;CompteLib_0004;;;21L6;20211211;EcritureLib_0003;20230501;159,08;0,00;D;AT/3;;
AT;Achats Tiime;AT/3;20211211;44566000;CompteLib_0002;;;21L6;20211211;EcritureLib_0003;20230501;31,82;0,00;D;AT/3;A;20230724
AT;Achats Tiime;AT/3;20211211;40100000;CompteLib_0003;FBRICODEPOT;BRICO DEPOT;21L6;20211211;EcritureLib_0003;20230501;0,00;190,90;C;AT/3;P;20230621
AT;Achats Tiime;AT/4;20211211;60630000;CompteLib_0004;;;21L9;20211211;EcritureLib_0003;20230501;140,67;0,00;D;AT/4;;
AT;Achats Tiime;AT/4;20211211;44566000;CompteLib_0002;;;21L9;20211211;EcritureLib_0003;20230501;28,13;0,00;D;AT/4;A;20230724
AT;Achats Tiime;AT/4;20211211;40100000;CompteLib_0003;FBRICODEPOT;BRICO DEPOT;21L9;20211211;EcritureLib_0003;20230501;0,00;168,80;C;AT/4;P;20230621
AT;Achats Tiime;AT/5;20211211;60630000;CompteLib_0004;;;21L21;20211211;EcritureLib_0003;20230501;263,42;0,00;D;AT/5;;
AT;Achats Tiime;AT/5;20211211;40100000;CompteLib_0003;FBRICODEPOT;BRICO DEPOT;21L21;20211211;EcritureLib_0003;20230501;0,00;316,10;C;AT/5;P;20230621
AT;Achats Tiime;AT/5;20211211;44566000;CompteLib_0002;;;21L21;20211211;EcritureLib_0003;20230501;52,68;0,00;D;AT/5;A;20230724
AT;Achats Tiime;AT/6;20211211;60630000;CompteLib_0004;;;21L7;20211211;EcritureLib_0003;20230501;23,25;0,00;D;AT/6;;
AT;Achats Tiime;AT/6;20211211;44566000;CompteLib_0002;;;21L7;20211211;EcritureLib_0003;20230501;4,65;0,00;D;AT/6;A;20230724
AT;Achats Tiime;AT/6;20211211;40100000;CompteLib_0003;FBRICODEPOT;BRICO DEPOT;21L7;20211211;EcritureLib_0003;20230501;0,00;27,90;C;AT/6;P;20230621
AT;Achats Tiime;AT/7;20211213;61510000;CompteLib_0005;;;21L10;20211213;EcritureLib_0004;20230501;219,00;0,00;D;AT/7;;
AT;Achats Tiime;AT/7;20211213;44566000;CompteLib_0002;;;21L10;20211213;EcritureLib_0004;20230501;43,80;0,00;D;AT/7;A;20230724
AT;Achats Tiime;AT/7;20211213;40100000;CompteLib_0003;FLEROYM;LEROY MERLIN;21L10;20211213;EcritureLib_0004;20230501;0,00;262,80;C;AT/7;;
AT;Achats Tiime;AT/8;20211216;21810000;CompteLib_0006;;;21L11;20211216;EcritureLib_0005;20230501;915,00;0,00;D;AT/8;;
AT;Achats Tiime;AT/8;20211216;44562000;CompteLib_0007;;;21L11;20211216;EcritureLib_0005;20230501;183,00;0,00;D;AT/8;B;20230509
AT;Achats Tiime;AT/8;20211216;40100000;CompteLib_0003;FVENTIL;VENTIL;21L11;20211216;EcritureLib_0005;20230501;0,00;1098,00;C;AT/8;;
AT;Achats Tiime;AT/9;20211220;60630000;CompteLib_0004;;;21L22;20211220;EcritureLib_0003;20230501;50,83;0,00;D;AT/9;;
AT;Achats Tiime;AT/9;20211220;44566000;CompteLib_0002;;;21L22;20211220;EcritureLib_0003;20230501;10,17;0,00;D;AT/9;A;20230724
AT;Achats Tiime;AT/9;20211220;40100000;CompteLib_0003;FBRICODEPOT;BRICO DEPOT;21L22;20211220;EcritureLib_0003;20230501;0,00;61,00;C;AT/9;P;20230621
AT;Achats Tiime;AT/10;20211220;61510000;CompteLib_0005;;;21L12;20211220;EcritureLib_0004;20230501;286,58;0,00;D;AT/10;;
AT;Achats Tiime;AT/10;20211220;44566000;CompteLib_0002;;;21L12;20211220;EcritureLib_0004;20230501;57,32;0,00;D;AT/10;A;20230724
AT;Achats Tiime;AT/10;20211220;40100000;CompteLib_0003;FLEROYM;LEROY MERLIN;21L12;20211220;EcritureLib_0004;20230501;0,00;343,90;C;AT/10;;
AT;Achats Tiime;AT/11;20211222;60630000;CompteLib_0004;;;21L14;20211222;EcritureLib_0003;20230501;35,71;0,00;D;AT/11;;
AT;Achats Tiime;AT/11;20211222;44566000;CompteLib_0002;;;21L14;20211222;EcritureLib_0003;20230501;7,14;0,00;D;AT/11;A;20230724
AT;Achats Tiime;AT/11;20211222;40100000;CompteLib_0003;FBRICODEPOT;BRICO DEPOT;21L14;20211222;EcritureLib_0003;20230501;0,00;42,85;C;AT/11;P;20230621
AT;Achats Tiime;AT/12;20211223;60630000;CompteLib_0004;;;21L15;20211223;EcritureLib_0003;20230501;38,71;0,00;D;AT/12;;
AT;Achats Tiime;AT/12;20211223;44566000;CompteLib_0002;;;21L15;20211223;EcritureLib_0003;20230501;7,74;0,00;D;AT/12;A;20230724
AT;Achats Tiime;AT/12;20211223;40100000;CompteLib_0003;FBRICODEPOT;BRICO DEPOT;21L15;20211223;EcritureLib_0003;20230501;0,00;46,45;C;AT/12;P;20230621
AT;Achats Tiime;AT/13;20211227;60630000;CompteLib_0004;;;21L16;20211227;EcritureLib_0003;20230501;111,25;0,00;D;AT/13;;
AT;Achats Tiime;AT/13;20211227;44566000;CompteLib_0002;;;21L16;20211227;EcritureLib_0003;20230501;22,25;0,00;D;AT/13;A;20230724
AT;Achats Tiime;AT/13;20211227;40100000;CompteLib_0003;FBRICODEPOT;BRICO DEPOT;21L16;20211227;EcritureLib_0003;20230501;0,00;133,50;C;AT/13;P;20230621
AT;Achats Tiime;AT/14;20211227;60630000;CompteLib_0004;;;21L17;20211227;EcritureLib_0003;20230501;24,92;0,00;D;AT/14;;
AT;Achats Tiime;AT/14;20211227;44566000;CompteLib_0002;;;21L17;20211227;EcritureLib_0003;20230501;4,98;0,00;D;AT/14;A;20230724
AT;Achats Tiime;AT/14;20211227;40100000;CompteLib_0003;FBRICODEPOT;BRICO DEPOT;21L17;20211227;EcritureLib_0003;20230501;0,00;29,90;C;AT/14;P;20230621
AT;Achats Tiime;AT/15;20211228;60630000;CompteLib_0004;;;21L18;20211228;EcritureLib_0003;20230501;182,50;0,00;D;AT/15;;
AT;Achats Tiime;AT/15;20211228;44566000;CompteLib_0002;;;21L18;20211228;EcritureLib_0003;20230501;36,50;0,00;D;AT/15;A;20230724
AT;Achats Tiime;AT/15;20211228;40100000;CompteLib_0003;FBRICODEPOT;BRICO DEPOT;21L18;20211228;EcritureLib_0003;20230501;0,00;219,00;C;AT/15;P;20230621
AT;Achats Tiime;AT/16;20211229;60630000;CompteLib_0004;;;21L19;20211229;EcritureLib_0003;20230501;413,81;0,00;D;AT/16;;
AT;Achats Tiime;AT/16;20211229;44566000;CompteLib_0002;;;21L19;20211229;EcritureLib_0003;20230501;82,76;0,00;D;AT/16;A;20230724
AT;Achats Tiime;AT/16;20211229;40100000;CompteLib_0003;FBRICODEPOT;BRICO DEPOT;21L19;20211229;EcritureLib_0003;20230501;0,00;496,57;C;AT/16;P;20230621
AT;Achats Tiime;AT/17;20211230;60630000;CompteLib_0004;;;21L20;20211230;EcritureLib_0003;20230501;105,50;0,00;D;AT/17;;
AT;Achats Tiime;AT/17;20211230;44566000;CompteLib_0002;;;21L20;20211230;EcritureLib_0003;20230501;21,10;0,00;D;AT/17;A;20230724
AT;Achats Tiime;AT/17;20211230;40100000;CompteLib_0003;FBRICODEPOT;BRICO DEPOT;21L20;20211230;EcritureLib_0003;20230501;0,00;126,60;C;AT/17;P;20230621
AT;Achats Tiime;AT/18;20220105;62280000;CompteLib_0001;;;22A7;20220105;EcritureLib_0001;20230501;166,67;0,00;D;AT/18;;
AT;Achats Tiime;AT/18;20220105;44566000;CompteLib_0002;;;22A7;20220105;EcritureLib_0001;20230501;33,33;0,00;D;AT/18;A;20230724
AT;Achats Tiime;AT/18;20220105;40100000;CompteLib_0003;FVMA;VMA;22A7;20220105;EcritureLib_0001;20230501;0,00;200,00;C;AT/18;;
AT;Achats Tiime;AT/19;20220107;62211000;CompteLib_0008;;;22A5;20220107;EcritureLib_0006;20230501;255,08;0,00;D;AT/19;;
AT;Achats Tiime;AT/19;20220107;44566000;CompteLib_0002;;;22A5;20220107;EcritureLib_0006;20230501;51,01;0,00;D;AT/19;A;20230724
AT;Achats Tiime;AT/19;20220107;40100000;CompteLib_0003;FUBER;UBER;22A5;20220107;EcritureLib_0006;20230501;0,00;306,09;C;AT/19;A;20230131
AT;Achats Tiime;AT/20;20220107;40100000;CompteLib_0003;FUBER;UBER;32;20220107;EcritureLib_0006;20230501;306,09;0,00;D;AT/20;A;20230131
AT;Achats Tiime;AT/20;20220107;51100001;CompteLib_0009;;;32;20220107;EcritureLib_0006;20230501;0,00;306,09;C;AT/20;;
AT;Achats Tiime;AT/21;20220112;60100000;CompteLib_0010;;;22A4;20220112;EcritureLib_0007;20230501;52,02;0,00;D;AT/21;;
AT;Achats Tiime;AT/21;20220112;44566000;CompteLib_0002;;;22A4;20220112;EcritureLib_0007;20230501;4,33;0,00;D;AT/21;A;20230724
AT;Achats Tiime;AT/21;20220112;45500000;CompteLib_0011;;;22A4;20220112;EcritureLib_0007;20230501;0,00;56,35;C;AT/21;;
AT;Achats Tiime;AT/22;20220112;60630000;CompteLib_0004;;;22A8;20220112;EcritureLib_0002;20230501;11,25;0,00;D;AT/22;;
AT;Achats Tiime;AT/22;20220112;44566000;CompteLib_0002;;;22A8;20220112;EcritureLib_0002;20230501;2,25;0,00;D;AT/22;A;20230724
AT;Achats Tiime;AT/22;20220112;40100000;CompteLib_0003;FBRICODEPOT;BRICO DEPOT;22A8;20220112;EcritureLib_0002;20230501;0,00;13,50;C;AT/22;P;20230621
AT;Achats Tiime;AT/23;20220121;60630000;CompteLib_0004;;;22A9;20220121;EcritureLib_0003;20230501;73,31;0,00;D;AT/23;;
AT;Achats Tiime;AT/23;20220121;44566000;CompteLib_0002;;;22A9;20220121;EcritureLib_0003;20230501;14,66;0,00;D;AT/23;A;20230724
AT;Achats Tiime;AT/23;20220121;40100000;CompteLib_0003;FBRICODEPOT;BRICO DEPOT;22A9;20220121;EcritureLib_0003;20230501;0,00;87,97;C;AT/23;P;20230621
AT;Achats Tiime;AT/24;20220124;60630000;CompteLib_0004;;;22A13;20220124;EcritureLib_0003;20230501;36,00;0,00;D;AT/24;;
AT;Achats Tiime;AT/24;20220124;44566000;CompteLib_0002;;;22A13;20220124;EcritureLib_0003;20230501;7,20;0,00;D;AT/24;A;20230724
AT;Achats Tiime;AT/24;20220124;40100000;CompteLib_0003;FBRICODEPOT;BRICO DEPOT;22A13;20220124;EcritureLib_0003;20230501;0,00;43,20;C;AT/24;P;20230621
AT;Achats Tiime;AT/25;20220131;60630000;CompteLib_0004;;;22A11;20220131;EcritureLib_0003;20230501;5,42;0,00;D;AT/25;;
AT;Achats Tiime;AT/25;20220131;44566000;CompteLib_0002;;;22A11;20220131;EcritureLib_0003;20230501;1,08;0,00;D;AT/25;A;20230724
AT;Achats Tiime;AT/25;20220131;40100000;CompteLib_0003;FBRICODEPOT;BRICO DEPOT;22A11;20220131;EcritureLib_0003;20230501;0,00;6,50;C;AT/25;P;20230621
AT;Achats Tiime;AT/26;20220201;60630000;CompteLib_0004;;;22B28;20220201;EcritureLib_0003;20230501;111,17;0,00;D;AT/26;;
AT;Achats Tiime;AT/26;20220201;44566000;CompteLib_0002;;;22B28;20220201;EcritureLib_0003;20230501;22,23;0,00;D;AT/26;A;20230724
AT;Achats Tiime;AT/26;20220201;40100000;CompteLib_0003;FBRICODEPOT;BRICO DEPOT;22B28;20220201;EcritureLib_0003;20230501;0,00;133,40;C;AT/26;P;20230621
AT;Achats Tiime;AT/27;20220202;61510000;CompteLib_0005;;;22B10;20220202;EcritureLib_0004;20230501;13,83;0,00;D;AT/27;;
AT;Achats Tiime;AT/27;20220202;44566000;CompteLib_0002;;;22B10;20220202;EcritureLib_0004;20230501;2,77;0,00;D;AT/27;A;20230724
AT;Achats Tiime;AT/27;20220202;40100000;CompteLib_0003;FLEROYM;LEROY MERLIN;22B10;20220202;EcritureLib_0004;20230501;0,00;16,60;C;AT/27;;
AT;Achats Tiime;AT/28;20220203;60630000;CompteLib_0004;;;22B29;20220203;EcritureLib_0003;20230501;59,08;0,00;D;AT/28;;
AT;Achats Tiime;AT/28;20220203;44566000;CompteLib_0002;;;22B29;20220203;EcritureLib_0003;20230501;11,82;0,00;D;AT/28;A;20230724
AT;Achats Tiime;AT/28;20220203;40100000;CompteLib_0003;FBRICODEPOT;BRICO DEPOT;22B29;20220203;EcritureLib_0003;20230501;0,00;70,90;C;AT/28;P;20230621
AT;Achats Tiime;AT/29;20220205;60630000;CompteLib_0004;;;22B30;20220205;EcritureLib_0003;20230501;389,79;0,00;D;AT/29;;
AT;Achats Tiime;AT/29;20220205;44566000;CompteLib_0002;;;22B30;20220205;EcritureLib_0003;20230501;77,96;0,00;D;AT/29;A;20230724
AT;Achats Tiime;AT/29;20220205;40100000;CompteLib_0003;FBRICODEPOT;BRICO DEPOT;22B30;20220205;EcritureLib_0003;20230501;0,00;467,75;C;AT/29;P;20230621
AT;Achats Tiime;AT/30;20220207;60630000;CompteLib_0004;;;22B13;20220207;EcritureLib_0002;20230501;53,47;0,00;D;AT/30;;
AT;Achats Tiime;AT/30;20220207;44566000;CompteLib_0002;;;22B13;20220207;EcritureLib_0002;20230501;10,70;0,00;D;AT/30;A;20230724
AT;Achats Tiime;AT/30;20220207;40100000;CompteLib_0003;FBRICODEPOT;BRICO DEPOT;22B13;20220207;EcritureLib_0002;20230501;0,00;64,17;C;AT/30;P;20230621
AT;Achats Tiime;AT/31;20220209;60630000;CompteLib_0004;;;22B15;20220209;EcritureLib_0003;20230501;23,42;0,00;D;AT/31;;
AT;Achats Tiime;AT/31;20220209;44566000;CompteLib_0002;;;22B15;20220209;EcritureLib_0003;20230501;4,68;0,00;D;AT/31;A;20230724
AT;Achats Tiime;AT/31;20220209;40100000;CompteLib_0003;FBRICODEPOT;BRICO DEPOT;22B15;20220209;EcritureLib_0003;20230501;0,00;28,10;C;AT/31;P;20230621
AT;Achats Tiime;AT/32;20220209;60630000;CompteLib_0004;;;22B14;20220209;EcritureLib_0008;20230501;40,78;0,00;D;AT/32;;
AT;Achats Tiime;AT/32;20220209;44566000;CompteLib_0002;;;22B14;20220209;EcritureLib_0008;20230501;8,16;0,00;D;AT/32;A;20230724
AT;Achats Tiime;AT/32;20220209;40100000;CompteLib_0003;FGET;GET GOODS;22B14;20220209;EcritureLib_0008;20230501;0,00;48,94;C;AT/32;;
AT;Achats Tiime;AT/33;20220210;60630000;CompteLib_0004;;;22B16;20220210;EcritureLib_0003;20230501;5,42;0,00;D;AT/33;;
AT;Achats Tiime;AT/33;20220210;44566000;CompteLib_0002;;;22B16;20220210;EcritureLib_0003;20230501;1,08;0,00;D;AT/33;A;20230724
AT;Achats Tiime;AT/33;20220210;40100000;CompteLib_0003;FBRICODEPOT;BRICO DEPOT;22B16;20220210;EcritureLib_0003;20230501;0,00;6,50;C;AT/33;P;20230621
AT;Achats Tiime;AT/34;20220212;60630000;CompteLib_0004;;;22B18;20220212;EcritureLib_0003;20230501;93,58;0,00;D;AT/34;;
AT;Achats Tiime;AT/34;20220212;44566000;CompteLib_0002;;;22B18;20220212;EcritureLib_0003;20230501;18,72;0,00;D;AT/34;A;20230724
AT;Achats Tiime;AT/34;20220212;40100000;CompteLib_0003;FBRICODEPOT;BRICO DEPOT;22B18;20220212;EcritureLib_0003;20230501;0,00;112,30;C;AT/34;P;20230621
AT;Achats Tiime;AT/35;20220212;60630000;CompteLib_0004;;;22B31;20220212;EcritureLib_0003;20230501;70,87;0,00;D;AT/35;;
AT;Achats Tiime;AT/35;20220212;44566000;CompteLib_0002;;;22B31;20220212;EcritureLib_0003;20230501;14,18;0,00;D;AT/35;A;20230724
AT;Achats Tiime;AT/35;20220212;40100000;CompteLib_0003;FBRICODEPOT;BRICO DEPOT;22B31;20220212;EcritureLib_0003;20230501;0,00;85,05;C;AT/35;P;20230621
AT;Achats Tiime;AT/36;20220212;60630000;CompteLib_0004;;;22B17;20220212;EcritureLib_0003;20230501;6,42;0,00;D;AT/36;;
AT;Achats Tiime;AT/36;20220212;44566000;CompteLib_0002;;;22B17;20220212;EcritureLib_0003;20230501;1,28;0,00;D;AT/36;A;20230724
AT;Achats Tiime;AT/36;20220212;40100000;CompteLib_0003;FBRICODEPOT;BRICO DEPOT;22B17;20220212;EcritureLib_0003;20230501;0,00;7,70;C;AT/36;P;20230621
AT;Achats Tiime;AT/37;20220217;60630000;CompteLib_0004;;;22B32;20220217;EcritureLib_0003;20230501;72,25;0,00;D;AT/37;;
AT;Achats Tiime;AT/37;20220217;44566000;CompteLib_0002;;;22B32;20220217;EcritureLib_0003;20230501;14,45;0,00;D;AT/37;A;20230724
AT;Achats Tiime;AT/37;20220217;40100000;CompteLib_0003;FBRICODEPOT;BRICO DEPOT;22B32;20220217;EcritureLib_0003;20230501;0,00;86,70;C;AT/37;P;20230621
AT;Achats Tiime;AT/38;20220219;60630000;CompteLib_0004;;;22B21;20220219;EcritureLib_0003;20230501;97,92;0,00;D;AT/38;;
AT;Achats Tiime;AT/38;20220219;44566000;CompteLib_0002;;;22B21;20220219;EcritureLib_0003;20230501;19,58;0,00;D;AT/38;A;20230724
AT;Achats Tiime;AT/38;20220219;40100000;CompteLib_0003;FBRICODEPOT;BRICO DEPOT;22B21;20220219;EcritureLib_0003;20230501;0,00;117,50;C;AT/38;P;20230621
AT;Achats Tiime;AT/39;20220222;60630000;CompteLib_0004;;;22B22;20220222;EcritureLib_0003;20230501;87,50;0,00;D;AT/39;;
AT;Achats Tiime;AT/39;20220222;44566000;CompteLib_0002;;;22B22;20220222;EcritureLib_0003;20230501;17,50;0,00;D;AT/39;A;20230724
AT;Achats Tiime;AT/39;20220222;40100000;CompteLib_0003;FBRICODEPOT;BRICO DEPOT;22B22;20220222;EcritureLib_0003;20230501;0,00;105,00;C;AT/39;P;20230621
AT;Achats Tiime;AT/40;20220223;60630000;CompteLib_0004;;;22B33;20220223;EcritureLib_0003;20230501;5,00;0,00;D;AT/40;;
AT;Achats Tiime;AT/40;20220223;44566000;CompteLib_0002;;;22B33;20220223;EcritureLib_0003;20230501;1,00;0,00;D;AT/40;A;20230724
AT;Achats Tiime;AT/40;20220223;40100000;CompteLib_0003;FBRICODEPOT;BRICO DEPOT;22B33;20220223;EcritureLib_0003;20230501;0,00;6,00;C;AT/40;P;20230621
AT;Achats Tiime;AT/41;20220223;60630000;CompteLib_0004;;;22B23;20220223;EcritureLib_0003;20230501;185,08;0,00;D;AT/41;;
AT;Achats Tiime;AT/41;20220223;44566000;CompteLib_0002;;;22B23;20220223;EcritureLib_0003;20230501;37,02;0,00;D;AT/41;A;20230724
AT;Achats Tiime;AT/41;20220223;40100000;CompteLib_0003;FBRICODEPOT;BRICO DEPOT;22B23;20220223;EcritureLib_0003;20230501;0,00;222,10;C;AT/41;P;20230621
AT;Achats Tiime;AT/42;20220223;60630000;CompteLib_0004;;;22B24;20220223;EcritureLib_0003;20230501;55,91;0,00;D;AT/42;;
AT;Achats Tiime;AT/42;20220223;44566000;CompteLib_0002;;;22B24;20220223;EcritureLib_0003;20230501;11,18;0,00;D;AT/42;A;20230724
AT;Achats Tiime;AT/42;20220223;40100000;CompteLib_0003;FBRICODEPOT;BRICO DEPOT;22B24;20220223;EcritureLib_0003;20230501;0,00;67,09;C;AT/42;P;20230621
AT;Achats Tiime;AT/43;20220224;60630000;CompteLib_0004;;;22B26;20220224;EcritureLib_0003;20230501;24,75;0,00;D;AT/43;;
AT;Achats Tiime;AT/43;20220224;44566000;CompteLib_0002;;;22B26;20220224;EcritureLib_0003;20230501;4,95;0,00;D;AT/43;A;20230724
AT;Achats Tiime;AT/43;20220224;40100000;CompteLib_0003;FBRICODEPOT;BRICO DEPOT;22B26;20220224;EcritureLib_0003;20230501;0,00;29,70;C;AT/43;P;20230621
AT;Achats Tiime;AT/44;20220228;60630000;CompteLib_0004;;;22B27;20220228;EcritureLib_0009;20230501;56,58;0,00;D;AT/44;;
AT;Achats Tiime;AT/44;20220228;44566000;CompteLib_0002;;;22B27;20220228;EcritureLib_0009;20230501;11,32;0,00;D;AT/44;A;20230724
AT;Achats Tiime;AT/44;20220228;40100000;CompteLib_0003;FACTION;ACTION;22B27;20220228;EcritureLib_0009;20230501;0,00;67,90;C;AT/44;E;20230501
AT;Achats Tiime;AT/45;20220301;61510000;CompteLib_0005;;;22C10;20220301;EcritureLib_0004;20230501;128,58;0,00;D;AT/45;;
AT;Achats Tiime;AT/45;20220301;44566000;CompteLib_0002;;;22C10;20220301;EcritureLib_0004;20230501;25,72;0,00;D;AT/45;A;20230724
AT;Achats Tiime;AT/45;20220301;40100000;CompteLib_0003;FLEROYM;LEROY MERLIN;22C10;20220301;EcritureLib_0004;20230501;0,00;154,30;C;AT/45;;
AT;Achats Tiime;AT/46;20220302;60630000;CompteLib_0004;;;22C11;20220302;EcritureLib_0003;20230501;11,08;0,00;D;AT/46;;
AT;Achats Tiime;AT/46;20220302;44566000;CompteLib_0002;;;22C11;20220302;EcritureLib_0003;20230501;2,22;0,00;D;AT/46;A;20230724
AT;Achats Tiime;AT/46;20220302;40100000;CompteLib_0003;FBRICODEPOT;BRICO DEPOT;22C11;20220302;EcritureLib_0003;20230501;0,00;13,30;C;AT/46;P;20230621
AT;Achats Tiime;AT/47;20220309;62610000;CompteLib_0012;;;10;20220309;EcritureLib_0010;20230501;40,83;0,00;D;AT/47;;
AT;Achats Tiime;AT/47;20220309;44566000;CompteLib_0002;;;10;20220309;EcritureLib_0010;20230501;8,17;0,00;D;AT/47;A;20230724
AT;Achats Tiime;AT/47;20220309;45500000;CompteLib_0011;;;10;20220309;EcritureLib_0010;20230501;0,00;49,00;C;AT/47;;
AT;Achats Tiime;AT/48;20220309;60616000;CompteLib_0013;;;22C2;20220309;EcritureLib_0011;20230501;93,10;0,00;D;AT/48;;
AT;Achats Tiime;AT/48;20220309;44566000;CompteLib_0002;;;22C2;20220309;EcritureLib_0011;20230501;8,34;0,00;D;AT/48;A;20230724
AT;Achats Tiime;AT/48;20220309;40100000;CompteLib_0003;FEDF;EDF;22C2;20220309;EcritureLib_0011;20230501;0,00;101,44;C;AT/48;C;20230117
AT;Achats Tiime;AT/49;20220312;60630000;CompteLib_0004;;;22C12;20220312;EcritureLib_0003;20230501;32,33;0,00;D;AT/49;;
AT;Achats Tiime;AT/49;20220312;44566000;CompteLib_0002;;;22C12;20220312;EcritureLib_0003;20230501;6,47;0,00;D;AT/49;A;20230724
AT;Achats Tiime;AT/49;20220312;40100000;CompteLib_0003;FBRICODEPOT;BRICO DEPOT;22C12;20220312;EcritureLib_0003;20230501;0,00;38,80;C;AT/49;P;20230621
AT;Achats Tiime;AT/50;20220312;61510000;CompteLib_0005;;;22C13;20220312;EcritureLib_0004;20230501;613,73;0,00;D;AT/50;;
AT;Achats Tiime;AT/50;20220312;44566000;CompteLib_0002;;;22C13;20220312;EcritureLib_0004;20230501;122,75;0,00;D;AT/50;A;20230724
AT;Achats Tiime;AT/50;20220312;40100000;CompteLib_0003;FLEROYM;LEROY MERLIN;22C13;20220312;EcritureLib_0004;20230501;0,00;736,48;C;AT/50;;
AT;Achats Tiime;AT/51;20220314;61510000;CompteLib_0005;;;22C15;20220314;EcritureLib_0004;20230501;141,50;0,00;D;AT/51;;
AT;Achats Tiime;AT/51;20220314;44566000;CompteLib_0002;;;22C15;20220314;EcritureLib_0004;20230501;28,30;0,00;D;AT/51;A;20230724
AT;Achats Tiime;AT/51;20220314;40100000;CompteLib_0003;FLEROYM;LEROY MERLIN;22C15;20220314;EcritureLib_0004;20230501;0,00;169,80;C;AT/51;;
AT;Achats Tiime;AT/52;20220314;60630000;CompteLib_0004;;;22C14;20220314;EcritureLib_0003;20230501;53,00;0,00;D;AT/52;;
AT;Achats Tiime;AT/52;20220314;44566000;CompteLib_0002;;;22C14;20220314;EcritureLib_0003;20230501;10,60;0,00;D;AT/52;A;20230724
AT;Achats Tiime;AT/52;20220314;40100000;CompteLib_0003;FBRICODEPOT;BRICO DEPOT;22C14;20220314;EcritureLib_0003;20230501;0,00;63,60;C;AT/52;P;20230621
AT;Achats Tiime;AT/53;20220314;60100000;CompteLib_0010;;;22C5;20220314;EcritureLib_0012;20230501;29,17;0,00;D;AT/53;;
AT;Achats Tiime;AT/53;20220314;44566000;CompteLib_0002;;;22C5;20220314;EcritureLib_0012;20230501;5,83;0,00;D;AT/53;A;20230724
AT;Achats Tiime;AT/53;20220314;40100000;CompteLib_0003;FMONSIEURG;MONSIEUR GLACONS;22C5;20220314;EcritureLib_0012;20230501;0,00;35,00;C;AT/53;A;20230124
AT;Achats Tiime;AT/54;20220318;62610000;CompteLib_0012;;;1678289120;20220318;EcritureLib_0013;20230501;62,49;0,00;D;AT/54;;
AT;Achats Tiime;AT/54;20220318;44566000;CompteLib_0002;;;1678289120;20220318;EcritureLib_0013;20230501;12,50;0,00;D;AT/54;A;20230724
AT;Achats Tiime;AT/54;20220318;40100000;CompteLib_0003;FSFR;SFR;1678289120;20220318;EcritureLib_0013;20230501;0,00;74,99;C;AT/54;F;20230119
AT;Achats Tiime;AT/55;20220329;60100000;CompteLib_0010;;;22C7;20220329;EcritureLib_0012;20230501;29,17;0,00;D;AT/55;;
AT;Achats Tiime;AT/55;20220329;44566000;CompteLib_0002;;;22C7;20220329;EcritureLib_0012;20230501;5,83;0,00;D;AT/55;A;20230724
AT;Achats Tiime;AT/55;20220329;40100000;CompteLib_0003;FMONSIEURG;MONSIEUR GLACONS;22C7;20220329;EcritureLib_0012;20230501;0,00;35,00;C;AT/55;A;20230124
AT;Achats Tiime;AT/56;20220331;60100000;CompteLib_0010;;;22C9;20220331;EcritureLib_0012;20230501;29,17;0,00;D;AT/56;;
AT;Achats Tiime;AT/56;20220331;44566000;CompteLib_0002;;;22C9;20220331;EcritureLib_0012;20230501;5,83;0,00;D;AT/56;A;20230724
AT;Achats Tiime;AT/56;20220331;40100000;CompteLib_0003;FMONSIEURG;MONSIEUR GLACONS;22C9;20220331;EcritureLib_0012;20230501;0,00;35,00;C;AT/56;A;20230124
AT;Achats Tiime;AT/57;20220331;60100000;CompteLib_0010;;;22C8;20220331;EcritureLib_0014;20230501;29,17;0,00;D;AT/57;;
AT;Achats Tiime;AT/57;20220331;44566000;CompteLib_0002;;;22C8;20220331;EcritureLib_0014;20230501;5,83;0,00;D;AT/57;A;20230724
AT;Achats Tiime;AT/57;20220331;40100000;CompteLib_0003;FMONSIEURG;MONSIEUR GLACONS;22C8;20220331;EcritureLib_0014;20230501;0,00;35,00;C;AT/57;A;20230124
AT;Achats Tiime;AT/58;20220409;60630000;CompteLib_0004;;;0/0(013)0040/000528;20220409;EcritureLib_0015;20230501;110,00;0,00;D;AT/58;;
AT;Achats Tiime;AT/58;20220409;44566000;CompteLib_0002;;;0/0(013)0040/000528;20220409;EcritureLib_0015;20230501;22,00;0,00;D;AT/58;A;20230724
AT;Achats Tiime;AT/58;20220409;40100000;CompteLib_0003;FMETRO;METRO;0/0(013)0040/000528;20220409;EcritureLib_0015;20230501;0,00;132,00;C;AT/58;BB;20230501
AT;Achats Tiime;AT/59;20220409;60630000;CompteLib_0004;;;22D97;20220409;EcritureLib_0003;20230501;84,08;0,00;D;AT/59;;
AT;Achats Tiime;AT/59;20220409;44566000;CompteLib_0002;;;22D97;20220409;EcritureLib_0003;20230501;16,82;0,00;D;AT/59;A;20230724
AT;Achats Tiime;AT/59;20220409;40100000;CompteLib_0003;FBRICODEPOT;BRICO DEPOT;22D97;20220409;EcritureLib_0003;20230501;0,00;100,90;C;AT/59;P;20230621
AT;Achats Tiime;AT/60;20220412;60630000;CompteLib_0004;;;13863016243710BF;20220412;EcritureLib_0016;20230501;5,04;0,00;D;AT/60;;
AT;Achats Tiime;AT/60;20220412;44566000;CompteLib_0002;;;13863016243710BF;20220412;EcritureLib_0016;20230501;1,01;0,00;D;AT/60;A;20230724
AT;Achats Tiime;AT/60;20220412;40100000;CompteLib_0003;FCARREFOUR;CARREFOUR;13863016243710BF;20220412;EcritureLib_0016;20230501;0,00;6,05;C;AT/60;C;20230501
AT;Achats Tiime;AT/61;20220412;60630000;CompteLib_0004;;;22D99;20220412;EcritureLib_0003;20230501;7,00;0,00;D;AT/61;;
AT;Achats Tiime;AT/61;20220412;44566000;CompteLib_0002;;;22D99;20220412;EcritureLib_0003;20230501;1,40;0,00;D;AT/61;A;20230724
AT;Achats Tiime;AT/61;20220412;40100000;CompteLib_0003;FBRICODEPOT;BRICO DEPOT;22D99;20220412;EcritureLib_0003;20230501;0,00;8,40;C;AT/61;P;20230621
AT;Achats Tiime;AT/62;20220413;60630000;CompteLib_0004;;;22D102;20220413;EcritureLib_0003;20230501;6,75;0,00;D;AT/62;;
AT;Achats Tiime;AT/62;20220413;44566000;CompteLib_0002;;;22D102;20220413;EcritureLib_0003;20230501;1,35;0,00;D;AT/62;A;20230724
AT;Achats Tiime;AT/62;20220413;40100000;CompteLib_0003;FBRICODEPOT;BRICO DEPOT;22D102;20220413;EcritureLib_0003;20230501;0,00;8,10;C;AT/62;P;20230621
AT;Achats Tiime;AT/63;20220413;61560000;CompteLib_0014;;;22D101;20220413;EcritureLib_0017;20230501;283,00;0,00;D;AT/63;;
AT;Achats Tiime;AT/63;20220413;44566000;CompteLib_0002;;;22D101;20220413;EcritureLib_0017;20230501;56,60;0,00;D;AT/63;A;20230724
AT;Achats Tiime;AT/63;20220413;40100000;CompteLib_0003;FCHUBB;CHUBB;22D101;20220413;EcritureLib_0017;20230501;0,00;339,60;C;AT/63;;
AT;Achats Tiime;AT/64;20220414;62310000;CompteLib_0015;;;22D88;20220414;EcritureLib_0018;20230501;60,00;0,00;D;AT/64;;
AT;Achats Tiime;AT/64;20220414;44566000;CompteLib_0002;;;22D88;20220414;EcritureLib_0018;20230501;12,00;0,00;D;AT/64;A;20230724
AT;Achats Tiime;AT/64;20220414;40100000;CompteLib_0003;FPARTOO;PARTOO;22D88;20220414;EcritureLib_0018;20230501;0,00;72,00;C;AT/64;B;20230117
AT;Achats Tiime;AT/65;20220415;61510000;CompteLib_0005;;;22D103;20220415;EcritureLib_0004;20230501;88,17;0,00;D;AT/65;;
AT;Achats Tiime;AT/65;20220415;44566000;CompteLib_0002;;;22D103;20220415;EcritureLib_0004;20230501;17,63;0,00;D;AT/65;A;20230724
AT;Achats Tiime;AT/65;20220415;40100000;CompteLib_0003;FLEROYM;LEROY MERLIN;22D103;20220415;EcritureLib_0004;20230501;0,00;105,80;C;AT/65;;
AT;Achats Tiime;AT/66;20220416;60630000;CompteLib_0004;;;22D116;20220416;EcritureLib_0003;20230501;31,96;0,00;D;AT/66;;
AT;Achats Tiime;AT/66;20220416;44566000;CompteLib_0002;;;22D116;20220416;EcritureLib_0003;20230501;6,39;0,00;D;AT/66;A;20230724
AT;Achats Tiime;AT/66;20220416;40100000;CompteLib_0003;FBRICODEPOT;BRICO DEPOT;22D116;20220416;EcritureLib_0003;20230501;0,00;38,35;C;AT/66;P;20230621
AT;Achats Tiime;AT/67;20220418;61510000;CompteLib_0005;;;22D105;20220418;EcritureLib_0004;20230501;14,83;0,00;D;AT/67;;
AT;Achats Tiime;AT/67;20220418;44566000;CompteLib_0002;;;22D105;20220418;EcritureLib_0004;20230501;2,97;0,00;D;AT/67;A;20230724
AT;Achats Tiime;AT/67;20220418;40100000;CompteLib_0003;FLEROYM;LEROY MERLIN;22D105;20220418;EcritureLib_0004;20230501;0,00;17,80;C;AT/67;;
AT;Achats Tiime;AT/68;20220418;62610000;CompteLib_0012;;;1684812035;20220418;EcritureLib_0013;20230501;21,66;0,00;D;AT/68;;
AT;Achats Tiime;AT/68;20220418;44566000;CompteLib_0002;;;1684812035;20220418;EcritureLib_0013;20230501;4,33;0,00;D;AT/68;A;20230724
AT;Achats Tiime;AT/68;20220418;40100000;CompteLib_0003;FSFR;SFR;1684812035;20220418;EcritureLib_0013;20230501;0,00;25,99;C;AT/68;G;20230119
AT;Achats Tiime;AT/69;20220419;61510000;CompteLib_0005;;;22D106;20220419;EcritureLib_0004;20230501;33,63;0,00;D;AT/69;;
AT;Achats Tiime;AT/69;20220419;44566000;CompteLib_0002;;;22D106;20220419;EcritureLib_0004;20230501;6,73;0,00;D;AT/69;A;20230724
AT;Achats Tiime;AT/69;20220419;40100000;CompteLib_0003;FLEROYM;LEROY MERLIN;22D106;20220419;EcritureLib_0004;20230501;0,00;40,36;C;AT/69;;
AT;Achats Tiime;AT/70;20220421;60630000;CompteLib_0004;;;22D107;20220421;EcritureLib_0003;20230501;40,75;0,00;D;AT/70;;
AT;Achats Tiime;AT/70;20220421;44566000;CompteLib_0002;;;22D107;20220421;EcritureLib_0003;20230501;8,15;0,00;D;AT/70;A;20230724
AT;Achats Tiime;AT/70;20220421;40100000;CompteLib_0003;FBRICODEPOT;BRICO DEPOT;22D107;20220421;EcritureLib_0003;20230501;0,00;48,90;C;AT/70;P;20230621
AT;Achats Tiime;AT/71;20220422;60630000;CompteLib_0004;;;22D117;20220422;EcritureLib_0009;20230501;41,62;0,00;D;AT/71;;
AT;Achats Tiime;AT/71;20220422;44566000;CompteLib_0002;;;22D117;20220422;EcritureLib_0009;20230501;8,32;0,00;D;AT/71;A;20230724
AT;Achats Tiime;AT/71;20220422;40100000;CompteLib_0003;FACTION;ACTION;22D117;20220422;EcritureLib_0009;20230501;0,00;49,94;C;AT/71;E;20230501
AT;Achats Tiime;AT/72;20220423;60630000;CompteLib_0004;;;22D110;20220423;EcritureLib_0003;20230501;12,50;0,00;D;AT/72;;
AT;Achats Tiime;AT/72;20220423;44566000;CompteLib_0002;;;22D110;20220423;EcritureLib_0003;20230501;2,50;0,00;D;AT/72;A;20230724
AT;Achats Tiime;AT/72;20220423;40100000;CompteLib_0003;FBRICODEPOT;BRICO DEPOT;22D110;20220423;EcritureLib_0003;20230501;0,00;15,00;C;AT/72;P;20230621
AT;Achats Tiime;AT/73;20220423;61510000;CompteLib_0005;;;22D109;20220423;EcritureLib_0004;20230501;24,75;0,00;D;AT/73;;
AT;Achats Tiime;AT/73;20220423;44566000;CompteLib_0002;;;22D109;20220423;EcritureLib_0004;20230501;4,95;0,00;D;AT/73;A;20230724
AT;Achats Tiime;AT/73;20220423;40100000;CompteLib_0003;FLEROYM;LEROY MERLIN;22D109;20220423;EcritureLib_0004;20230501;0,00;29,70;C;AT/73;;
AT;Achats Tiime;AT/74;20220423;60100000;CompteLib_0010;;;22D95;20220423;EcritureLib_0019;20230501;381,19;0,00;D;AT/74;;
AT;Achats Tiime;AT/74;20220423;44566000;CompteLib_0002;;;22D95;20220423;EcritureLib_0019;20230501;40,55;0,00;D;AT/74;A;20230724
AT;Achats Tiime;AT/74;20220423;40100000;CompteLib_0003;FINTERRESTO;INTERRESTO;22D95;20220423;EcritureLib_0019;20230501;0,00;421,74;C;AT/74;AA;20230124
AT;Achats Tiime;AT/75;20220423;60100000;CompteLib_0010;;;22D90;20220423;EcritureLib_0020;20230501;75,74;0,00;D;AT/75;;
AT;Achats Tiime;AT/75;20220423;44566000;CompteLib_0002;;;22D90;20220423;EcritureLib_0020;20230501;4,17;0,00;D;AT/75;A;20230724
AT;Achats Tiime;AT/75;20220423;40100000;CompteLib_0003;FMETRO;METRO;22D90;20220423;EcritureLib_0020;20230501;0,00;79,91;C;AT/75;P;20230116
AT;Achats Tiime;AT/76;20220425;60630000;CompteLib_0004;;;22D118;20220425;EcritureLib_0020;20230501;180,87;0,00;D;AT/76;;
AT;Achats Tiime;AT/76;20220425;44566000;CompteLib_0002;;;22D118;20220425;EcritureLib_0020;20230501;36,17;0,00;D;AT/76;A;20230724
AT;Achats Tiime;AT/76;20220425;40100000;CompteLib_0003;FMETRO;METRO;22D118;20220425;EcritureLib_0020;20230501;0,00;217,04;C;AT/76;BB;20230501
AT;Achats Tiime;AT/77;20220425;60630000;CompteLib_0004;;;061202204210153;20220425;EcritureLib_0021;20230501;119,07;0,00;D;AT/77;;
AT;Achats Tiime;AT/77;20220425;44566000;CompteLib_0002;;;061202204210153;20220425;EcritureLib_0021;20230501;23,81;0,00;D;AT/77;A;20230724
AT;Achats Tiime;AT/77;20220425;40100000;CompteLib_0003;FAUCHAN;AUCHAN;061202204210153;20220425;EcritureLib_0021;20230501;0,00;142,88;C;AT/77;U;20230501
AT;Achats Tiime;AT/78;20220429;60100000;CompteLib_0010;;;22D96;20220429;EcritureLib_0022;20230501;34,00;0,00;D;AT/78;;
AT;Achats Tiime;AT/78;20220429;44566000;CompteLib_0002;;;22D96;20220429;EcritureLib_0022;20230501;1,87;0,00;D;AT/78;A;20230724
AT;Achats Tiime;AT/78;20220429;40100000;CompteLib_0003;FINTERRESTO;INTERRESTO;22D96;20220429;EcritureLib_0022;20230501;0,00;35,87;C;AT/78;W;20230121
AT;Achats Tiime;AT/79;20220429;60100000;CompteLib_0010;;;22D113;20220429;EcritureLib_0020;20230501;199,29;0,00;D;AT/79;;
AT;Achats Tiime;AT/79;20220429;44566000;CompteLib_0002;;;22D113;20220429;EcritureLib_0020;20230501;10,96;0,00;D;AT/79;A;20230724
AT;Achats Tiime;AT/79;20220429;40100000;CompteLib_0003;FMETRO;METRO;22D113;20220429;EcritureLib_0020;20230501;0,00;210,25;C;AT/79;BA;20230501
AT;Achats Tiime;AT/80;20220501;60630000;CompteLib_0004;;;276;20220501;EcritureLib_0023;20230501;27,15;0,00;D;AT/80;;
AT;Achats Tiime;AT/80;20220501;44566000;CompteLib_0002;;;276;20220501;EcritureLib_0023;20230501;2,18;0,00;D;AT/80;A;20230724
AT;Achats Tiime;AT/80;20220501;40100000;CompteLib_0003;FINTERRESTO;INTERRESTO;276;20220501;EcritureLib_0023;20230501;0,00;29,33;C;AT/80;BR;20230720
AT;Achats Tiime;AT/81;20220501;60100000;CompteLib_0010;;;22E248;20220501;EcritureLib_0024;20230501;27,15;0,00;D;AT/81;;
AT;Achats Tiime;AT/81;20220501;44566000;CompteLib_0002;;;22E248;20220501;EcritureLib_0024;20230501;2,18;0,00;D;AT/81;A;20230724
AT;Achats Tiime;AT/81;20220501;40100000;CompteLib_0003;FINTERRESTO;INTERRESTO;22E248;20220501;EcritureLib_0024;20230501;0,00;29,33;C;AT/81;U;20230120
AT;Achats Tiime;AT/82;20220502;60630000;CompteLib_0004;;;22E285;20220502;EcritureLib_0015;20230501;45,02;0,00;D;AT/82;;
AT;Achats Tiime;AT/82;20220502;44566000;CompteLib_0002;;;22E285;20220502;EcritureLib_0015;20230501;7,39;0,00;D;AT/82;A;20230724
AT;Achats Tiime;AT/82;20220502;40100000;CompteLib_0003;FMETRO;METRO;22E285;20220502;EcritureLib_0015;20230501;0,00;52,41;C;AT/82;BB;20230501
AT;Achats Tiime;AT/83;20220502;60100000;CompteLib_0010;;;22E250;20220502;EcritureLib_0025;20230501;88,49;0,00;D;AT/83;;
AT;Achats Tiime;AT/83;20220502;44566000;CompteLib_0002;;;22E250;20220502;EcritureLib_0025;20230501;17,70;0,00;D;AT/83;A;20230724
AT;Achats Tiime;AT/83;20220502;40100000;CompteLib_0003;FMARCALI;MARCALI;22E250;20220502;EcritureLib_0025;20230501;0,00;106,19;C;AT/83;D;20230119
AT;Achats Tiime;AT/84;20220510;40100000;CompteLib_0003;FUBER;UBER;31;20220510;EcritureLib_0006;20230501;199,33;0,00;D;AT/84;A;20230131
AT;Achats Tiime;AT/84;20220510;51100001;CompteLib_0009;;;31;20220510;EcritureLib_0006;20230501;0,00;199,33;C;AT/84;;
AT;Achats Tiime;AT/85;20220510;62211000;CompteLib_0008;;;22E252;20220510;EcritureLib_0006;20230501;166,11;0,00;D;AT/85;;
AT;Achats Tiime;AT/85;20220510;44566000;CompteLib_0002;;;22E252;20220510;EcritureLib_0006;20230501;33,22;0,00;D;AT/85;A;20230724
AT;Achats Tiime;AT/85;20220510;40100000;CompteLib_0003;FUBER;UBER;22E252;20220510;EcritureLib_0006;20230501;0,00;199,33;C;AT/85;A;20230131
AT;Achats Tiime;AT/86;20220512;60630000;CompteLib_0004;;;22E294;20220512;EcritureLib_0015;20230501;147,07;0,00;D;AT/86;;
AT;Achats Tiime;AT/86;20220512;44566000;CompteLib_0002;;;22E294;20220512;EcritureLib_0015;20230501;29,41;0,00;D;AT/86;A;20230724
AT;Achats Tiime;AT/86;20220512;40100000;CompteLib_0003;FMETRO;METRO;22E294;20220512;EcritureLib_0015;20230501;0,00;176,48;C;AT/86;BB;20230501
AT;Achats Tiime;AT/87;20220513;60100000;CompteLib_0010;;;22E254;20220513;EcritureLib_0022;20230501;24,70;0,00;D;AT/87;;
AT;Achats Tiime;AT/87;20220513;44566000;CompteLib_0002;;;22E254;20220513;EcritureLib_0022;20230501;4,94;0,00;D;AT/87;A;20230724
AT;Achats Tiime;AT/87;20220513;40100000;CompteLib_0003;FINTERRESTO;INTERRESTO;22E254;20220513;EcritureLib_0022;20230501;0,00;29,64;C;AT/87;Y;20230121
AT;Achats Tiime;AT/88;20220514;62310000;CompteLib_0015;;;22E211;20220514;EcritureLib_0018;20230501;60,00;0,00;D;AT/88;;
AT;Achats Tiime;AT/88;20220514;44566000;CompteLib_0002;;;22E211;20220514;EcritureLib_0018;20230501;12,00;0,00;D;AT/88;A;20230724
AT;Achats Tiime;AT/88;20220514;40100000;CompteLib_0003;FPARTOO;PARTOO;22E211;20220514;EcritureLib_0018;20230501;0,00;72,00;C;AT/88;A;20230117
AT;Achats Tiime;AT/89;20220514;60630000;CompteLib_0004;;;22E278;20220514;EcritureLib_0009;20230501;76,41;0,00;D;AT/89;;
AT;Achats Tiime;AT/89;20220514;44566000;CompteLib_0002;;;22E278;20220514;EcritureLib_0009;20230501;15,28;0,00;D;AT/89;A;20230724
AT;Achats Tiime;AT/89;20220514;40100000;CompteLib_0003;FACTION;ACTION;22E278;20220514;EcritureLib_0009;20230501;0,00;91,69;C;AT/89;E;20230501
AT;Achats Tiime;AT/90;20220515;40100000;CompteLib_0003;FJUST;JUST EAT;13;20220515;EcritureLib_0026;20230501;24,32;0,00;D;AT/90;B;20230501
AT;Achats Tiime;AT/90;20220515;51100002;CompteLib_0016;;;13;20220515;EcritureLib_0026;20230501;0,00;24,32;C;AT/90;;
AT;Achats Tiime;AT/91;20220515;62213000;CompteLib_0017;;;22E255;20220515;EcritureLib_0026;20230501;20,27;0,00;D;AT/91;;
AT;Achats Tiime;AT/91;20220515;44566000;CompteLib_0002;;;22E255;20220515;EcritureLib_0026;20230501;4,05;0,00;D;AT/91;A;20230724
AT;Achats Tiime;AT/91;20220515;40100000;CompteLib_0003;FJUST;JUST EAT;22E255;20220515;EcritureLib_0026;20230501;0,00;24,32;C;AT/91;B;20230501
AT;Achats Tiime;AT/92;20220517;40100000;CompteLib_0003;FUBER;UBER;30;20220517;EcritureLib_0006;20230501;237,64;0,00;D;AT/92;A;20230131
AT;Achats Tiime;AT/92;20220517;51100001;CompteLib_0009;;;30;20220517;EcritureLib_0006;20230501;0,00;237,64;C;AT/92;;
AT;Achats Tiime;AT/93;20220517;62211000;CompteLib_0008;;;22E257;20220517;EcritureLib_0006;20230501;198,03;0,00;D;AT/93;;
AT;Achats Tiime;AT/93;20220517;44566000;CompteLib_0002;;;22E257;20220517;EcritureLib_0006;20230501;39,61;0,00;D;AT/93;A;20230724
AT;Achats Tiime;AT/93;20220517;40100000;CompteLib_0003;FUBER;UBER;22E257;20220517;EcritureLib_0006;20230501;0,00;237,64;C;AT/93;A;20230131
AT;Achats Tiime;AT/94;20220517;61320000;CompteLib_0018;;;22E256;20220517;EcritureLib_0027;20230501;600,00;0,00;D;AT/94;;
AT;Achats Tiime;AT/94;20220517;40100000;CompteLib_0003;FPMOREAU;PIERRE MOREAU;22E256;20220517;EcritureLib_0027;20230501;0,00;600,00;C;AT/94;A;20230124
AT;Achats Tiime;AT/95;20220518;62610000;CompteLib_0012;;;1693059797;20220518;EcritureLib_0013;20230501;41,07;0,00;D;AT/95;;
AT;Achats Tiime;AT/95;20220518;44566000;CompteLib_0002;;;1693059797;20220518;EcritureLib_0013;20230501;8,21;0,00;D;AT/95;A;20230724
AT;Achats Tiime;AT/95;20220518;40100000;CompteLib_0003;FSFR;SFR;1693059797;20220518;EcritureLib_0013;20230501;0,00;49,28;C;AT/95;D;20230119
AT;Achats Tiime;AT/96;20220520;60100000;CompteLib_0010;;;22E221;20220520;EcritureLib_0024;20230501;134,69;0,00;D;AT/96;;
AT;Achats Tiime;AT/96;20220520;44566000;CompteLib_0002;;;22E221;20220520;EcritureLib_0024;20230501;7,76;0,00;D;AT/96;A;20230724
AT;Achats Tiime;AT/96;20220520;40100000;CompteLib_0003;FINTERRESTO;INTERRESTO;22E221;20220520;EcritureLib_0024;20230501;0,00;142,45;C;AT/96;P;20221221
AT;Achats Tiime;AT/97;20220521;60630000;CompteLib_0004;;;22E223;20220521;EcritureLib_0009;20230501;12,72;0,00;D;AT/97;;
AT;Achats Tiime;AT/97;20220521;44566000;CompteLib_0002;;;22E223;20220521;EcritureLib_0009;20230501;2,54;0,00;D;AT/97;A;20230724
AT;Achats Tiime;AT/97;20220521;40100000;CompteLib_0003;FACTION;ACTION;22E223;20220521;EcritureLib_0009;20230501;0,00;15,26;C;AT/97;A;20221221
AT;Achats Tiime;AT/98;20220521;60100000;CompteLib_0010;;;22E222;20220521;EcritureLib_0019;20230501;69,65;0,00;D;AT/98;;
AT;Achats Tiime;AT/98;20220521;44566000;CompteLib_0002;;;22E222;20220521;EcritureLib_0019;20230501;4,44;0,00;D;AT/98;A;20230724
AT;Achats Tiime;AT/98;20220521;40100000;CompteLib_0003;FINTERRESTO;INTERRESTO;22E222;20220521;EcritureLib_0019;20230501;0,00;74,09;C;AT/98;Q;20221221
AT;Achats Tiime;AT/99;20220522;62213000;CompteLib_0017;;;22E260;20220522;EcritureLib_0026;20230501;38,79;0,00;D;AT/99;;
AT;Achats Tiime;AT/99;20220522;44566000;CompteLib_0002;;;22E260;20220522;EcritureLib_0026;20230501;7,76;0,00;D;AT/99;A;20230724
AT;Achats Tiime;AT/99;20220522;40100000;CompteLib_0003;FJUST;JUST EAT;22E260;20220522;EcritureLib_0026;20230501;0,00;46,55;C;AT/99;B;20230501
AT;Achats Tiime;AT/100;20220522;40100000;CompteLib_0003;FJUST;JUST EAT;12;20220522;EcritureLib_0026;20230501;46,55;0,00;D;AT/100;B;20230501
AT;Achats Tiime;AT/100;20220522;51100002;CompteLib_0016;;;12;20220522;EcritureLib_0026;20230501;0,00;46,55;C;AT/100;;
AT;Achats Tiime;AT/101;20220523;60100000;CompteLib_0010;;;22E227;20220523;EcritureLib_0025;20230501;31,76;0,00;D;AT/101;;
AT;Achats Tiime;AT/101;20220523;44566000;CompteLib_0002;;;22E227;20220523;EcritureLib_0025;20230501;4,54;0,00;D;AT/101;A;20230724
AT;Achats Tiime;AT/101;20220523;40100000;CompteLib_0003;FMARCALI;MARCALI;22E227;20220523;EcritureLib_0025;20230501;0,00;36,30;C;AT/101;B;20221221
AT;Achats Tiime;AT/102;20220523;60100000;CompteLib_0010;;;22E261;20220523;EcritureLib_0012;20230501;29,17;0,00;D;AT/102;;
AT;Achats Tiime;AT/102;20220523;44566000;CompteLib_0002;;;22E261;20220523;EcritureLib_0012;20230501;5,83;0,00;D;AT/102;A;20230724
AT;Achats Tiime;AT/102;20220523;40100000;CompteLib_0003;FMONSIEURG;MONSIEUR GLACONS;22E261;20220523;EcritureLib_0012;20230501;0,00;35,00;C;AT/102;A;20230124
AT;Achats Tiime;AT/103;20220525;40100000;CompteLib_0003;FUBER;UBER;29;20220525;EcritureLib_0006;20230501;435,32;0,00;D;AT/103;A;20230131
AT;Achats Tiime;AT/103;20220525;51100001;CompteLib_0009;;;29;20220525;EcritureLib_0006;20230501;0,00;435,32;C;AT/103;;
AT;Achats Tiime;AT/104;20220525;60615000;CompteLib_0019;;;22E233;20220525;EcritureLib_0028;20230501;139,98;0,00;D;AT/104;;
AT;Achats Tiime;AT/104;20220525;40100000;CompteLib_0003;FEAU;EAU DU VALENCIENNOIS;22E233;20220525;EcritureLib_0028;20230501;0,00;139,98;C;AT/104;A;20221221
AT;Achats Tiime;AT/105;20220525;62211000;CompteLib_0008;;;22E264;20220525;EcritureLib_0006;20230501;362,77;0,00;D;AT/105;;
AT;Achats Tiime;AT/105;20220525;44566000;CompteLib_0002;;;22E264;20220525;EcritureLib_0006;20230501;72,55;0,00;D;AT/105;A;20230724
AT;Achats Tiime;AT/105;20220525;40100000;CompteLib_0003;FUBER;UBER;22E264;20220525;EcritureLib_0006;20230501;0,00;435,32;C;AT/105;A;20230131
AT;Achats Tiime;AT/106;20220529;62213000;CompteLib_0017;;;22E266;20220529;EcritureLib_0026;20230501;38,61;0,00;D;AT/106;;
AT;Achats Tiime;AT/106;20220529;44566000;CompteLib_0002;;;22E266;20220529;EcritureLib_0026;20230501;7,72;0,00;D;AT/106;A;20230724
AT;Achats Tiime;AT/106;20220529;40100000;CompteLib_0003;FJUST;JUST EAT;22E266;20220529;EcritureLib_0026;20230501;0,00;46,33;C;AT/106;B;20230501
AT;Achats Tiime;AT/107;20220529;40100000;CompteLib_0003;FJUST;JUST EAT;11;20220529;EcritureLib_0026;20230501;46,33;0,00;D;AT/107;B;20230501
AT;Achats Tiime;AT/107;20220529;51100002;CompteLib_0016;;;11;20220529;EcritureLib_0026;20230501;0,00;46,33;C;AT/107;;
AT;Achats Tiime;AT/108;20220530;60100000;CompteLib_0010;;;22E245;20220530;EcritureLib_0029;20230501;36,05;0,00;D;AT/108;;
AT;Achats Tiime;AT/108;20220530;44566000;CompteLib_0002;;;22E245;20220530;EcritureLib_0029;20230501;2,98;0,00;D;AT/108;A;20230724
AT;Achats Tiime;AT/108;20220530;40100000;CompteLib_0003;FLECLERC;LECLERC;22E245;20220530;EcritureLib_0029;20230501;0,00;39,03;C;AT/108;A;20221221
AT;Achats Tiime;AT/109;20220531;40100000;CompteLib_0003;FUBER;UBER;28;20220531;EcritureLib_0006;20230501;263,72;0,00;D;AT/109;A;20230131
AT;Achats Tiime;AT/109;20220531;51100001;CompteLib_0009;;;28;20220531;EcritureLib_0006;20230501;0,00;263,72;C;AT/109;;
AT;Achats Tiime;AT/110;20220531;62211000;CompteLib_0008;;;22E267;20220531;EcritureLib_0006;20230501;219,77;0,00;D;AT/110;;
AT;Achats Tiime;AT/110;20220531;44566000;CompteLib_0002;;;22E267;20220531;EcritureLib_0006;20230501;43,95;0,00;D;AT/110;A;20230724
AT;Achats Tiime;AT/110;20220531;40100000;CompteLib_0003;FUBER;UBER;22E267;20220531;EcritureLib_0006;20230501;0,00;263,72;C;AT/110;A;20230131
AT;Achats Tiime;AT/111;20220601;60100000;CompteLib_0010;;;22F412;20220601;EcritureLib_0015;20230501;129,01;0,00;D;AT/111;;
AT;Achats Tiime;AT/111;20220601;44566000;CompteLib_0002;;;22F412;20220601;EcritureLib_0015;20230501;7,10;0,00;D;AT/111;A;20230724
AT;Achats Tiime;AT/111;20220601;40100000;CompteLib_0003;FMETRO;METRO;22F412;20220601;EcritureLib_0015;20230501;0,00;136,11;C;AT/111;AI;20230501
AT;Achats Tiime;AT/112;20220603;60100000;CompteLib_0010;;;22F378;20220603;EcritureLib_0030;20230501;18,01;0,00;D;AT/112;;
AT;Achats Tiime;AT/112;20220603;44566000;CompteLib_0002;;;22F378;20220603;EcritureLib_0030;20230501;0,99;0,00;D;AT/112;A;20230724
AT;Achats Tiime;AT/112;20220603;40100000;CompteLib_0003;FHALLES;HALLES DU SUD;22F378;20220603;EcritureLib_0030;20230501;0,00;19,00;C;AT/112;D;20230121
AT;Achats Tiime;AT/113;20220604;60100000;CompteLib_0010;;;22F259;20220604;EcritureLib_0020;20230501;181,84;0,00;D;AT/113;;
AT;Achats Tiime;AT/113;20220604;44566000;CompteLib_0002;;;22F259;20220604;EcritureLib_0020;20230501;12,49;0,00;D;AT/113;A;20230724
AT;Achats Tiime;AT/113;20220604;40100000;CompteLib_0003;FMETRO;METRO;22F259;20220604;EcritureLib_0020;20230501;0,00;194,33;C;AT/113;B;20221221
AT;Achats Tiime;AT/114;20220605;40100000;CompteLib_0003;FJUST;JUST EAT;10;20220605;EcritureLib_0026;20230501;46,92;0,00;D;AT/114;B;20230501
AT;Achats Tiime;AT/114;20220605;51100002;CompteLib_0016;;;10;20220605;EcritureLib_0026;20230501;0,00;46,92;C;AT/114;;
AT;Achats Tiime;AT/115;20220605;62213000;CompteLib_0017;;;22F379;20220605;EcritureLib_0026;20230501;39,10;0,00;D;AT/115;;
AT;Achats Tiime;AT/115;20220605;44566000;CompteLib_0002;;;22F379;20220605;EcritureLib_0026;20230501;7,82;0,00;D;AT/115;A;20230724
AT;Achats Tiime;AT/115;20220605;40100000;CompteLib_0003;FJUST;JUST EAT;22F379;20220605;EcritureLib_0026;20230501;0,00;46,92;C;AT/115;B;20230501
AT;Achats Tiime;AT/116;20220606;60100000;CompteLib_0010;;;22F261;20220606;EcritureLib_0031;20230501;205,11;0,00;D;AT/116;;
AT;Achats Tiime;AT/116;20220606;44566000;CompteLib_0002;;;22F261;20220606;EcritureLib_0031;20230501;11,93;0,00;D;AT/116;A;20230724
AT;Achats Tiime;AT/116;20220606;40100000;CompteLib_0003;FINTERRESTO;INTERRESTO;22F261;20220606;EcritureLib_0031;20230501;0,00;217,04;C;AT/116;D;20221221
AT;Achats Tiime;AT/117;20220607;60100000;CompteLib_0010;;;22F275;20220607;EcritureLib_0020;20230501;48,90;0,00;D;AT/117;;
AT;Achats Tiime;AT/117;20220607;44566000;CompteLib_0002;;;22F275;20220607;EcritureLib_0020;20230501;2,69;0,00;D;AT/117;A;20230724
AT;Achats Tiime;AT/117;20220607;40100000;CompteLib_0003;FMETRO;METRO;22F275;20220607;EcritureLib_0020;20230501;0,00;51,59;C;AT/117;G;20221221
AT;Achats Tiime;AT/118;20220607;60100000;CompteLib_0010;;;22F380;20220607;EcritureLib_0030;20230501;70,14;0,00;D;AT/118;;
AT;Achats Tiime;AT/118;20220607;44566000;CompteLib_0002;;;22F380;20220607;EcritureLib_0030;20230501;3,86;0,00;D;AT/118;A;20230724
AT;Achats Tiime;AT/118;20220607;40100000;CompteLib_0003;FHALLES;HALLES DU SUD;22F380;20220607;EcritureLib_0030;20230501;0,00;74,00;C;AT/118;E;20230121
AT;Achats Tiime;AT/119;20220609;60100000;CompteLib_0010;;;22F285;20220609;EcritureLib_0019;20230501;145,17;0,00;D;AT/119;;
AT;Achats Tiime;AT/119;20220609;44566000;CompteLib_0002;;;22F285;20220609;EcritureLib_0019;20230501;7,98;0,00;D;AT/119;A;20230724
AT;Achats Tiime;AT/119;20220609;40100000;CompteLib_0003;FINTERRESTO;INTERRESTO;22F285;20220609;EcritureLib_0019;20230501;0,00;153,15;C;AT/119;E;20221221
AT;Achats Tiime;AT/120;20220611;60100000;CompteLib_0010;;;22F383;20220611;EcritureLib_0030;20230501;93,36;0,00;D;AT/120;;
AT;Achats Tiime;AT/120;20220611;44566000;CompteLib_0002;;;22F383;20220611;EcritureLib_0030;20230501;5,14;0,00;D;AT/120;A;20230724
AT;Achats Tiime;AT/120;20220611;40100000;CompteLib_0003;FHALLES;HALLES DU SUD;22F383;20220611;EcritureLib_0030;20230501;0,00;98,50;C;AT/120;G;20230121
AT;Achats Tiime;AT/121;20220612;40100000;CompteLib_0003;FJUST;JUST EAT;9;20220612;EcritureLib_0026;20230501;12,24;0,00;D;AT/121;B;20230501
AT;Achats Tiime;AT/121;20220612;51100002;CompteLib_0016;;;9;20220612;EcritureLib_0026;20230501;0,00;12,24;C;AT/121;;
AT;Achats Tiime;AT/122;20220612;62213000;CompteLib_0017;;;22F384;20220612;EcritureLib_0026;20230501;10,20;0,00;D;AT/122;;
AT;Achats Tiime;AT/122;20220612;44566000;CompteLib_0002;;;22F384;20220612;EcritureLib_0026;20230501;2,04;0,00;D;AT/122;A;20230724
AT;Achats Tiime;AT/122;20220612;40100000;CompteLib_0003;FJUST;JUST EAT;22F384;20220612;EcritureLib_0026;20230501;0,00;12,24;C;AT/122;B;20230501
AT;Achats Tiime;AT/123;20220612;60100000;CompteLib_0010;;;22F420;20220612;EcritureLib_0032;20230501;79,00;0,00;D;AT/123;;
AT;Achats Tiime;AT/123;20220612;44566000;CompteLib_0002;;;22F420;20220612;EcritureLib_0032;20230501;4,35;0,00;D;AT/123;A;20230724
AT;Achats Tiime;AT/123;20220612;40100000;CompteLib_0003;FINTERRESTO;INTERRESTO;22F420;20220612;EcritureLib_0032;20230501;0,00;83,35;C;AT/123;BR;20230720
AT;Achats Tiime;AT/124;20220613;60100000;CompteLib_0010;;;22F299;20220613;EcritureLib_0020;20230501;138,78;0,00;D;AT/124;;
AT;Achats Tiime;AT/124;20220613;44566000;CompteLib_0002;;;22F299;20220613;EcritureLib_0020;20230501;9,03;0,00;D;AT/124;A;20230724
AT;Achats Tiime;AT/124;20220613;40100000;CompteLib_0003;FMETRO;METRO;22F299;20220613;EcritureLib_0020;20230501;0,00;147,81;C;AT/124;C;20221221
AT;Achats Tiime;AT/125;20220614;60100000;CompteLib_0010;;;22F306;20220614;EcritureLib_0020;20230501;109,87;0,00;D;AT/125;;
AT;Achats Tiime;AT/125;20220614;44566000;CompteLib_0002;;;22F306;20220614;EcritureLib_0020;20230501;6,04;0,00;D;AT/125;A;20230724
AT;Achats Tiime;AT/125;20220614;40100000;CompteLib_0003;FMETRO;METRO;22F306;20220614;EcritureLib_0020;20230501;0,00;115,91;C;AT/125;O;20230116
AT;Achats Tiime;AT/126;20220614;60630000;CompteLib_0004;;;22F305;20220614;EcritureLib_0003;20230501;8,92;0,00;D;AT/126;;
AT;Achats Tiime;AT/126;20220614;44566000;CompteLib_0002;;;22F305;20220614;EcritureLib_0003;20230501;1,78;0,00;D;AT/126;A;20230724
AT;Achats Tiime;AT/126;20220614;40100000;CompteLib_0003;FBRICODEPOT;BRICO DEPOT;22F305;20220614;EcritureLib_0003;20230501;0,00;10,70;C;AT/126;F;20221221
AT;Achats Tiime;AT/127;20220614;62211000;CompteLib_0008;;;22F387;20220614;EcritureLib_0006;20230501;390,17;0,00;D;AT/127;;
AT;Achats Tiime;AT/127;20220614;44566000;CompteLib_0002;;;22F387;20220614;EcritureLib_0006;20230501;78,03;0,00;D;AT/127;A;20230724
AT;Achats Tiime;AT/127;20220614;40100000;CompteLib_0003;FUBER;UBER;22F387;20220614;EcritureLib_0006;20230501;0,00;468,20;C;AT/127;A;20230131
AT;Achats Tiime;AT/128;20220614;40100000;CompteLib_0003;FUBER;UBER;27;20220614;EcritureLib_0006;20230501;468,20;0,00;D;AT/128;A;20230131
AT;Achats Tiime;AT/128;20220614;51100001;CompteLib_0009;;;27;20220614;EcritureLib_0006;20230501;0,00;468,20;C;AT/128;;
AT;Achats Tiime;AT/129;20220614;60100000;CompteLib_0010;;;22F386;20220614;EcritureLib_0030;20230501;30,11;0,00;D;AT/129;;
AT;Achats Tiime;AT/129;20220614;44566000;CompteLib_0002;;;22F386;20220614;EcritureLib_0030;20230501;1,89;0,00;D;AT/129;A;20230724
AT;Achats Tiime;AT/129;20220614;40100000;CompteLib_0003;FHALLES;HALLES DU SUD;22F386;20220614;EcritureLib_0030;20230501;0,00;32,00;C;AT/129;H;20230121
AT;Achats Tiime;AT/130;20220616;60100000;CompteLib_0010;;;22F320;20220616;EcritureLib_0031;20230501;57,67;0,00;D;AT/130;;
AT;Achats Tiime;AT/130;20220616;44566000;CompteLib_0002;;;22F320;20220616;EcritureLib_0031;20230501;11,53;0,00;D;AT/130;A;20230724
AT;Achats Tiime;AT/130;20220616;40100000;CompteLib_0003;FINTERRESTO;INTERRESTO;22F320;20220616;EcritureLib_0031;20230501;0,00;69,20;C;AT/130;F;20221221
AT;Achats Tiime;AT/131;20220617;60100000;CompteLib_0010;;;22F327;20220617;EcritureLib_0020;20230501;99,19;0,00;D;AT/131;;
AT;Achats Tiime;AT/131;20220617;44566000;CompteLib_0002;;;22F327;20220617;EcritureLib_0020;20230501;5,46;0,00;D;AT/131;A;20230724
AT;Achats Tiime;AT/131;20220617;40100000;CompteLib_0003;FMETRO;METRO;22F327;20220617;EcritureLib_0020;20230501;0,00;104,65;C;AT/131;D;20221221
AT;Achats Tiime;AT/132;20220617;61320000;CompteLib_0018;;;22F389;20220617;EcritureLib_0027;20230501;600,00;0,00;D;AT/132;;
AT;Achats Tiime;AT/132;20220617;40100000;CompteLib_0003;FPMOREAU;PIERRE MOREAU;22F389;20220617;EcritureLib_0027;20230501;0,00;600,00;C;AT/132;B;20230124
AT;Achats Tiime;AT/133;20220618;62610000;CompteLib_0012;;;1701217080;20220618;EcritureLib_0013;20230501;85,40;0,00;D;AT/133;;
AT;Achats Tiime;AT/133;20220618;44566000;CompteLib_0002;;;1701217080;20220618;EcritureLib_0013;20230501;17,08;0,00;D;AT/133;A;20230724
AT;Achats Tiime;AT/133;20220618;40100000;CompteLib_0003;FSFR;SFR;1701217080;20220618;EcritureLib_0013;20230501;0,00;102,48;C;AT/133;A;20230119
AT;Achats Tiime;AT/134;20220619;62213000;CompteLib_0017;;;22F392;20220619;EcritureLib_0026;20230501;7,82;0,00;D;AT/134;;
AT;Achats Tiime;AT/134;20220619;44566000;CompteLib_0002;;;22F392;20220619;EcritureLib_0026;20230501;1,56;0,00;D;AT/134;A;20230724
AT;Achats Tiime;AT/134;20220619;40100000;CompteLib_0003;FJUST;JUST EAT;22F392;20220619;EcritureLib_0026;20230501;0,00;9,38;C;AT/134;B;20230501
AT;Achats Tiime;AT/135;20220619;60100000;CompteLib_0010;;;22F391;20220619;EcritureLib_0030;20230501;33,59;0,00;D;AT/135;;
AT;Achats Tiime;AT/135;20220619;44566000;CompteLib_0002;;;22F391;20220619;EcritureLib_0030;20230501;1,85;0,00;D;AT/135;A;20230724
AT;Achats Tiime;AT/135;20220619;40100000;CompteLib_0003;FHALLES;HALLES DU SUD;22F391;20220619;EcritureLib_0030;20230501;0,00;35,44;C;AT/135;C;20230121
AT;Achats Tiime;AT/136;20220619;40100000;CompteLib_0003;FJUST;JUST EAT;8;20220619;EcritureLib_0026;20230501;9,38;0,00;D;AT/136;B;20230501
AT;Achats Tiime;AT/136;20220619;51100002;CompteLib_0016;;;8;20220619;EcritureLib_0026;20230501;0,00;9,38;C;AT/136;;
AT;Achats Tiime;AT/137;20220621;62211000;CompteLib_0008;;;22F393;20220621;EcritureLib_0006;20230501;486,24;0,00;D;AT/137;;
AT;Achats Tiime;AT/137;20220621;44566000;CompteLib_0002;;;22F393;20220621;EcritureLib_0006;20230501;97,26;0,00;D;AT/137;A;20230724
AT;Achats Tiime;AT/137;20220621;40100000;CompteLib_0003;FUBER;UBER;22F393;20220621;EcritureLib_0006;20230501;0,00;583,50;C;AT/137;A;20230131
AT;Achats Tiime;AT/138;20220621;40100000;CompteLib_0003;FUBER;UBER;26;20220621;EcritureLib_0006;20230501;583,50;0,00;D;AT/138;A;20230131
AT;Achats Tiime;AT/138;20220621;51100001;CompteLib_0009;;;26;20220621;EcritureLib_0006;20230501;0,00;583,50;C;AT/138;;
AT;Achats Tiime;AT/139;20220626;40100000;CompteLib_0003;FJUST;JUST EAT;6;20220626;EcritureLib_0026;20230501;12,28;0,00;D;AT/139;B;20230501
AT;Achats Tiime;AT/139;20220626;51100002;CompteLib_0016;;;6;20220626;EcritureLib_0026;20230501;0,00;12,28;C;AT/139;;
AT;Achats Tiime;AT/140;20220626;62213000;CompteLib_0017;;;22F397;20220626;EcritureLib_0033;20230501;10,23;0,00;D;AT/140;;
AT;Achats Tiime;AT/140;20220626;44566000;CompteLib_0002;;;22F397;20220626;EcritureLib_0033;20230501;2,05;0,00;D;AT/140;A;20230724
AT;Achats Tiime;AT/140;20220626;40100000;CompteLib_0003;FJUST;JUST EAT;22F397;20220626;EcritureLib_0033;20230501;0,00;12,28;C;AT/140;B;20230501
AT;Achats Tiime;AT/141;20220626;60100000;CompteLib_0010;;;22F396;20220626;EcritureLib_0030;20230501;77,49;0,00;D;AT/141;;
AT;Achats Tiime;AT/141;20220626;44566000;CompteLib_0002;;;22F396;20220626;EcritureLib_0030;20230501;4,26;0,00;D;AT/141;A;20230724
AT;Achats Tiime;AT/141;20220626;40100000;CompteLib_0003;FHALLES;HALLES DU SUD;22F396;20220626;EcritureLib_0030;20230501;0,00;81,75;C;AT/141;L;20230121
AT;Achats Tiime;AT/142;20220626;51100002;CompteLib_0016;;;22F398;20220626;EcritureLib_0033;20230501;0,00;12,28;C;AT/142;;
AT;Achats Tiime;AT/142;20220626;40100000;CompteLib_0003;FJUST;JUST EAT;22F398;20220626;EcritureLib_0033;20230501;12,28;0,00;D;AT/142;B;20230501
AT;Achats Tiime;AT/143;20220626;62213000;CompteLib_0017;;;22F397;20220626;EcritureLib_0026;20230501;10,23;0,00;D;AT/143;;
AT;Achats Tiime;AT/143;20220626;44566000;CompteLib_0002;;;22F397;20220626;EcritureLib_0026;20230501;2,05;0,00;D;AT/143;A;20230724
AT;Achats Tiime;AT/143;20220626;40100000;CompteLib_0003;FJUST;JUST EAT;22F397;20220626;EcritureLib_0026;20230501;0,00;12,28;C;AT/143;B;20230501
AT;Achats Tiime;AT/144;20220627;62214000;CompteLib_0020;;;22F410;20220627;EcritureLib_0034;20230501;14,17;0,00;D;AT/144;;
AT;Achats Tiime;AT/144;20220627;44566000;CompteLib_0002;;;22F410;20220627;EcritureLib_0034;20230501;1,06;0,00;D;AT/144;A;20230724
AT;Achats Tiime;AT/144;20220627;51100005;CompteLib_0021;;;22F410;20220627;EcritureLib_0034;20230501;0,00;15,23;C;AT/144;;
AT;Achats Tiime;AT/145;20220627;60100000;CompteLib_0010;;;22F362;20220627;EcritureLib_0022;20230501;84,48;0,00;D;AT/145;;
AT;Achats Tiime;AT/145;20220627;44566000;CompteLib_0002;;;22F362;20220627;EcritureLib_0022;20230501;5,48;0,00;D;AT/145;A;20230724
AT;Achats Tiime;AT/145;20220627;40100000;CompteLib_0003;FINTERRESTO;INTERRESTO;22F362;20220627;EcritureLib_0022;20230501;0,00;89,96;C;AT/145;G;20221221
AT;Achats Tiime;AT/146;20220628;40100000;CompteLib_0003;FUBER;UBER;25;20220628;EcritureLib_0006;20230501;425,35;0,00;D;AT/146;A;20230131
AT;Achats Tiime;AT/146;20220628;51100001;CompteLib_0009;;;25;20220628;EcritureLib_0006;20230501;0,00;425,35;C;AT/146;;
AT;Achats Tiime;AT/147;20220628;60100000;CompteLib_0010;;;22F364;20220628;EcritureLib_0020;20230501;6,45;0,00;D;AT/147;;
AT;Achats Tiime;AT/147;20220628;44566000;CompteLib_0002;;;22F364;20220628;EcritureLib_0020;20230501;1,29;0,00;D;AT/147;A;20230724
AT;Achats Tiime;AT/147;20220628;40100000;CompteLib_0003;FMETRO;METRO;22F364;20220628;EcritureLib_0020;20230501;0,00;7,74;C;AT/147;E;20221221
AT;Achats Tiime;AT/148;20220628;62211000;CompteLib_0008;;;22F399;20220628;EcritureLib_0006;20230501;354,46;0,00;D;AT/148;;
AT;Achats Tiime;AT/148;20220628;44566000;CompteLib_0002;;;22F399;20220628;EcritureLib_0006;20230501;70,89;0,00;D;AT/148;A;20230724
AT;Achats Tiime;AT/148;20220628;40100000;CompteLib_0003;FUBER;UBER;22F399;20220628;EcritureLib_0006;20230501;0,00;425,35;C;AT/148;A;20230131
AT;Achats Tiime;AT/149;20220629;60100000;CompteLib_0010;;;22F400;20220629;EcritureLib_0030;20230501;57,35;0,00;D;AT/149;;
AT;Achats Tiime;AT/149;20220629;44566000;CompteLib_0002;;;22F400;20220629;EcritureLib_0030;20230501;3,15;0,00;D;AT/149;A;20230724
AT;Achats Tiime;AT/149;20220629;40100000;CompteLib_0003;FHALLES;HALLES DU SUD;22F400;20220629;EcritureLib_0030;20230501;0,00;60,50;C;AT/149;K;20230121
AT;Achats Tiime;AT/150;20220701;60100000;CompteLib_0010;;;22G239;20220701;EcritureLib_0030;20230501;38,35;0,00;D;AT/150;;
AT;Achats Tiime;AT/150;20220701;44566000;CompteLib_0002;;;22G239;20220701;EcritureLib_0030;20230501;2,11;0,00;D;AT/150;A;20230724
AT;Achats Tiime;AT/150;20220701;40100000;CompteLib_0003;FHALLES;HALLES DU SUD;22G239;20220701;EcritureLib_0030;20230501;0,00;40,46;C;AT/150;M;20230121
AT;Achats Tiime;AT/151;20220702;60100000;CompteLib_0010;;;22G240;20220702;EcritureLib_0030;20230501;83,98;0,00;D;AT/151;;
AT;Achats Tiime;AT/151;20220702;44566000;CompteLib_0002;;;22G240;20220702;EcritureLib_0030;20230501;4,62;0,00;D;AT/151;A;20230724
AT;Achats Tiime;AT/151;20220702;40100000;CompteLib_0003;FHALLES;HALLES DU SUD;22G240;20220702;EcritureLib_0030;20230501;0,00;88,60;C;AT/151;F;20230121
AT;Achats Tiime;AT/152;20220702;60100000;CompteLib_0010;;;22G178;20220702;EcritureLib_0020;20230501;23,29;0,00;D;AT/152;;
AT;Achats Tiime;AT/152;20220702;44566000;CompteLib_0002;;;22G178;20220702;EcritureLib_0020;20230501;1,28;0,00;D;AT/152;A;20230724
AT;Achats Tiime;AT/152;20220702;40100000;CompteLib_0003;FMETRO;METRO;22G178;20220702;EcritureLib_0020;20230501;0,00;24,57;C;AT/152;F;20221221
AT;Achats Tiime;AT/153;20220703;62213000;CompteLib_0017;;;22G241;20220703;EcritureLib_0026;20230501;16,64;0,00;D;AT/153;;
AT;Achats Tiime;AT/153;20220703;44566000;CompteLib_0002;;;22G241;20220703;EcritureLib_0026;20230501;3,33;0,00;D;AT/153;A;20230724
AT;Achats Tiime;AT/153;20220703;40100000;CompteLib_0003;FJUST;JUST EAT;22G241;20220703;EcritureLib_0026;20230501;0,00;19,97;C;AT/153;A;20230501
AT;Achats Tiime;AT/154;20220703;40100000;CompteLib_0003;FJUST;JUST EAT;5;20220703;EcritureLib_0026;20230501;19,97;0,00;D;AT/154;A;20230501
AT;Achats Tiime;AT/154;20220703;51100002;CompteLib_0016;;;5;20220703;EcritureLib_0026;20230501;0,00;19,97;C;AT/154;;
AT;Achats Tiime;AT/155;20220704;62214000;CompteLib_0020;;;22G273;20220704;EcritureLib_0034;20230501;90,92;0,00;D;AT/155;;
AT;Achats Tiime;AT/155;20220704;44566000;CompteLib_0002;;;22G273;20220704;EcritureLib_0034;20230501;1,20;0,00;D;AT/155;A;20230724
AT;Achats Tiime;AT/155;20220704;51100005;CompteLib_0021;;;22G273;20220704;EcritureLib_0034;20230501;0,00;92,12;C;AT/155;;
AT;Achats Tiime;AT/156;20220705;60100000;CompteLib_0010;;;22G242;20220705;EcritureLib_0022;20230501;19,31;0,00;D;AT/156;;
AT;Achats Tiime;AT/156;20220705;44566000;CompteLib_0002;;;22G242;20220705;EcritureLib_0022;20230501;1,86;0,00;D;AT/156;A;20230724
AT;Achats Tiime;AT/156;20220705;40100000;CompteLib_0003;FINTERRESTO;INTERRESTO;22G242;20220705;EcritureLib_0022;20230501;0,00;21,17;C;AT/156;X;20230121
AT;Achats Tiime;AT/157;20220705;60100000;CompteLib_0010;;;22G243;20220705;EcritureLib_0030;20230501;59,80;0,00;D;AT/157;;
AT;Achats Tiime;AT/157;20220705;44566000;CompteLib_0002;;;22G243;20220705;EcritureLib_0030;20230501;3,29;0,00;D;AT/157;A;20230724
AT;Achats Tiime;AT/157;20220705;40100000;CompteLib_0003;FHALLES;HALLES DU SUD;22G243;20220705;EcritureLib_0030;20230501;0,00;63,09;C;AT/157;I;20230121
AT;Achats Tiime;AT/158;20220708;60100000;CompteLib_0010;;;22G205;20220708;EcritureLib_0020;20230501;139,24;0,00;D;AT/158;;
AT;Achats Tiime;AT/158;20220708;44566000;CompteLib_0002;;;22G205;20220708;EcritureLib_0020;20230501;9,06;0,00;D;AT/158;A;20230724
AT;Achats Tiime;AT/158;20220708;40100000;CompteLib_0003;FMETRO;METRO;22G205;20220708;EcritureLib_0020;20230501;0,00;148,30;C;AT/158;H;20221221
AT;Achats Tiime;AT/159;20220710;62213000;CompteLib_0017;;;22G246;20220710;EcritureLib_0026;20230501;12,05;0,00;D;AT/159;;
AT;Achats Tiime;AT/159;20220710;44566000;CompteLib_0002;;;22G246;20220710;EcritureLib_0026;20230501;2,41;0,00;D;AT/159;A;20230724
AT;Achats Tiime;AT/159;20220710;40100000;CompteLib_0003;FJUST;JUST EAT;22G246;20220710;EcritureLib_0026;20230501;0,00;14,46;C;AT/159;A;20230501
AT;Achats Tiime;AT/160;20220710;40100000;CompteLib_0003;FJUST;JUST EAT;4;20220710;EcritureLib_0026;20230501;14,46;0,00;D;AT/160;A;20230501
AT;Achats Tiime;AT/160;20220710;51100002;CompteLib_0016;;;4;20220710;EcritureLib_0026;20230501;0,00;14,46;C;AT/160;;
AT;Achats Tiime;AT/161;20220710;60100000;CompteLib_0010;;;22G245;20220710;EcritureLib_0030;20230501;71,93;0,00;D;AT/161;;
AT;Achats Tiime;AT/161;20220710;44566000;CompteLib_0002;;;22G245;20220710;EcritureLib_0030;20230501;3,96;0,00;D;AT/161;A;20230724
AT;Achats Tiime;AT/161;20220710;40100000;CompteLib_0003;FHALLES;HALLES DU SUD;22G245;20220710;EcritureLib_0030;20230501;0,00;75,89;C;AT/161;J;20230121
AT;Achats Tiime;AT/162;20220711;62570000;CompteLib_0022;;;22G213;20220711;EcritureLib_0035;20230501;75,74;0,00;D;AT/162;;
AT;Achats Tiime;AT/162;20220711;44566000;CompteLib_0002;;;22G213;20220711;EcritureLib_0035;20230501;7,36;0,00;D;AT/162;A;20230724
AT;Achats Tiime;AT/162;20220711;40100000;CompteLib_0003;FRESTAU;RESTAURANT;22G213;20220711;EcritureLib_0035;20230501;0,00;83,10;C;AT/162;A;20221221
AT;Achats Tiime;AT/163;20220712;62211000;CompteLib_0008;;;22G247;20220712;EcritureLib_0006;20230501;246,91;0,00;D;AT/163;;
AT;Achats Tiime;AT/163;20220712;44566000;CompteLib_0002;;;22G247;20220712;EcritureLib_0006;20230501;49,38;0,00;D;AT/163;A;20230724
AT;Achats Tiime;AT/163;20220712;40100000;CompteLib_0003;FUBER;UBER;22G247;20220712;EcritureLib_0006;20230501;0,00;296,29;C;AT/163;A;20230131
AT;Achats Tiime;AT/164;20220712;40100000;CompteLib_0003;FUBER;UBER;24;20220712;EcritureLib_0006;20230501;296,29;0,00;D;AT/164;A;20230131
AT;Achats Tiime;AT/164;20220712;51100001;CompteLib_0009;;;24;20220712;EcritureLib_0006;20230501;0,00;296,29;C;AT/164;;
AT;Achats Tiime;AT/165;20220715;60100000;CompteLib_0010;;;22G249;20220715;EcritureLib_0007;20230501;62,56;0,00;D;AT/165;;
AT;Achats Tiime;AT/165;20220715;44566000;CompteLib_0002;;;22G249;20220715;EcritureLib_0007;20230501;3,44;0,00;D;AT/165;A;20230724
AT;Achats Tiime;AT/165;20220715;53000000;CompteLib_0023;;;22G249;20220715;EcritureLib_0007;20230501;0,00;66,00;C;AT/165;B;20231025
AT;Achats Tiime;AT/166;20220717;62213000;CompteLib_0017;;;22G251;20220717;EcritureLib_0026;20230501;4,74;0,00;D;AT/166;;
AT;Achats Tiime;AT/166;20220717;44566000;CompteLib_0002;;;22G251;20220717;EcritureLib_0026;20230501;0,95;0,00;D;AT/166;A;20230724
AT;Achats Tiime;AT/166;20220717;40100000;CompteLib_0003;FJUST;JUST EAT;22G251;20220717;EcritureLib_0026;20230501;0,00;5,69;C;AT/166;A;20230501
AT;Achats Tiime;AT/167;20220717;40100000;CompteLib_0003;FJUST;JUST EAT;3;20220717;EcritureLib_0026;20230501;5,69;0,00;D;AT/167;A;20230501
AT;Achats Tiime;AT/167;20220717;51100002;CompteLib_0016;;;3;20220717;EcritureLib_0026;20230501;0,00;5,69;C;AT/167;;
AT;Achats Tiime;AT/168;20220717;61320000;CompteLib_0018;;;22G250;20220717;EcritureLib_0036;20230501;600,00;0,00;D;AT/168;;
AT;Achats Tiime;AT/168;20220717;40100000;CompteLib_0003;FPMOREAU;PIERRE MOREAU;22G250;20220717;EcritureLib_0036;20230501;0,00;600,00;C;AT/168;D;20230124
AT;Achats Tiime;AT/169;20220718;62610000;CompteLib_0012;;;1709474255;20220718;EcritureLib_0013;20230501;38,13;0,00;D;AT/169;;
AT;Achats Tiime;AT/169;20220718;44566000;CompteLib_0002;;;1709474255;20220718;EcritureLib_0013;20230501;7,63;0,00;D;AT/169;A;20230724
AT;Achats Tiime;AT/169;20220718;40100000;CompteLib_0003;FSFR;SFR;1709474255;20220718;EcritureLib_0013;20230501;0,00;45,76;C;AT/169;B;20230119
AT;Achats Tiime;AT/170;20220718;62214000;CompteLib_0020;;;22G274;20220718;EcritureLib_0034;20230501;44,15;0,00;D;AT/170;;
AT;Achats Tiime;AT/170;20220718;44566000;CompteLib_0002;;;22G274;20220718;EcritureLib_0034;20230501;0,38;0,00;D;AT/170;A;20230724
AT;Achats Tiime;AT/170;20220718;51100005;CompteLib_0021;;;22G274;20220718;EcritureLib_0034;20230501;0,00;44,53;C;AT/170;;
AT;Achats Tiime;AT/171;20220719;62211000;CompteLib_0008;;;22G253;20220719;EcritureLib_0006;20230501;313,72;0,00;D;AT/171;;
AT;Achats Tiime;AT/171;20220719;44566000;CompteLib_0002;;;22G253;20220719;EcritureLib_0006;20230501;62,73;0,00;D;AT/171;A;20230724
AT;Achats Tiime;AT/171;20220719;40100000;CompteLib_0003;FUBER;UBER;22G253;20220719;EcritureLib_0006;20230501;0,00;376,45;C;AT/171;A;20230131
AT;Achats Tiime;AT/172;20220719;40100000;CompteLib_0003;FUBER;UBER;23;20220719;EcritureLib_0006;20230501;376,45;0,00;D;AT/172;A;20230131
AT;Achats Tiime;AT/172;20220719;51100001;CompteLib_0009;;;23;20220719;EcritureLib_0006;20230501;0,00;376,45;C;AT/172;;
AT;Achats Tiime;AT/173;20220719;60630000;CompteLib_0004;;;22G285;20220719;EcritureLib_0037;20230501;21,34;0,00;D;AT/173;;
AT;Achats Tiime;AT/173;20220719;44566000;CompteLib_0002;;;22G285;20220719;EcritureLib_0037;20230501;4,27;0,00;D;AT/173;A;20230724
AT;Achats Tiime;AT/173;20220719;45500000;CompteLib_0011;;;22G285;20220719;EcritureLib_0037;20230501;0,00;25,61;C;AT/173;;
AT;Achats Tiime;AT/174;20220722;60100000;CompteLib_0010;;;22G227;20220722;EcritureLib_0038;20230501;52,61;0,00;D;AT/174;;
AT;Achats Tiime;AT/174;20220722;44566000;CompteLib_0002;;;22G227;20220722;EcritureLib_0038;20230501;2,89;0,00;D;AT/174;A;20230724
AT;Achats Tiime;AT/174;20220722;53000000;CompteLib_0023;;;22G227;20220722;EcritureLib_0038;20230501;0,00;55,50;C;AT/174;B;20231025
AT;Achats Tiime;AT/175;20220722;60100000;CompteLib_0010;;;22G255;20220722;EcritureLib_0038;20230501;14,05;0,00;D;AT/175;;
AT;Achats Tiime;AT/175;20220722;44566000;CompteLib_0002;;;22G255;20220722;EcritureLib_0038;20230501;0,77;0,00;D;AT/175;A;20230724
AT;Achats Tiime;AT/175;20220722;53000000;CompteLib_0023;;;22G255;20220722;EcritureLib_0038;20230501;0,00;14,82;C;AT/175;B;20231025
AT;Achats Tiime;AT/176;20220722;60100000;CompteLib_0010;;;22G256;20220722;EcritureLib_0038;20230501;52,61;0,00;D;AT/176;;
AT;Achats Tiime;AT/176;20220722;44566000;CompteLib_0002;;;22G256;20220722;EcritureLib_0038;20230501;2,89;0,00;D;AT/176;A;20230724
AT;Achats Tiime;AT/176;20220722;53000000;CompteLib_0023;;;22G256;20220722;EcritureLib_0038;20230501;0,00;55,50;C;AT/176;B;20231025
AT;Achats Tiime;AT/177;20220724;40100000;CompteLib_0003;FJUST;JUST EAT;2;20220724;EcritureLib_0026;20230501;44,57;0,00;D;AT/177;A;20230501
AT;Achats Tiime;AT/177;20220724;51100002;CompteLib_0016;;;2;20220724;EcritureLib_0026;20230501;0,00;44,57;C;AT/177;;
AT;Achats Tiime;AT/178;20220724;62213000;CompteLib_0017;;;22G257;20220724;EcritureLib_0026;20230501;37,14;0,00;D;AT/178;;
AT;Achats Tiime;AT/178;20220724;44566000;CompteLib_0002;;;22G257;20220724;EcritureLib_0026;20230501;7,43;0,00;D;AT/178;A;20230724
AT;Achats Tiime;AT/178;20220724;40100000;CompteLib_0003;FJUST;JUST EAT;22G257;20220724;EcritureLib_0026;20230501;0,00;44,57;C;AT/178;A;20230501
AT;Achats Tiime;AT/179;20220725;40100000;CompteLib_0003;FUBER;UBER;22;20220725;EcritureLib_0006;20230501;589,42;0,00;D;AT/179;A;20230131
AT;Achats Tiime;AT/179;20220725;51100001;CompteLib_0009;;;22;20220725;EcritureLib_0006;20230501;0,00;589,42;C;AT/179;;
AT;Achats Tiime;AT/180;20220725;62211000;CompteLib_0008;;;22G258;20220725;EcritureLib_0006;20230501;491,18;0,00;D;AT/180;;
AT;Achats Tiime;AT/180;20220725;44566000;CompteLib_0002;;;22G258;20220725;EcritureLib_0006;20230501;98,24;0,00;D;AT/180;A;20230724
AT;Achats Tiime;AT/180;20220725;40100000;CompteLib_0003;FUBER;UBER;22G258;20220725;EcritureLib_0006;20230501;0,00;589,42;C;AT/180;A;20230131
AT;Achats Tiime;AT/181;20220725;62214000;CompteLib_0020;;;22G275;20220725;EcritureLib_0034;20230501;35,86;0,00;D;AT/181;;
AT;Achats Tiime;AT/181;20220725;44566000;CompteLib_0002;;;22G275;20220725;EcritureLib_0034;20230501;0,31;0,00;D;AT/181;A;20230724
AT;Achats Tiime;AT/181;20220725;51100005;CompteLib_0021;;;22G275;20220725;EcritureLib_0034;20230501;0,00;36,17;C;AT/181;;
AT;Achats Tiime;AT/182;20220726;40100000;CompteLib_0003;FUBER;UBER;21;20220726;EcritureLib_0006;20230501;507,16;0,00;D;AT/182;A;20230131
AT;Achats Tiime;AT/182;20220726;51100001;CompteLib_0009;;;21;20220726;EcritureLib_0006;20230501;0,00;507,16;C;AT/182;;
AT;Achats Tiime;AT/183;20220726;62211000;CompteLib_0008;;;22G259;20220726;EcritureLib_0006;20230501;422,64;0,00;D;AT/183;;
AT;Achats Tiime;AT/183;20220726;44566000;CompteLib_0002;;;22G259;20220726;EcritureLib_0006;20230501;84,52;0,00;D;AT/183;A;20230724
AT;Achats Tiime;AT/183;20220726;40100000;CompteLib_0003;FUBER;UBER;22G259;20220726;EcritureLib_0006;20230501;0,00;507,16;C;AT/183;A;20230131
AT;Achats Tiime;AT/184;20220727;60100000;CompteLib_0010;;;22G260;20220727;EcritureLib_0022;20230501;127,29;0,00;D;AT/184;;
AT;Achats Tiime;AT/184;20220727;44566000;CompteLib_0002;;;22G260;20220727;EcritureLib_0022;20230501;7,00;0,00;D;AT/184;A;20230724
AT;Achats Tiime;AT/184;20220727;40100000;CompteLib_0003;FINTERRESTO;INTERRESTO;22G260;20220727;EcritureLib_0022;20230501;0,00;134,29;C;AT/184;Z;20230121
AT;Achats Tiime;AT/185;20220730;60100000;CompteLib_0010;;;22G291;20220730;EcritureLib_0039;20230501;93,09;0,00;D;AT/185;;
AT;Achats Tiime;AT/185;20220730;44566000;CompteLib_0002;;;22G291;20220730;EcritureLib_0039;20230501;5,13;0,00;D;AT/185;A;20230724
AT;Achats Tiime;AT/185;20220730;40100000;CompteLib_0003;FBOUCHERIE;BOUCHERIE;22G291;20220730;EcritureLib_0039;20230501;0,00;98,22;C;AT/185;D;20230622
AT;Achats Tiime;AT/186;20220731;62213000;CompteLib_0017;;;22G263;20220731;EcritureLib_0026;20230501;13,09;0,00;D;AT/186;;
AT;Achats Tiime;AT/186;20220731;44566000;CompteLib_0002;;;22G263;20220731;EcritureLib_0026;20230501;2,62;0,00;D;AT/186;A;20230724
AT;Achats Tiime;AT/186;20220731;40100000;CompteLib_0003;FJUST;JUST EAT;22G263;20220731;EcritureLib_0026;20230501;0,00;15,71;C;AT/186;A;20230501
AT;Achats Tiime;AT/187;20220731;40100000;CompteLib_0003;FJUST;JUST EAT;1;20220731;EcritureLib_0026;20230501;15,71;0,00;D;AT/187;A;20230501
AT;Achats Tiime;AT/187;20220731;51100002;CompteLib_0016;;;1;20220731;EcritureLib_0026;20230501;0,00;15,71;C;AT/187;;
AT;Achats Tiime;AT/188;20220802;62211000;CompteLib_0008;;;22H175;20220802;EcritureLib_0006;20230501;261,77;0,00;D;AT/188;;
AT;Achats Tiime;AT/188;20220802;44566000;CompteLib_0002;;;22H175;20220802;EcritureLib_0006;20230501;52,35;0,00;D;AT/188;A;20230724
AT;Achats Tiime;AT/188;20220802;40100000;CompteLib_0003;FUBER;UBER;22H175;20220802;EcritureLib_0006;20230501;0,00;314,12;C;AT/188;A;20230131
AT;Achats Tiime;AT/189;20220802;40100000;CompteLib_0003;FUBER;UBER;20;20220802;EcritureLib_0006;20230501;314,12;0,00;D;AT/189;A;20230131
AT;Achats Tiime;AT/189;20220802;51100001;CompteLib_0009;;;20;20220802;EcritureLib_0006;20230501;0,00;314,12;C;AT/189;;
AT;Achats Tiime;AT/190;20220808;62214000;CompteLib_0020;;;22H192;20220808;EcritureLib_0034;20230501;33,06;0,00;D;AT/190;;
AT;Achats Tiime;AT/190;20220808;44566000;CompteLib_0002;;;22H192;20220808;EcritureLib_0034;20230501;0,71;0,00;D;AT/190;A;20230724
AT;Achats Tiime;AT/190;20220808;51100005;CompteLib_0021;;;22H192;20220808;EcritureLib_0034;20230501;0,00;33,77;C;AT/190;;
AT;Achats Tiime;AT/191;20220809;62211000;CompteLib_0008;;;22H178;20220809;EcritureLib_0006;20230501;6,89;0,00;D;AT/191;;
AT;Achats Tiime;AT/191;20220809;44566000;CompteLib_0002;;;22H178;20220809;EcritureLib_0006;20230501;1,38;0,00;D;AT/191;A;20230724
AT;Achats Tiime;AT/191;20220809;40100000;CompteLib_0003;FUBER;UBER;22H178;20220809;EcritureLib_0006;20230501;0,00;8,27;C;AT/191;A;20230131
AT;Achats Tiime;AT/192;20220809;40100000;CompteLib_0003;FUBER;UBER;19;20220809;EcritureLib_0006;20230501;8,27;0,00;D;AT/192;A;20230131
AT;Achats Tiime;AT/192;20220809;51100001;CompteLib_0009;;;19;20220809;EcritureLib_0006;20230501;0,00;8,27;C;AT/192;;
AT;Achats Tiime;AT/193;20220817;61320000;CompteLib_0018;;;22H179;20220817;EcritureLib_0036;20230501;600,00;0,00;D;AT/193;;
AT;Achats Tiime;AT/193;20220817;40100000;CompteLib_0003;FPMOREAU;PIERRE MOREAU;22H179;20220817;EcritureLib_0036;20230501;0,00;600,00;C;AT/193;E;20230124
AT;Achats Tiime;AT/194;20220818;62610000;CompteLib_0012;;;1717639299;20220818;EcritureLib_0040;20230501;26,80;0,00;D;AT/194;;
AT;Achats Tiime;AT/194;20220818;44566000;CompteLib_0002;;;1717639299;20220818;EcritureLib_0040;20230501;5,36;0,00;D;AT/194;A;20230724
AT;Achats Tiime;AT/194;20220818;40100000;CompteLib_0003;FSFR;SFR;1717639299;20220818;EcritureLib_0040;20230501;0,00;32,16;C;AT/194;C;20230501
AT;Achats Tiime;AT/195;20220819;60100000;CompteLib_0010;;;22H133;20220819;EcritureLib_0020;20230501;0,00;5,76;C;AT/195;;
AT;Achats Tiime;AT/195;20220819;44566000;CompteLib_0002;;;22H133;20220819;EcritureLib_0020;20230501;0,00;0,32;C;AT/195;A;20230724
AT;Achats Tiime;AT/195;20220819;40100000;CompteLib_0003;FMETRO;METRO;22H133;20220819;EcritureLib_0020;20230501;6,08;0,00;D;AT/195;Q;20230116
AT;Achats Tiime;AT/196;20220820;60100000;CompteLib_0010;;;22H181;20220820;EcritureLib_0030;20230501;52,35;0,00;D;AT/196;;
AT;Achats Tiime;AT/196;20220820;44566000;CompteLib_0002;;;22H181;20220820;EcritureLib_0030;20230501;2,88;0,00;D;AT/196;A;20230724
AT;Achats Tiime;AT/196;20220820;40100000;CompteLib_0003;FHALLES;HALLES DU SUD;22H181;20220820;EcritureLib_0030;20230501;0,00;55,23;C;AT/196;N;20230121
AT;Achats Tiime;AT/197;20220820;60100000;CompteLib_0010;;;22H136;20220820;EcritureLib_0022;20230501;75,48;0,00;D;AT/197;;
AT;Achats Tiime;AT/197;20220820;44566000;CompteLib_0002;;;22H136;20220820;EcritureLib_0022;20230501;4,15;0,00;D;AT/197;A;20230724
AT;Achats Tiime;AT/197;20220820;40100000;CompteLib_0003;FINTERRESTO;INTERRESTO;22H136;20220820;EcritureLib_0022;20230501;0,00;79,63;C;AT/197;H;20221221
AT;Achats Tiime;AT/198;20220820;60100000;CompteLib_0010;;;22H182;20220820;EcritureLib_0030;20230501;168,72;0,00;D;AT/198;;
AT;Achats Tiime;AT/198;20220820;44566000;CompteLib_0002;;;22H182;20220820;EcritureLib_0030;20230501;9,28;0,00;D;AT/198;A;20230724
AT;Achats Tiime;AT/198;20220820;40100000;CompteLib_0003;FHALLES;HALLES DU SUD;22H182;20220820;EcritureLib_0030;20230501;0,00;178,00;C;AT/198;AJ;20230124
AT;Achats Tiime;AT/199;20220820;60100000;CompteLib_0010;;;22H135;20220820;EcritureLib_0041;20230501;114,48;0,00;D;AT/199;;
AT;Achats Tiime;AT/199;20220820;44566000;CompteLib_0002;;;22H135;20220820;EcritureLib_0041;20230501;6,30;0,00;D;AT/199;A;20230724
AT;Achats Tiime;AT/199;20220820;40100000;CompteLib_0003;FHALLES;HALLES DU SUD;22H135;20220820;EcritureLib_0041;20230501;0,00;120,78;C;AT/199;B;20221221
AT;Achats Tiime;AT/200;20220822;60100000;CompteLib_0010;;;22H143;20220822;EcritureLib_0020;20230501;192,94;0,00;D;AT/200;;
AT;Achats Tiime;AT/200;20220822;44566000;CompteLib_0002;;;22H143;20220822;EcritureLib_0020;20230501;10,61;0,00;D;AT/200;A;20230724
AT;Achats Tiime;AT/200;20220822;40100000;CompteLib_0003;FMETRO;METRO;22H143;20220822;EcritureLib_0020;20230501;0,00;203,55;C;AT/200;T;20230117
AT;Achats Tiime;AT/201;20220822;60100000;CompteLib_0010;;;22H142;20220822;EcritureLib_0030;20230501;13,21;0,00;D;AT/201;;
AT;Achats Tiime;AT/201;20220822;44566000;CompteLib_0002;;;22H142;20220822;EcritureLib_0030;20230501;0,73;0,00;D;AT/201;A;20230724
AT;Achats Tiime;AT/201;20220822;40100000;CompteLib_0003;FHALLES;HALLES DU SUD;22H142;20220822;EcritureLib_0030;20230501;0,00;13,94;C;AT/201;A;20221221
AT;Achats Tiime;AT/202;20220822;60630000;CompteLib_0004;;;22H141;20220822;EcritureLib_0003;20230501;4,08;0,00;D;AT/202;;
AT;Achats Tiime;AT/202;20220822;44566000;CompteLib_0002;;;22H141;20220822;EcritureLib_0003;20230501;0,82;0,00;D;AT/202;A;20230724
AT;Achats Tiime;AT/202;20220822;40100000;CompteLib_0003;FBRICODEPOT;BRICO DEPOT;22H141;20220822;EcritureLib_0003;20230501;0,00;4,90;C;AT/202;E;20221221
AT;Achats Tiime;AT/203;20220825;60100000;CompteLib_0010;;;22H157;20220825;EcritureLib_0020;20230501;44,20;0,00;D;AT/203;;
AT;Achats Tiime;AT/203;20220825;44566000;CompteLib_0002;;;22H157;20220825;EcritureLib_0020;20230501;5,77;0,00;D;AT/203;A;20230724
AT;Achats Tiime;AT/203;20220825;40100000;CompteLib_0003;FMETRO;METRO;22H157;20220825;EcritureLib_0020;20230501;0,00;49,97;C;AT/203;I;20221221
AT;Achats Tiime;AT/204;20220825;60100000;CompteLib_0010;;;22H158;20220825;EcritureLib_0019;20230501;62,81;0,00;D;AT/204;;
AT;Achats Tiime;AT/204;20220825;44566000;CompteLib_0002;;;22H158;20220825;EcritureLib_0019;20230501;5,11;0,00;D;AT/204;A;20230724
AT;Achats Tiime;AT/204;20220825;40100000;CompteLib_0003;FINTERRESTO;INTERRESTO;22H158;20220825;EcritureLib_0019;20230501;0,00;67,92;C;AT/204;I;20221221
AT;Achats Tiime;AT/205;20220825;60100000;CompteLib_0010;;;22H183;20220825;EcritureLib_0030;20230501;63,13;0,00;D;AT/205;;
AT;Achats Tiime;AT/205;20220825;44566000;CompteLib_0002;;;22H183;20220825;EcritureLib_0030;20230501;3,47;0,00;D;AT/205;A;20230724
AT;Achats Tiime;AT/205;20220825;40100000;CompteLib_0003;FHALLES;HALLES DU SUD;22H183;20220825;EcritureLib_0030;20230501;0,00;66,60;C;AT/205;AK;20230124
AT;Achats Tiime;AT/206;20220827;60100000;CompteLib_0010;;;22H163;20220827;EcritureLib_0042;20230501;68,17;0,00;D;AT/206;;
AT;Achats Tiime;AT/206;20220827;40100000;CompteLib_0003;FAUCHAN;AUCHAN;22H163;20220827;EcritureLib_0042;20230501;0,00;68,17;C;AT/206;A;20221221
AT;Achats Tiime;AT/207;20220828;60100000;CompteLib_0010;;;22H184;20220828;EcritureLib_0019;20230501;115,79;0,00;D;AT/207;;
AT;Achats Tiime;AT/207;20220828;44566000;CompteLib_0002;;;22H184;20220828;EcritureLib_0019;20230501;10,86;0,00;D;AT/207;A;20230724
AT;Achats Tiime;AT/207;20220828;40100000;CompteLib_0003;FINTERRESTO;INTERRESTO;22H184;20220828;EcritureLib_0019;20230501;0,00;126,65;C;AT/207;V;20230120
AT;Achats Tiime;AT/208;20220829;62214000;CompteLib_0020;;;22H193;20220829;EcritureLib_0034;20230501;32,36;0,00;D;AT/208;;
AT;Achats Tiime;AT/208;20220829;44566000;CompteLib_0002;;;22H193;20220829;EcritureLib_0034;20230501;0,28;0,00;D;AT/208;A;20230724
AT;Achats Tiime;AT/208;20220829;51100005;CompteLib_0021;;;22H193;20220829;EcritureLib_0034;20230501;0,00;32,64;C;AT/208;;
AT;Achats Tiime;AT/209;20220830;40100000;CompteLib_0003;FUBER;UBER;18;20220830;EcritureLib_0006;20230501;527,40;0,00;D;AT/209;A;20230131
AT;Achats Tiime;AT/209;20220830;51100001;CompteLib_0009;;;18;20220830;EcritureLib_0006;20230501;0,00;527,40;C;AT/209;;
AT;Achats Tiime;AT/210;20220830;62211000;CompteLib_0008;;;22H186;20220830;EcritureLib_0006;20230501;439,50;0,00;D;AT/210;;
AT;Achats Tiime;AT/210;20220830;44566000;CompteLib_0002;;;22H186;20220830;EcritureLib_0006;20230501;87,90;0,00;D;AT/210;A;20230724
AT;Achats Tiime;AT/210;20220830;40100000;CompteLib_0003;FUBER;UBER;22H186;20220830;EcritureLib_0006;20230501;0,00;527,40;C;AT/210;A;20230131
AT;Achats Tiime;AT/211;20220831;60100000;CompteLib_0010;;;22H173;20220831;EcritureLib_0020;20230501;186,84;0,00;D;AT/211;;
AT;Achats Tiime;AT/211;20220831;44566000;CompteLib_0002;;;22H173;20220831;EcritureLib_0020;20230501;11,68;0,00;D;AT/211;A;20230724
AT;Achats Tiime;AT/211;20220831;40100000;CompteLib_0003;FMETRO;METRO;22H173;20220831;EcritureLib_0020;20230501;0,00;198,52;C;AT/211;J;20221221
AT;Achats Tiime;AT/212;20220901;60100000;CompteLib_0010;;;22I305;20220901;EcritureLib_0019;20230501;104,41;0,00;D;AT/212;;
AT;Achats Tiime;AT/212;20220901;44566000;CompteLib_0002;;;22I305;20220901;EcritureLib_0019;20230501;10,27;0,00;D;AT/212;A;20230724
AT;Achats Tiime;AT/212;20220901;40100000;CompteLib_0003;FINTERRESTO;INTERRESTO;22I305;20220901;EcritureLib_0019;20230501;0,00;114,68;C;AT/212;M;20221221
AT;Achats Tiime;AT/213;20220902;60100000;CompteLib_0010;;;22I433;20220902;EcritureLib_0043;20230501;2607,86;0,00;D;AT/213;;
AT;Achats Tiime;AT/213;20220902;44566000;CompteLib_0002;;;22I433;20220902;EcritureLib_0043;20230501;151,77;0,00;D;AT/213;A;20230724
AT;Achats Tiime;AT/213;20220902;40100000;CompteLib_0003;FKARAMA;KARAMA BOUCHERIE;22I433;20220902;EcritureLib_0043;20230501;0,00;811,13;C;AT/213;A;20230124
AT;Achats Tiime;AT/213;20220902;40100000;CompteLib_0003;FKARAMA;KARAMA BOUCHERIE;22I433;20220902;EcritureLib_0043;20230501;0,00;813,66;C;AT/213;A;20230124
AT;Achats Tiime;AT/213;20220902;40100000;CompteLib_0003;FKARAMA;KARAMA BOUCHERIE;22I433;20220902;EcritureLib_0043;20230501;0,00;1134,84;C;AT/213;B;20230131
AT;Achats Tiime;AT/214;20220903;60100000;CompteLib_0010;;;22I308;20220903;EcritureLib_0024;20230501;20,20;0,00;D;AT/214;;
AT;Achats Tiime;AT/214;20220903;44566000;CompteLib_0002;;;22I308;20220903;EcritureLib_0024;20230501;2,59;0,00;D;AT/214;A;20230724
AT;Achats Tiime;AT/214;20220903;40100000;CompteLib_0003;FINTERRESTO;INTERRESTO;22I308;20220903;EcritureLib_0024;20230501;0,00;22,79;C;AT/214;L;20221221
AT;Achats Tiime;AT/215;20220904;60100000;CompteLib_0010;;;22I434;20220904;EcritureLib_0030;20230501;55,92;0,00;D;AT/215;;
AT;Achats Tiime;AT/215;20220904;44566000;CompteLib_0002;;;22I434;20220904;EcritureLib_0030;20230501;3,08;0,00;D;AT/215;A;20230724
AT;Achats Tiime;AT/215;20220904;40100000;CompteLib_0003;FHALLES;HALLES DU SUD;22I434;20220904;EcritureLib_0030;20230501;0,00;59,00;C;AT/215;P;20230121
AT;Achats Tiime;AT/216;20220905;62214000;CompteLib_0020;;;22I468;20220905;EcritureLib_0034;20230501;64,69;0,00;D;AT/216;;
AT;Achats Tiime;AT/216;20220905;44566000;CompteLib_0002;;;22I468;20220905;EcritureLib_0034;20230501;1,10;0,00;D;AT/216;A;20230724
AT;Achats Tiime;AT/216;20220905;51100005;CompteLib_0021;;;22I468;20220905;EcritureLib_0034;20230501;0,00;65,79;C;AT/216;;
AT;Achats Tiime;AT/217;20220905;60100000;CompteLib_0010;;;22I318;20220905;EcritureLib_0044;20230501;113,64;0,00;D;AT/217;;
AT;Achats Tiime;AT/217;20220905;44566000;CompteLib_0002;;;22I318;20220905;EcritureLib_0044;20230501;6,25;0,00;D;AT/217;A;20230724
AT;Achats Tiime;AT/217;20220905;40100000;CompteLib_0003;FINTERRESTO;INTERRESTO;22I318;20220905;EcritureLib_0044;20230501;0,00;119,89;C;AT/217;K;20221221
AT;Achats Tiime;AT/218;20220906;60100000;CompteLib_0010;;;22I325;20220906;EcritureLib_0019;20230501;105,55;0,00;D;AT/218;;
AT;Achats Tiime;AT/218;20220906;44566000;CompteLib_0002;;;22I325;20220906;EcritureLib_0019;20230501;5,81;0,00;D;AT/218;A;20230724
AT;Achats Tiime;AT/218;20220906;40100000;CompteLib_0003;FINTERRESTO;INTERRESTO;22I325;20220906;EcritureLib_0019;20230501;0,00;111,36;C;AT/218;K;20221221
AT;Achats Tiime;AT/219;20220906;60100000;CompteLib_0010;;;2;20220906;EcritureLib_0045;20230501;28,34;0,00;D;AT/219;;
AT;Achats Tiime;AT/219;20220906;40100000;CompteLib_0003;FBOURAS;BOURAS VIANDE;2;20220906;EcritureLib_0045;20230501;0,00;28,34;C;AT/219;C;20230502
AT;Achats Tiime;AT/220;20220906;62211000;CompteLib_0008;;;22I435;20220906;EcritureLib_0006;20230501;523,04;0,00;D;AT/220;;
AT;Achats Tiime;AT/220;20220906;44566000;CompteLib_0002;;;22I435;20220906;EcritureLib_0006;20230501;104,62;0,00;D;AT/220;A;20230724
AT;Achats Tiime;AT/220;20220906;40100000;CompteLib_0003;FUBER;UBER;22I435;20220906;EcritureLib_0006;20230501;0,00;627,66;C;AT/220;A;20230131
AT;Achats Tiime;AT/221;20220906;40100000;CompteLib_0003;FUBER;UBER;17;20220906;EcritureLib_0006;20230501;627,66;0,00;D;AT/221;A;20230131
AT;Achats Tiime;AT/221;20220906;51100001;CompteLib_0009;;;17;20220906;EcritureLib_0006;20230501;0,00;627,66;C;AT/221;;
AT;Achats Tiime;AT/222;20220907;60100000;CompteLib_0010;;;22I332;20220907;EcritureLib_0019;20230501;109,16;0,00;D;AT/222;;
AT;Achats Tiime;AT/222;20220907;44566000;CompteLib_0002;;;22I332;20220907;EcritureLib_0019;20230501;7,98;0,00;D;AT/222;A;20230724
AT;Achats Tiime;AT/222;20220907;40100000;CompteLib_0003;FINTERRESTO;INTERRESTO;22I332;20220907;EcritureLib_0019;20230501;0,00;117,14;C;AT/222;J;20221221
AT;Achats Tiime;AT/223;20220908;60100000;CompteLib_0010;;;22I335;20220908;EcritureLib_0020;20230501;104,91;0,00;D;AT/223;;
AT;Achats Tiime;AT/223;20220908;44566000;CompteLib_0002;;;22I335;20220908;EcritureLib_0020;20230501;5,77;0,00;D;AT/223;A;20230724
AT;Achats Tiime;AT/223;20220908;40100000;CompteLib_0003;FMETRO;METRO;22I335;20220908;EcritureLib_0020;20230501;0,00;110,68;C;AT/223;K;20221221
AT;Achats Tiime;AT/224;20220909;60100000;CompteLib_0010;;;22I340;20220909;EcritureLib_0020;20230501;107,09;0,00;D;AT/224;;
AT;Achats Tiime;AT/224;20220909;44566000;CompteLib_0002;;;22I340;20220909;EcritureLib_0020;20230501;10,59;0,00;D;AT/224;A;20230724
AT;Achats Tiime;AT/224;20220909;40100000;CompteLib_0003;FMETRO;METRO;22I340;20220909;EcritureLib_0020;20230501;0,00;117,68;C;AT/224;M;20221221
AT;Achats Tiime;AT/225;20220909;60200000;CompteLib_0024;;;22I440;20220909;EcritureLib_0046;20230501;75,00;0,00;D;AT/225;;
AT;Achats Tiime;AT/225;20220909;44566000;CompteLib_0002;;;22I440;20220909;EcritureLib_0046;20230501;15,00;0,00;D;AT/225;A;20230724
AT;Achats Tiime;AT/225;20220909;40100000;CompteLib_0003;FORYDIS;ORYDIS;22I440;20220909;EcritureLib_0046;20230501;0,00;90,00;C;AT/225;A;20230124
AT;Achats Tiime;AT/226;20220909;60200000;CompteLib_0024;;;22I439;20220909;EcritureLib_0046;20230501;176,67;0,00;D;AT/226;;
AT;Achats Tiime;AT/226;20220909;44566000;CompteLib_0002;;;22I439;20220909;EcritureLib_0046;20230501;35,33;0,00;D;AT/226;A;20230724
AT;Achats Tiime;AT/226;20220909;40100000;CompteLib_0003;FORYDIS;ORYDIS;22I439;20220909;EcritureLib_0046;20230501;0,00;212,00;C;AT/226;B;20230124
AT;Achats Tiime;AT/227;20220909;60100000;CompteLib_0010;;;22I341;20220909;EcritureLib_0025;20230501;63,33;0,00;D;AT/227;;
AT;Achats Tiime;AT/227;20220909;44566000;CompteLib_0002;;;22I341;20220909;EcritureLib_0025;20230501;9,92;0,00;D;AT/227;A;20230724
AT;Achats Tiime;AT/227;20220909;40100000;CompteLib_0003;FMARCALI;MARCALI;22I341;20220909;EcritureLib_0025;20230501;0,00;73,25;C;AT/227;A;20221221
AT;Achats Tiime;AT/228;20220909;60100000;CompteLib_0010;;;22I342;20220909;EcritureLib_0022;20230501;36,19;0,00;D;AT/228;;
AT;Achats Tiime;AT/228;20220909;44566000;CompteLib_0002;;;22I342;20220909;EcritureLib_0022;20230501;1,99;0,00;D;AT/228;A;20230724
AT;Achats Tiime;AT/228;20220909;40100000;CompteLib_0003;FINTERRESTO;INTERRESTO;22I342;20220909;EcritureLib_0022;20230501;0,00;38,18;C;AT/228;N;20221221
AT;Achats Tiime;AT/229;20220912;62214000;CompteLib_0020;;;22I469;20220912;EcritureLib_0034;20230501;43,01;0,00;D;AT/229;;
AT;Achats Tiime;AT/229;20220912;44566000;CompteLib_0002;;;22I469;20220912;EcritureLib_0034;20230501;0,37;0,00;D;AT/229;A;20230724
AT;Achats Tiime;AT/229;20220912;51100005;CompteLib_0021;;;22I469;20220912;EcritureLib_0034;20230501;0,00;43,38;C;AT/229;;
AT;Achats Tiime;AT/230;20220912;60630000;CompteLib_0004;;;22I350;20220912;EcritureLib_0003;20230501;187,50;0,00;D;AT/230;;
AT;Achats Tiime;AT/230;20220912;44566000;CompteLib_0002;;;22I350;20220912;EcritureLib_0003;20230501;37,50;0,00;D;AT/230;A;20230724
AT;Achats Tiime;AT/230;20220912;40100000;CompteLib_0003;FBRICODEPOT;BRICO DEPOT;22I350;20220912;EcritureLib_0003;20230501;0,00;225,00;C;AT/230;D;20221221
AT;Achats Tiime;AT/231;20220913;62310000;CompteLib_0015;;;22I441;20220913;EcritureLib_0047;20230501;95,00;0,00;D;AT/231;;
AT;Achats Tiime;AT/231;20220913;44566000;CompteLib_0002;;;22I441;20220913;EcritureLib_0047;20230501;19,00;0,00;D;AT/231;A;20230724
AT;Achats Tiime;AT/231;20220913;40100000;CompteLib_0003;FEXEDOS;EXEDOS;22I441;20220913;EcritureLib_0047;20230501;0,00;114,00;C;AT/231;A;20230124
AT;Achats Tiime;AT/232;20220913;62211000;CompteLib_0008;;;22I442;20220913;EcritureLib_0006;20230501;577,31;0,00;D;AT/232;;
AT;Achats Tiime;AT/232;20220913;44566000;CompteLib_0002;;;22I442;20220913;EcritureLib_0006;20230501;115,47;0,00;D;AT/232;A;20230724
AT;Achats Tiime;AT/232;20220913;40100000;CompteLib_0003;FUBER;UBER;22I442;20220913;EcritureLib_0006;20230501;0,00;692,78;C;AT/232;A;20230131
AT;Achats Tiime;AT/233;20220913;40100000;CompteLib_0003;FUBER;UBER;16;20220913;EcritureLib_0006;20230501;692,78;0,00;D;AT/233;A;20230131
AT;Achats Tiime;AT/233;20220913;51100001;CompteLib_0009;;;16;20220913;EcritureLib_0006;20230501;0,00;692,78;C;AT/233;;
AT;Achats Tiime;AT/234;20220913;60100000;CompteLib_0010;;;22I351;20220913;EcritureLib_0019;20230501;100,48;0,00;D;AT/234;;
AT;Achats Tiime;AT/234;20220913;44566000;CompteLib_0002;;;22I351;20220913;EcritureLib_0019;20230501;7,75;0,00;D;AT/234;A;20230724
AT;Achats Tiime;AT/234;20220913;40100000;CompteLib_0003;FINTERRESTO;INTERRESTO;22I351;20220913;EcritureLib_0019;20230501;0,00;108,23;C;AT/234;O;20221221
AT;Achats Tiime;AT/235;20220914;60630000;CompteLib_0004;;;22I363;20220914;EcritureLib_0003;20230501;174,08;0,00;D;AT/235;;
AT;Achats Tiime;AT/235;20220914;44566000;CompteLib_0002;;;22I363;20220914;EcritureLib_0003;20230501;34,82;0,00;D;AT/235;A;20230724
AT;Achats Tiime;AT/235;20220914;40100000;CompteLib_0003;FBRICODEPOT;BRICO DEPOT;22I363;20220914;EcritureLib_0003;20230501;0,00;208,90;C;AT/235;B;20221221
AT;Achats Tiime;AT/236;20220914;62310000;CompteLib_0015;;;FR-092022-33504;20220914;EcritureLib_0048;20230501;60,00;0,00;D;AT/236;;
AT;Achats Tiime;AT/236;20220914;44566000;CompteLib_0002;;;FR-092022-33504;20220914;EcritureLib_0048;20230501;12,00;0,00;D;AT/236;A;20230724
AT;Achats Tiime;AT/236;20220914;40100000;CompteLib_0003;FPARTOO;PARTOO;FR-092022-33504;20220914;EcritureLib_0048;20230501;0,00;72,00;C;AT/236;E;20230501
AT;Achats Tiime;AT/237;20220914;60630000;CompteLib_0004;;;22I364;20220914;EcritureLib_0003;20230501;63,92;0,00;D;AT/237;;
AT;Achats Tiime;AT/237;20220914;44566000;CompteLib_0002;;;22I364;20220914;EcritureLib_0003;20230501;12,78;0,00;D;AT/237;A;20230724
AT;Achats Tiime;AT/237;20220914;40100000;CompteLib_0003;FBRICODEPOT;BRICO DEPOT;22I364;20220914;EcritureLib_0003;20230501;0,00;76,70;C;AT/237;C;20221221
AT;Achats Tiime;AT/238;20220915;60100000;CompteLib_0010;;;22I446;20220915;EcritureLib_0030;20230501;203,79;0,00;D;AT/238;;
AT;Achats Tiime;AT/238;20220915;44566000;CompteLib_0002;;;22I446;20220915;EcritureLib_0030;20230501;11,21;0,00;D;AT/238;A;20230724
AT;Achats Tiime;AT/238;20220915;40100000;CompteLib_0003;FHALLES;HALLES DU SUD;22I446;20220915;EcritureLib_0030;20230501;0,00;215,00;C;AT/238;Q;20230121
AT;Achats Tiime;AT/239;20220915;60100000;CompteLib_0010;;;22I369;20220915;EcritureLib_0020;20230501;31,48;0,00;D;AT/239;;
AT;Achats Tiime;AT/239;20220915;44566000;CompteLib_0002;;;22I369;20220915;EcritureLib_0020;20230501;1,73;0,00;D;AT/239;A;20230724
AT;Achats Tiime;AT/239;20220915;40100000;CompteLib_0003;FMETRO;METRO;22I369;20220915;EcritureLib_0020;20230501;0,00;33,21;C;AT/239;S;20230117
AT;Achats Tiime;AT/240;20220917;60630000;CompteLib_0004;;;22I448;20220917;EcritureLib_0003;20230501;39,79;0,00;D;AT/240;;
AT;Achats Tiime;AT/240;20220917;44566000;CompteLib_0002;;;22I448;20220917;EcritureLib_0003;20230501;7,96;0,00;D;AT/240;A;20230724
AT;Achats Tiime;AT/240;20220917;40100000;CompteLib_0003;FBRICODEPOT;BRICO DEPOT;22I448;20220917;EcritureLib_0003;20230501;0,00;47,75;C;AT/240;I;20230124
AT;Achats Tiime;AT/241;20220917;60630000;CompteLib_0004;;;22I376;20220917;EcritureLib_0003;20230501;101,08;0,00;D;AT/241;;
AT;Achats Tiime;AT/241;20220917;44566000;CompteLib_0002;;;22I376;20220917;EcritureLib_0003;20230501;20,22;0,00;D;AT/241;A;20230724
AT;Achats Tiime;AT/241;20220917;40100000;CompteLib_0003;FBRICODEPOT;BRICO DEPOT;22I376;20220917;EcritureLib_0003;20230501;0,00;121,30;C;AT/241;A;20221221
AT;Achats Tiime;AT/242;20220918;62610000;CompteLib_0012;;;1725868043;20220918;EcritureLib_0013;20230501;42,97;0,00;D;AT/242;;
AT;Achats Tiime;AT/242;20220918;44566000;CompteLib_0002;;;1725868043;20220918;EcritureLib_0013;20230501;8,59;0,00;D;AT/242;A;20230724
AT;Achats Tiime;AT/242;20220918;40100000;CompteLib_0003;FSFR;SFR;1725868043;20220918;EcritureLib_0013;20230501;0,00;51,56;C;AT/242;E;20230119
AT;Achats Tiime;AT/243;20220919;62214000;CompteLib_0020;;;22I472;20220919;EcritureLib_0034;20230501;3,45;0,00;D;AT/243;;
AT;Achats Tiime;AT/243;20220919;44566000;CompteLib_0002;;;22I472;20220919;EcritureLib_0034;20230501;0,68;0,00;D;AT/243;A;20230724
AT;Achats Tiime;AT/243;20220919;51100005;CompteLib_0021;;;22I472;20220919;EcritureLib_0034;20230501;0,00;4,13;C;AT/243;;
AT;Achats Tiime;AT/244;20220919;60100000;CompteLib_0010;;;22I385;20220919;EcritureLib_0024;20230501;190,96;0,00;D;AT/244;;
AT;Achats Tiime;AT/244;20220919;44566000;CompteLib_0002;;;22I385;20220919;EcritureLib_0024;20230501;6,62;0,00;D;AT/244;A;20230724
AT;Achats Tiime;AT/244;20220919;40100000;CompteLib_0003;FINTERRESTO;INTERRESTO;22I385;20220919;EcritureLib_0024;20230501;0,00;197,58;C;AT/244;C;20221221
AT;Achats Tiime;AT/245;20220920;62211000;CompteLib_0008;;;22I451;20220920;EcritureLib_0006;20230501;581,95;0,00;D;AT/245;;
AT;Achats Tiime;AT/245;20220920;44566000;CompteLib_0002;;;22I451;20220920;EcritureLib_0006;20230501;116,38;0,00;D;AT/245;A;20230724
AT;Achats Tiime;AT/245;20220920;40100000;CompteLib_0003;FUBER;UBER;22I451;20220920;EcritureLib_0006;20230501;0,00;698,33;C;AT/245;A;20230131
AT;Achats Tiime;AT/246;20220920;40100000;CompteLib_0003;FUBER;UBER;15;20220920;EcritureLib_0006;20230501;698,33;0,00;D;AT/246;A;20230131
AT;Achats Tiime;AT/246;20220920;51100001;CompteLib_0009;;;15;20220920;EcritureLib_0006;20230501;0,00;698,33;C;AT/246;;
AT;Achats Tiime;AT/247;20220921;60630000;CompteLib_0004;;;22I394;20220921;EcritureLib_0049;20230501;233,33;0,00;D;AT/247;;
AT;Achats Tiime;AT/247;20220921;44566000;CompteLib_0002;;;22I394;20220921;EcritureLib_0049;20230501;46,67;0,00;D;AT/247;A;20230724
AT;Achats Tiime;AT/247;20220921;40100000;CompteLib_0003;FNORDIKHOME;NORDIKHOME;22I394;20220921;EcritureLib_0049;20230501;0,00;280,00;C;AT/247;A;20230117
AT;Achats Tiime;AT/248;20220921;60100000;CompteLib_0010;;;22I393;20220921;EcritureLib_0022;20230501;47,80;0,00;D;AT/248;;
AT;Achats Tiime;AT/248;20220921;44566000;CompteLib_0002;;;22I393;20220921;EcritureLib_0022;20230501;2,63;0,00;D;AT/248;A;20230724
AT;Achats Tiime;AT/248;20220921;40100000;CompteLib_0003;FINTERRESTO;INTERRESTO;22I393;20220921;EcritureLib_0022;20230501;0,00;50,43;C;AT/248;B;20221221
AT;Achats Tiime;AT/249;20220922;60100000;CompteLib_0010;;;22I399;20220922;EcritureLib_0020;20230501;82,76;0,00;D;AT/249;;
AT;Achats Tiime;AT/249;20220922;44566000;CompteLib_0002;;;22I399;20220922;EcritureLib_0020;20230501;6,71;0,00;D;AT/249;A;20230724
AT;Achats Tiime;AT/249;20220922;40100000;CompteLib_0003;FMETRO;METRO;22I399;20220922;EcritureLib_0020;20230501;0,00;89,47;C;AT/249;L;20221221
AT;Achats Tiime;AT/250;20220925;60100000;CompteLib_0010;;;22I403;20220925;EcritureLib_0019;20230501;59,77;0,00;D;AT/250;;
AT;Achats Tiime;AT/250;20220925;44566000;CompteLib_0002;;;22I403;20220925;EcritureLib_0019;20230501;3,29;0,00;D;AT/250;A;20230724
AT;Achats Tiime;AT/250;20220925;40100000;CompteLib_0003;FINTERRESTO;INTERRESTO;22I403;20220925;EcritureLib_0019;20230501;0,00;63,06;C;AT/250;A;20221221
AT;Achats Tiime;AT/251;20220926;60100000;CompteLib_0010;;;22I456;20220926;EcritureLib_0030;20230501;20,38;0,00;D;AT/251;;
AT;Achats Tiime;AT/251;20220926;44566000;CompteLib_0002;;;22I456;20220926;EcritureLib_0030;20230501;1,12;0,00;D;AT/251;A;20230724
AT;Achats Tiime;AT/251;20220926;40100000;CompteLib_0003;FHALLES;HALLES DU SUD;22I456;20220926;EcritureLib_0030;20230501;0,00;21,50;C;AT/251;S;20230121
AT;Achats Tiime;AT/252;20220926;62214000;CompteLib_0020;;;22I501;20220926;EcritureLib_0034;20230501;1,25;0,00;D;AT/252;;
AT;Achats Tiime;AT/252;20220926;44566000;CompteLib_0002;;;22I501;20220926;EcritureLib_0034;20230501;0,25;0,00;D;AT/252;A;20230724
AT;Achats Tiime;AT/252;20220926;51100005;CompteLib_0021;;;22I501;20220926;EcritureLib_0034;20230501;0,00;1,50;C;AT/252;;
AT;Achats Tiime;AT/253;20220927;60630000;CompteLib_0004;;;22I417;20220927;EcritureLib_0050;20230501;208,95;0,00;D;AT/253;;
AT;Achats Tiime;AT/253;20220927;44566500;CompteLib_0025;;;22I417;20220927;EcritureLib_0051;20230501;41,79;0,00;D;AT/253;B;20230509
AT;Achats Tiime;AT/253;20220927;44520000;CompteLib_0026;;;22I417;20220927;EcritureLib_0051;20230501;0,00;41,79;C;AT/253;B;20230509
AT;Achats Tiime;AT/253;20220927;40100000;CompteLib_0003;FBARCELONA;BARCELONA LED;22I417;20220927;EcritureLib_0050;20230501;0,00;208,95;C;AT/253;A;20221221
AT;Achats Tiime;AT/254;20220927;40100000;CompteLib_0003;FUBER;UBER;14;20220927;EcritureLib_0006;20230501;464,47;0,00;D;AT/254;A;20230131
AT;Achats Tiime;AT/254;20220927;51100001;CompteLib_0009;;;14;20220927;EcritureLib_0006;20230501;0,00;464,47;C;AT/254;;
AT;Achats Tiime;AT/255;20220927;62211000;CompteLib_0008;;;22I458;20220927;EcritureLib_0006;20230501;387,06;0,00;D;AT/255;;
AT;Achats Tiime;AT/255;20220927;44566000;CompteLib_0002;;;22I458;20220927;EcritureLib_0006;20230501;77,41;0,00;D;AT/255;A;20230724
AT;Achats Tiime;AT/255;20220927;40100000;CompteLib_0003;FUBER;UBER;22I458;20220927;EcritureLib_0006;20230501;0,00;464,47;C;AT/255;A;20230131
BU;Banque BU;BU/1;20211201;10130000;CompteLib_0027;;;21L1;20211201;EcritureLib_0052;20230501;0,00;1000,00;C;BU/1;;
BU;Banque BU;BU/1;20211201;51220000;CompteLib_0028;;;21L1;20211201;EcritureLib_0052;20230501;1000,00;0,00;D;BU/1;;
BU;Banque BU;BU/2;20211202;62700000;CompteLib_0029;;;21L2;20211202;EcritureLib_0053;20230501;33,82;0,00;D;BU/2;;
BU;Banque BU;BU/2;20211202;51220000;CompteLib_0028;;;21L2;20211202;EcritureLib_0053;20230501;0,00;33,82;C;BU/2;;
BU;Banque BU;BU/3;20211231;45500000;CompteLib_0011;;;21L3;20211231;EcritureLib_0054;20230501;0,00;600,00;C;BU/3;;
BU;Banque BU;BU/3;20211231;51220000;CompteLib_0028;;;21L3;20211231;EcritureLib_0054;20230501;600,00;0,00;D;BU/3;;
BU;Banque BU;BU/4;20220104;62700000;CompteLib_0029;;;22A1;20220104;EcritureLib_0055;20230501;33,82;0,00;D;BU/4;;
BU;Banque BU;BU/4;20220104;51220000;CompteLib_0028;;;22A1;20220104;EcritureLib_0055;20230501;0,00;33,82;C;BU/4;;
BU;Banque BU;BU/5;20220111;61320000;CompteLib_0018;;;22A3;20220111;EcritureLib_0056;20230501;600,00;0,00;D;BU/5;;
BU;Banque BU;BU/5;20220111;51220000;CompteLib_0028;;;22A3;20220111;EcritureLib_0056;20230501;0,00;600,00;C;BU/5;;
BU;Banque BU;BU/6;20220111;62700000;CompteLib_0029;;;22A2;20220111;EcritureLib_0057;20230501;4,25;0,00;D;BU/6;;
BU;Banque BU;BU/6;20220111;51220000;CompteLib_0028;;;22A2;20220111;EcritureLib_0057;20230501;0,00;4,25;C;BU/6;;
BU;Banque BU;BU/7;20220202;62700000;CompteLib_0029;;;22B4;20220202;EcritureLib_0055;20230501;33,82;0,00;D;BU/7;;
BU;Banque BU;BU/7;20220202;51220000;CompteLib_0028;;;22B4;20220202;EcritureLib_0055;20230501;0,00;33,82;C;BU/7;;
BU;Banque BU;BU/8;20220210;45500000;CompteLib_0011;;;22B5;20220210;EcritureLib_0058;20230501;0,00;600,00;C;BU/8;;
BU;Banque BU;BU/8;20220210;51220000;CompteLib_0028;;;22B5;20220210;EcritureLib_0058;20230501;600,00;0,00;D;BU/8;;
BU;Banque BU;BU/9;20220215;61320000;CompteLib_0018;;;22B6;20220215;EcritureLib_0056;20230501;600,00;0,00;D;BU/9;;
BU;Banque BU;BU/9;20220215;51220000;CompteLib_0028;;;22B6;20220215;EcritureLib_0056;20230501;0,00;600,00;C;BU/9;;
BU;Banque BU;BU/10;20220216;60616000;CompteLib_0013;;;22B8;20220216;EcritureLib_0059;20230501;46,65;0,00;D;BU/10;;
BU;Banque BU;BU/10;20220216;51220000;CompteLib_0028;;;22B8;20220216;EcritureLib_0059;20230501;0,00;49,22;C;BU/10;;
BU;Banque BU;BU/10;20220216;44566000;CompteLib_0002;;;22B8;20220216;EcritureLib_0059;20230501;2,57;0,00;D;BU/10;A;20230724
BU;Banque BU;BU/11;20220224;62700000;CompteLib_0029;;;22B3;20220224;EcritureLib_0060;20230501;0,00;33,82;C;BU/11;;
BU;Banque BU;BU/11;20220224;51220000;CompteLib_0028;;;22B3;20220224;EcritureLib_0060;20230501;33,82;0,00;D;BU/11;;
BU;Banque BU;BU/12;20220224;62700000;CompteLib_0029;;;22B2;20220224;EcritureLib_0061;20230501;0,00;33,82;C;BU/12;;
BU;Banque BU;BU/12;20220224;51220000;CompteLib_0028;;;22B2;20220224;EcritureLib_0061;20230501;33,82;0,00;D;BU/12;;
BU;Banque BU;BU/13;20220302;62700000;CompteLib_0029;;;22C1;20220302;EcritureLib_0062;20230501;33,82;0,00;D;BU/13;;
BU;Banque BU;BU/13;20220302;51220000;CompteLib_0028;;;22C1;20220302;EcritureLib_0062;20230501;0,00;33,82;C;BU/13;;
BU;Banque BU;BU/14;20220324;40100000;CompteLib_0003;FEDF;EDF;22C3;20220324;EcritureLib_0063;20230501;101,44;0,00;D;BU/14;C;20230117
BU;Banque BU;BU/14;20220324;51220000;CompteLib_0028;;;22C3;20220324;EcritureLib_0063;20230501;0,00;101,44;C;BU/14;;
BU;Banque BU;BU/15;20220331;40100000;CompteLib_0003;FSFR;SFR;22C4;20220331;EcritureLib_0064;20230501;74,99;0,00;D;BU/15;F;20230119
BU;Banque BU;BU/15;20220331;51220000;CompteLib_0028;;;22C4;20220331;EcritureLib_0064;20230501;0,00;74,99;C;BU/15;;
BU;Banque BU;BU/16;20220402;62700000;CompteLib_0029;;;22D11;20220402;EcritureLib_0065;20230501;33,82;0,00;D;BU/16;;
BU;Banque BU;BU/16;20220402;51220000;CompteLib_0028;;;22D11;20220402;EcritureLib_0065;20230501;0,00;33,82;C;BU/16;;
BU;Banque BU;BU/17;20220421;40100000;CompteLib_0003;FPARTOO;PARTOO;22D89;20220421;EcritureLib_0066;20230501;72,00;0,00;D;BU/17;B;20230117
BU;Banque BU;BU/17;20220421;51220000;CompteLib_0028;;;22D89;20220421;EcritureLib_0066;20230501;0,00;72,00;C;BU/17;;
BU;Banque BU;BU/18;20220425;40100000;CompteLib_0003;FSFR;SFR;22D91;20220425;EcritureLib_0067;20230501;25,99;0,00;D;BU/18;G;20230119
BU;Banque BU;BU/18;20220425;51220000;CompteLib_0028;;;22D91;20220425;EcritureLib_0067;20230501;0,00;25,99;C;BU/18;;
BU;Banque BU;BU/19;20220427;61320000;CompteLib_0018;;;22D92;20220427;EcritureLib_0068;20230501;600,00;0,00;D;BU/19;;
BU;Banque BU;BU/19;20220427;51220000;CompteLib_0028;;;22D92;20220427;EcritureLib_0068;20230501;0,00;600,00;C;BU/19;;
BU;Banque BU;BU/20;20220427;45500000;CompteLib_0011;;;22D87;20220427;EcritureLib_0069;20230501;0,00;1200,00;C;BU/20;;
BU;Banque BU;BU/20;20220427;51220000;CompteLib_0028;;;22D87;20220427;EcritureLib_0069;20230501;1200,00;0,00;D;BU/20;;
BU;Banque BU;BU/21;20220429;61600000;CompteLib_0030;;;22D93;20220429;EcritureLib_0070;20230501;53,94;0,00;D;BU/21;;
BU;Banque BU;BU/21;20220429;51220000;CompteLib_0028;;;22D93;20220429;EcritureLib_0070;20230501;0,00;53,94;C;BU/21;;
BU;Banque BU;BU/22;20220502;60100000;CompteLib_0010;;;22E281;20220502;EcritureLib_0071;20230501;34,97;0,00;D;BU/22;;
BU;Banque BU;BU/22;20220502;51220000;CompteLib_0028;;;22E281;20220502;EcritureLib_0071;20230501;0,00;34,97;C;BU/22;;
BU;Banque BU;BU/23;20220502;61510000;CompteLib_0005;;;22E284;20220502;EcritureLib_0072;20230501;17,45;0,00;D;BU/23;;
BU;Banque BU;BU/23;20220502;51220000;CompteLib_0028;;;22E284;20220502;EcritureLib_0072;20230501;0,00;17,45;C;BU/23;;
BU;Banque BU;BU/24;20220502;60100000;CompteLib_0010;;;22E283;20220502;EcritureLib_0073;20230501;26,58;0,00;D;BU/24;;
BU;Banque BU;BU/24;20220502;51220000;CompteLib_0028;;;22E283;20220502;EcritureLib_0073;20230501;0,00;26,58;C;BU/24;;
BU;Banque BU;BU/25;20220502;40100000;CompteLib_0003;FINTERRESTO;INTERRESTO;22E195;20220502;EcritureLib_0074;20230501;29,33;0,00;D;BU/25;U;20230120
BU;Banque BU;BU/25;20220502;51220000;CompteLib_0028;;;22E195;20220502;EcritureLib_0074;20230501;0,00;29,33;C;BU/25;;
BU;Banque BU;BU/26;20220502;60100000;CompteLib_0010;;;22E282;20220502;EcritureLib_0075;20230501;34,00;0,00;D;BU/26;;
BU;Banque BU;BU/26;20220502;51220000;CompteLib_0028;;;22E282;20220502;EcritureLib_0075;20230501;0,00;34,00;C;BU/26;;
BU;Banque BU;BU/27;20220502;40100000;CompteLib_0003;FMETRO;METRO;22E249;20220502;EcritureLib_0076;20230501;210,25;0,00;D;BU/27;BA;20230501
BU;Banque BU;BU/27;20220502;51220000;CompteLib_0028;;;22E249;20220502;EcritureLib_0076;20230501;0,00;210,25;C;BU/27;;
BU;Banque BU;BU/28;20220502;60100000;CompteLib_0010;;;22E280;20220502;EcritureLib_0077;20230501;71,80;0,00;D;BU/28;;
BU;Banque BU;BU/28;20220502;51220000;CompteLib_0028;;;22E280;20220502;EcritureLib_0077;20230501;0,00;71,80;C;BU/28;;
BU;Banque BU;BU/29;20220502;40100000;CompteLib_0003;FINTERRESTO;INTERRESTO;22E192;20220502;EcritureLib_0078;20230501;35,87;0,00;D;BU/29;W;20230121
BU;Banque BU;BU/29;20220502;51220000;CompteLib_0028;;;22E192;20220502;EcritureLib_0078;20230501;0,00;35,87;C;BU/29;;
BU;Banque BU;BU/30;20220503;62700000;CompteLib_0029;;;22E33;20220503;EcritureLib_0079;20230501;33,82;0,00;D;BU/30;;
BU;Banque BU;BU/30;20220503;51220000;CompteLib_0028;;;22E33;20220503;EcritureLib_0079;20230501;0,00;33,82;C;BU/30;;
BU;Banque BU;BU/31;20220504;40100000;CompteLib_0003;FMARCALI;MARCALI;22E199;20220504;EcritureLib_0080;20230501;106,19;0,00;D;BU/31;D;20230119
BU;Banque BU;BU/31;20220504;51220000;CompteLib_0028;;;22E199;20220504;EcritureLib_0080;20230501;0,00;106,19;C;BU/31;;
BU;Banque BU;BU/32;20220504;60100000;CompteLib_0010;;;22E287;20220504;EcritureLib_0081;20230501;49,68;0,00;D;BU/32;;
BU;Banque BU;BU/32;20220504;51220000;CompteLib_0028;;;22E287;20220504;EcritureLib_0081;20230501;0,00;52,41;C;BU/32;;
BU;Banque BU;BU/32;20220504;44566000;CompteLib_0002;;;22E287;20220504;EcritureLib_0081;20230501;2,73;0,00;D;BU/32;A;20230724
BU;Banque BU;BU/33;20220504;60100000;CompteLib_0010;;;22E286;20220504;EcritureLib_0082;20230501;83,54;0,00;D;BU/33;;
BU;Banque BU;BU/33;20220504;51220000;CompteLib_0028;;;22E286;20220504;EcritureLib_0082;20230501;0,00;83,54;C;BU/33;;
BU;Banque BU;BU/34;20220505;62700000;CompteLib_0029;;;22E288;20220505;EcritureLib_0083;20230501;1,00;0,00;D;BU/34;;
BU;Banque BU;BU/34;20220505;51220000;CompteLib_0028;;;22E288;20220505;EcritureLib_0083;20230501;0,00;1,00;C;BU/34;;
BU;Banque BU;BU/35;20220506;60630000;CompteLib_0004;;;22E289;20220506;EcritureLib_0084;20230501;51,70;0,00;D;BU/35;;
BU;Banque BU;BU/35;20220506;51220000;CompteLib_0028;;;22E289;20220506;EcritureLib_0084;20230501;0,00;51,70;C;BU/35;;
BU;Banque BU;BU/36;20220509;60631000;CompteLib_0031;;;22E206;20220509;EcritureLib_0085;20230501;3,04;0,00;D;BU/36;;
BU;Banque BU;BU/36;20220509;51220000;CompteLib_0028;;;22E206;20220509;EcritureLib_0085;20230501;0,00;3,04;C;BU/36;;
BU;Banque BU;BU/37;20220509;60100000;CompteLib_0010;;;22E290;20220509;EcritureLib_0086;20230501;34,00;0,00;D;BU/37;;
BU;Banque BU;BU/37;20220509;51220000;CompteLib_0028;;;22E290;20220509;EcritureLib_0086;20230501;0,00;34,00;C;BU/37;;
BU;Banque BU;BU/38;20220509;51100001;CompteLib_0009;;;22E208;20220509;EcritureLib_0087;20230501;0,00;368,27;C;BU/38;;
BU;Banque BU;BU/38;20220509;51220000;CompteLib_0028;;;22E208;20220509;EcritureLib_0087;20230501;368,27;0,00;D;BU/38;;
BU;Banque BU;BU/39;20220509;62700000;CompteLib_0029;;;22E292;20220509;EcritureLib_0088;20230501;1,00;0,00;D;BU/39;;
BU;Banque BU;BU/39;20220509;51220000;CompteLib_0028;;;22E292;20220509;EcritureLib_0088;20230501;0,00;1,00;C;BU/39;;
BU;Banque BU;BU/40;20220509;60100000;CompteLib_0010;;;22E291;20220509;EcritureLib_0089;20230501;19,00;0,00;D;BU/40;;
BU;Banque BU;BU/40;20220509;51220000;CompteLib_0028;;;22E291;20220509;EcritureLib_0089;20230501;0,00;19,00;C;BU/40;;
BU;Banque BU;BU/41;20220511;45500000;CompteLib_0011;;;22E210;20220511;EcritureLib_0069;20230501;0,00;600,00;C;BU/41;;
BU;Banque BU;BU/41;20220511;51220000;CompteLib_0028;;;22E210;20220511;EcritureLib_0069;20230501;600,00;0,00;D;BU/41;;
BU;Banque BU;BU/42;20220511;60100000;CompteLib_0010;;;22E293;20220511;EcritureLib_0090;20230501;75,01;0,00;D;BU/42;;
BU;Banque BU;BU/42;20220511;51220000;CompteLib_0028;;;22E293;20220511;EcritureLib_0090;20230501;0,00;75,01;C;BU/42;;
BU;Banque BU;BU/43;20220512;51100004;CompteLib_0032;;;OK COMM;20220512;EcritureLib_0091;20230501;0,00;48,60;C;BU/43;;
BU;Banque BU;BU/43;20220512;51220000;CompteLib_0028;;;22E253;20220512;EcritureLib_0091;20230501;31,11;0,00;D;BU/43;;
BU;Banque BU;BU/43;20220512;62210000;CompteLib_0033;;;22E253;20220512;EcritureLib_0091;20230501;14,58;0,00;D;BU/43;;
BU;Banque BU;BU/43;20220512;44566000;CompteLib_0002;;;22E253;20220512;EcritureLib_0091;20230501;2,91;0,00;D;BU/43;A;20230724
BU;Banque BU;BU/44;20220516;40100000;CompteLib_0003;FINTERRESTO;INTERRESTO;22E212;20220516;EcritureLib_0092;20230501;29,64;0,00;D;BU/44;Y;20230121
BU;Banque BU;BU/44;20220516;51220000;CompteLib_0028;;;22E212;20220516;EcritureLib_0092;20230501;0,00;29,64;C;BU/44;;
BU;Banque BU;BU/45;20220516;51100001;CompteLib_0009;;;22E213;20220516;EcritureLib_0093;20230501;0,00;422,46;C;BU/45;;
BU;Banque BU;BU/45;20220516;51220000;CompteLib_0028;;;22E213;20220516;EcritureLib_0093;20230501;422,46;0,00;D;BU/45;;
BU;Banque BU;BU/46;20220518;62270000;CompteLib_0034;;;22E120;20220518;EcritureLib_0094;20230501;4,86;0,00;D;BU/46;;
BU;Banque BU;BU/46;20220518;51220000;CompteLib_0028;;;22E120;20220518;EcritureLib_0094;20230501;0,00;4,86;C;BU/46;;
BU;Banque BU;BU/47;20220518;40100000;CompteLib_0003;FPARTOO;PARTOO;22E217;20220518;EcritureLib_0066;20230501;72,00;0,00;D;BU/47;A;20230117
BU;Banque BU;BU/47;20220518;51220000;CompteLib_0028;;;22E217;20220518;EcritureLib_0066;20230501;0,00;72,00;C;BU/47;;
BU;Banque BU;BU/48;20220518;40100000;CompteLib_0003;FPMOREAU;PIERRE MOREAU;22E216;20220518;EcritureLib_0068;20230501;600,00;0,00;D;BU/48;A;20230124
BU;Banque BU;BU/48;20220518;51220000;CompteLib_0028;;;22E216;20220518;EcritureLib_0068;20230501;0,00;600,00;C;BU/48;;
BU;Banque BU;BU/49;20220518;60100000;CompteLib_0010;;;22E295;20220518;EcritureLib_0095;20230501;110,92;0,00;D;BU/49;;
BU;Banque BU;BU/49;20220518;51220000;CompteLib_0028;;;22E295;20220518;EcritureLib_0095;20230501;0,00;110,92;C;BU/49;;
BU;Banque BU;BU/50;20220519;51100004;CompteLib_0032;;;OK COMM;20220519;EcritureLib_0091;20230501;0,00;247,60;C;BU/50;;
BU;Banque BU;BU/50;20220519;51220000;CompteLib_0028;;;22E259;20220519;EcritureLib_0091;20230501;158,64;0,00;D;BU/50;;
BU;Banque BU;BU/50;20220519;62210000;CompteLib_0033;;;22E259;20220519;EcritureLib_0091;20230501;74,12;0,00;D;BU/50;;
BU;Banque BU;BU/50;20220519;44566000;CompteLib_0002;;;22E259;20220519;EcritureLib_0091;20230501;14,84;0,00;D;BU/50;A;20230724
BU;Banque BU;BU/51;20220519;62600000;CompteLib_0035;;;22E218;20220519;EcritureLib_0096;20230501;1,16;0,00;D;BU/51;;
BU;Banque BU;BU/51;20220519;51220000;CompteLib_0028;;;22E218;20220519;EcritureLib_0096;20230501;0,00;1,16;C;BU/51;;
BU;Banque BU;BU/52;20220519;51100002;CompteLib_0016;;;22E219;20220519;EcritureLib_0097;20230501;0,00;61,68;C;BU/52;;
BU;Banque BU;BU/52;20220519;51220000;CompteLib_0028;;;22E219;20220519;EcritureLib_0097;20230501;61,68;0,00;D;BU/52;;
BU;Banque BU;BU/53;20220520;62600000;CompteLib_0035;;;22E220;20220520;EcritureLib_0098;20230501;14,24;0,00;D;BU/53;;
BU;Banque BU;BU/53;20220520;51220000;CompteLib_0028;;;22E220;20220520;EcritureLib_0098;20230501;0,00;14,24;C;BU/53;;
BU;Banque BU;BU/54;20220523;51100001;CompteLib_0009;;;22E226;20220523;EcritureLib_0099;20230501;0,00;829,21;C;BU/54;;
BU;Banque BU;BU/54;20220523;51220000;CompteLib_0028;;;22E226;20220523;EcritureLib_0099;20230501;829,21;0,00;D;BU/54;;
BU;Banque BU;BU/55;20220523;40100000;CompteLib_0003;FINTERRESTO;INTERRESTO;22E224;20220523;EcritureLib_0100;20230501;69,04;0,00;D;BU/55;Q;20221221
BU;Banque BU;BU/55;20220523;51220000;CompteLib_0028;;;22E224;20220523;EcritureLib_0100;20230501;0,00;69,04;C;BU/55;;
BU;Banque BU;BU/55;20220523;40100000;CompteLib_0003;FINTERRESTO;INTERRESTO;22E224;20220523;EcritureLib_0100;20230501;5,05;0,00;D;BU/55;Q;20221221
BU;Banque BU;BU/55;20220523;51220000;CompteLib_0028;;;22E224;20220523;EcritureLib_0100;20230501;0,00;5,05;C;BU/55;;
BU;Banque BU;BU/56;20220523;40100000;CompteLib_0003;FACTION;ACTION;22E225;20220523;EcritureLib_0101;20230501;15,26;0,00;D;BU/56;A;20221221
BU;Banque BU;BU/56;20220523;51220000;CompteLib_0028;;;22E225;20220523;EcritureLib_0101;20230501;0,00;15,26;C;BU/56;;
BU;Banque BU;BU/57;20220524;60100000;CompteLib_0010;;;22E296;20220524;EcritureLib_0102;20230501;52,50;0,00;D;BU/57;;
BU;Banque BU;BU/57;20220524;51220000;CompteLib_0028;;;22E296;20220524;EcritureLib_0102;20230501;0,00;52,50;C;BU/57;;
BU;Banque BU;BU/58;20220524;40100000;CompteLib_0003;FMARCALI;MARCALI;22E230;20220524;EcritureLib_0103;20230501;13,21;0,00;D;BU/58;B;20221221
BU;Banque BU;BU/58;20220524;51220000;CompteLib_0028;;;22E230;20220524;EcritureLib_0103;20230501;0,00;13,21;C;BU/58;;
BU;Banque BU;BU/58;20220524;40100000;CompteLib_0003;FMARCALI;MARCALI;22E230;20220524;EcritureLib_0103;20230501;23,09;0,00;D;BU/58;B;20221221
BU;Banque BU;BU/58;20220524;51220000;CompteLib_0028;;;22E230;20220524;EcritureLib_0103;20230501;0,00;23,09;C;BU/58;;
BU;Banque BU;BU/59;20220524;60100000;CompteLib_0010;;;22E262;20220524;EcritureLib_0104;20230501;189,57;0,00;D;BU/59;;
BU;Banque BU;BU/59;20220524;51220000;CompteLib_0028;;;22E262;20220524;EcritureLib_0104;20230501;0,00;200,00;C;BU/59;;
BU;Banque BU;BU/59;20220524;44566000;CompteLib_0002;;;22E262;20220524;EcritureLib_0104;20230501;10,43;0,00;D;BU/59;A;20230724
BU;Banque BU;BU/60;20220524;60616000;CompteLib_0013;;;22E297;20220524;EcritureLib_0063;20230501;261,74;0,00;D;BU/60;;
BU;Banque BU;BU/60;20220524;51220000;CompteLib_0028;;;22E297;20220524;EcritureLib_0063;20230501;0,00;276,14;C;BU/60;;
BU;Banque BU;BU/60;20220524;44566000;CompteLib_0002;;;22E297;20220524;EcritureLib_0063;20230501;14,40;0,00;D;BU/60;A;20230724
BU;Banque BU;BU/61;20220525;40100000;CompteLib_0003;FSFR;SFR;22E232;20220525;EcritureLib_0105;20230501;49,28;0,00;D;BU/61;D;20230119
BU;Banque BU;BU/61;20220525;51220000;CompteLib_0028;;;22E232;20220525;EcritureLib_0105;20230501;0,00;49,28;C;BU/61;;
BU;Banque BU;BU/62;20220526;51100004;CompteLib_0032;;;OK COMM;20220526;EcritureLib_0091;20230501;0,00;63,40;C;BU/62;;
BU;Banque BU;BU/62;20220526;51220000;CompteLib_0028;;;22E265;20220526;EcritureLib_0091;20230501;40,58;0,00;D;BU/62;;
BU;Banque BU;BU/62;20220526;62210000;CompteLib_0033;;;22E265;20220526;EcritureLib_0091;20230501;19,02;0,00;D;BU/62;;
BU;Banque BU;BU/62;20220526;44566000;CompteLib_0002;;;22E265;20220526;EcritureLib_0091;20230501;3,80;0,00;D;BU/62;A;20230724
BU;Banque BU;BU/63;20220527;51100003;CompteLib_0036;;;22E236;20220527;EcritureLib_0106;20230501;0,00;40,52;C;BU/63;;
BU;Banque BU;BU/63;20220527;51220000;CompteLib_0028;;;22E236;20220527;EcritureLib_0106;20230501;40,52;0,00;D;BU/63;;
BU;Banque BU;BU/64;20220527;51100003;CompteLib_0036;;;22E235;20220527;EcritureLib_0107;20230501;0,00;35,54;C;BU/64;;
BU;Banque BU;BU/64;20220527;51220000;CompteLib_0028;;;22E235;20220527;EcritureLib_0107;20230501;35,54;0,00;D;BU/64;;
BU;Banque BU;BU/65;20220527;40100000;CompteLib_0003;FEAU;EAU DU VALENCIENNOIS;22E234;20220527;EcritureLib_0108;20230501;139,98;0,00;D;BU/65;A;20221221
BU;Banque BU;BU/65;20220527;51220000;CompteLib_0028;;;22E234;20220527;EcritureLib_0108;20230501;0,00;139,98;C;BU/65;;
BU;Banque BU;BU/66;20220530;40100000;CompteLib_0003;FINTERRESTO;INTERRESTO;22E237;20220530;EcritureLib_0109;20230501;139,57;0,00;D;BU/66;P;20221221
BU;Banque BU;BU/66;20220530;51220000;CompteLib_0028;;;22E237;20220530;EcritureLib_0109;20230501;0,00;139,57;C;BU/66;;
BU;Banque BU;BU/66;20220530;40100000;CompteLib_0003;FINTERRESTO;INTERRESTO;22E237;20220530;EcritureLib_0109;20230501;2,88;0,00;D;BU/66;P;20221221
BU;Banque BU;BU/66;20220530;51220000;CompteLib_0028;;;22E237;20220530;EcritureLib_0109;20230501;0,00;2,88;C;BU/66;;
BU;Banque BU;BU/67;20220530;51100003;CompteLib_0036;;;22E240;20220530;EcritureLib_0110;20230501;0,00;81,53;C;BU/67;;
BU;Banque BU;BU/67;20220530;51220000;CompteLib_0028;;;22E240;20220530;EcritureLib_0110;20230501;81,53;0,00;D;BU/67;;
BU;Banque BU;BU/68;20220530;60100000;CompteLib_0010;;;22E299;20220530;EcritureLib_0111;20230501;75,00;0,00;D;BU/68;;
BU;Banque BU;BU/68;20220530;51220000;CompteLib_0028;;;22E299;20220530;EcritureLib_0111;20230501;0,00;75,00;C;BU/68;;
BU;Banque BU;BU/69;20220530;60100000;CompteLib_0010;;;22E298;20220530;EcritureLib_0112;20230501;60,28;0,00;D;BU/69;;
BU;Banque BU;BU/69;20220530;51220000;CompteLib_0028;;;22E298;20220530;EcritureLib_0112;20230501;0,00;60,28;C;BU/69;;
BU;Banque BU;BU/70;20220530;51100003;CompteLib_0036;;;22E241;20220530;EcritureLib_0113;20230501;0,00;65,21;C;BU/70;;
BU;Banque BU;BU/70;20220530;51220000;CompteLib_0028;;;22E241;20220530;EcritureLib_0113;20230501;65,21;0,00;D;BU/70;;
BU;Banque BU;BU/71;20220530;51100003;CompteLib_0036;;;22E239;20220530;EcritureLib_0114;20230501;0,00;1,99;C;BU/71;;
BU;Banque BU;BU/71;20220530;51220000;CompteLib_0028;;;22E239;20220530;EcritureLib_0114;20230501;1,99;0,00;D;BU/71;;
BU;Banque BU;BU/72;20220530;51100001;CompteLib_0009;;;22E242;20220530;EcritureLib_0115;20230501;0,00;443,51;C;BU/72;;
BU;Banque BU;BU/72;20220530;51220000;CompteLib_0028;;;22E242;20220530;EcritureLib_0115;20230501;443,51;0,00;D;BU/72;;
BU;Banque BU;BU/73;20220530;51100002;CompteLib_0016;;;22E238;20220530;EcritureLib_0116;20230501;0,00;106,35;C;BU/73;;
BU;Banque BU;BU/73;20220530;51220000;CompteLib_0028;;;22E238;20220530;EcritureLib_0116;20230501;106,35;0,00;D;BU/73;;
BU;Banque BU;BU/74;20220531;51100003;CompteLib_0036;;;22E246;20220531;EcritureLib_0117;20230501;0,00;32,16;C;BU/74;;
BU;Banque BU;BU/74;20220531;51220000;CompteLib_0028;;;22E246;20220531;EcritureLib_0117;20230501;32,16;0,00;D;BU/74;;
BU;Banque BU;BU/75;20220531;60100000;CompteLib_0010;;;22E300;20220531;EcritureLib_0118;20230501;34,00;0,00;D;BU/75;;
BU;Banque BU;BU/75;20220531;51220000;CompteLib_0028;;;22E300;20220531;EcritureLib_0118;20230501;0,00;34,00;C;BU/75;;
BU;Banque BU;BU/76;20220601;62700000;CompteLib_0029;;;22F411;20220601;EcritureLib_0119;20230501;88,50;0,00;D;BU/76;;
BU;Banque BU;BU/76;20220601;51220000;CompteLib_0028;;;22F411;20220601;EcritureLib_0119;20230501;0,00;106,20;C;BU/76;;
BU;Banque BU;BU/76;20220601;44566000;CompteLib_0002;;;22F411;20220601;EcritureLib_0119;20230501;17,70;0,00;D;BU/76;A;20230724
BU;Banque BU;BU/77;20220601;51100003;CompteLib_0036;;;22F251;20220601;EcritureLib_0120;20230501;0,00;31,56;C;BU/77;;
BU;Banque BU;BU/77;20220601;51220000;CompteLib_0028;;;22F251;20220601;EcritureLib_0120;20230501;31,56;0,00;D;BU/77;;
BU;Banque BU;BU/78;20220601;51100002;CompteLib_0016;;;22F252;20220601;EcritureLib_0121;20230501;0,00;155,67;C;BU/78;;
BU;Banque BU;BU/78;20220601;51220000;CompteLib_0028;;;22F252;20220601;EcritureLib_0121;20230501;155,67;0,00;D;BU/78;;
BU;Banque BU;BU/79;20220601;51100003;CompteLib_0036;;;22F250;20220601;EcritureLib_0122;20230501;0,00;105,61;C;BU/79;;
BU;Banque BU;BU/79;20220601;51220000;CompteLib_0028;;;22F250;20220601;EcritureLib_0122;20230501;105,61;0,00;D;BU/79;;
BU;Banque BU;BU/80;20220601;40100000;CompteLib_0003;FLECLERC;LECLERC;22F249;20220601;EcritureLib_0123;20230501;30,83;0,00;D;BU/80;A;20221221
BU;Banque BU;BU/80;20220601;51220000;CompteLib_0028;;;22F249;20220601;EcritureLib_0123;20230501;0,00;30,83;C;BU/80;;
BU;Banque BU;BU/80;20220601;40100000;CompteLib_0003;FLECLERC;LECLERC;22F249;20220601;EcritureLib_0123;20230501;8,20;0,00;D;BU/80;A;20221221
BU;Banque BU;BU/80;20220601;51220000;CompteLib_0028;;;22F249;20220601;EcritureLib_0123;20230501;0,00;8,20;C;BU/80;;
BU;Banque BU;BU/81;20220602;40100000;CompteLib_0003;FMETRO;METRO;22F254;20220602;EcritureLib_0124;20230501;136,11;0,00;D;BU/81;AI;20230501
BU;Banque BU;BU/81;20220602;51220000;CompteLib_0028;;;22F254;20220602;EcritureLib_0124;20230501;0,00;136,11;C;BU/81;;
BU;Banque BU;BU/82;20220602;51100004;CompteLib_0032;;;OK COMM;20220602;EcritureLib_0091;20230501;0,00;96,90;C;BU/82;;
BU;Banque BU;BU/82;20220602;51220000;CompteLib_0028;;;22F377;20220602;EcritureLib_0091;20230501;62,02;0,00;D;BU/82;;
BU;Banque BU;BU/82;20220602;62210000;CompteLib_0033;;;OK COMM;20220602;EcritureLib_0091;20230501;29,07;0,00;D;BU/82;;
BU;Banque BU;BU/82;20220602;44566000;CompteLib_0002;;;OK COMM;20220602;EcritureLib_0091;20230501;5,81;0,00;D;BU/82;A;20230724
BU;Banque BU;BU/83;20220602;62700000;CompteLib_0029;;;22F18;20220602;EcritureLib_0125;20230501;33,82;0,00;D;BU/83;;
BU;Banque BU;BU/83;20220602;51220000;CompteLib_0028;;;22F18;20220602;EcritureLib_0125;20230501;0,00;33,82;C;BU/83;;
BU;Banque BU;BU/84;20220602;51100003;CompteLib_0036;;;22F256;20220602;EcritureLib_0126;20230501;0,00;37,53;C;BU/84;;
BU;Banque BU;BU/84;20220602;51220000;CompteLib_0028;;;22F256;20220602;EcritureLib_0126;20230501;37,53;0,00;D;BU/84;;
BU;Banque BU;BU/85;20220602;51100003;CompteLib_0036;;;22F255;20220602;EcritureLib_0127;20230501;0,00;195,61;C;BU/85;;
BU;Banque BU;BU/85;20220602;51220000;CompteLib_0028;;;22F255;20220602;EcritureLib_0127;20230501;195,61;0,00;D;BU/85;;
BU;Banque BU;BU/86;20220603;60100000;CompteLib_0010;;;22F413;20220603;EcritureLib_0128;20230501;66,00;0,00;D;BU/86;;
BU;Banque BU;BU/86;20220603;51220000;CompteLib_0028;;;22F413;20220603;EcritureLib_0128;20230501;0,00;66,00;C;BU/86;;
BU;Banque BU;BU/87;20220603;51100003;CompteLib_0036;;;22F258;20220603;EcritureLib_0129;20230501;0,00;221,29;C;BU/87;;
BU;Banque BU;BU/87;20220603;51220000;CompteLib_0028;;;22F258;20220603;EcritureLib_0129;20230501;221,29;0,00;D;BU/87;;
BU;Banque BU;BU/88;20220606;51100001;CompteLib_0009;;;22F260;20220606;EcritureLib_0130;20230501;0,00;564,01;C;BU/88;;
BU;Banque BU;BU/88;20220606;51220000;CompteLib_0028;;;22F260;20220606;EcritureLib_0130;20230501;564,01;0,00;D;BU/88;;
BU;Banque BU;BU/89;20220607;60100000;CompteLib_0010;;;22F415;20220607;EcritureLib_0131;20230501;94,70;0,00;D;BU/89;;
BU;Banque BU;BU/89;20220607;51220000;CompteLib_0028;;;22F415;20220607;EcritureLib_0131;20230501;0,00;94,70;C;BU/89;;
BU;Banque BU;BU/90;20220607;60100000;CompteLib_0010;;;22F414;20220607;EcritureLib_0132;20230501;32,93;0,00;D;BU/90;;
BU;Banque BU;BU/90;20220607;51220000;CompteLib_0028;;;22F414;20220607;EcritureLib_0132;20230501;0,00;32,93;C;BU/90;;
BU;Banque BU;BU/91;20220607;60100000;CompteLib_0010;;;22F416;20220607;EcritureLib_0133;20230501;72,27;0,00;D;BU/91;;
BU;Banque BU;BU/91;20220607;51220000;CompteLib_0028;;;22F416;20220607;EcritureLib_0133;20230501;0,00;72,27;C;BU/91;;
BU;Banque BU;BU/92;20220607;40100000;CompteLib_0003;FINTERRESTO;INTERRESTO;22F269;20220607;EcritureLib_0134;20230501;211,71;0,00;D;BU/92;D;20221221
BU;Banque BU;BU/92;20220607;51220000;CompteLib_0028;;;22F269;20220607;EcritureLib_0134;20230501;0,00;211,71;C;BU/92;;
BU;Banque BU;BU/92;20220607;40100000;CompteLib_0003;FINTERRESTO;INTERRESTO;22F269;20220607;EcritureLib_0134;20230501;5,33;0,00;D;BU/92;D;20221221
BU;Banque BU;BU/92;20220607;51220000;CompteLib_0028;;;22F269;20220607;EcritureLib_0134;20230501;0,00;5,33;C;BU/92;;
BU;Banque BU;BU/93;20220607;40100000;CompteLib_0003;FHALLES;HALLES DU SUD;22F274;20220607;EcritureLib_0135;20230501;19,00;0,00;D;BU/93;D;20230121
BU;Banque BU;BU/93;20220607;51220000;CompteLib_0028;;;22F274;20220607;EcritureLib_0135;20230501;0,00;19,00;C;BU/93;;
BU;Banque BU;BU/94;20220607;61320000;CompteLib_0018;;;22F262;20220607;EcritureLib_0068;20230501;600,00;0,00;D;BU/94;;
BU;Banque BU;BU/94;20220607;51220000;CompteLib_0028;;;22F262;20220607;EcritureLib_0068;20230501;0,00;600,00;C;BU/94;;
BU;Banque BU;BU/95;20220607;40100000;CompteLib_0003;FMETRO;METRO;22F271;20220607;EcritureLib_0136;20230501;173,74;0,00;D;BU/95;B;20221221
BU;Banque BU;BU/95;20220607;51220000;CompteLib_0028;;;22F271;20220607;EcritureLib_0136;20230501;0,00;173,74;C;BU/95;;
BU;Banque BU;BU/95;20220607;40100000;CompteLib_0003;FMETRO;METRO;22F271;20220607;EcritureLib_0136;20230501;20,59;0,00;D;BU/95;B;20221221
BU;Banque BU;BU/95;20220607;51220000;CompteLib_0028;;;22F271;20220607;EcritureLib_0136;20230501;0,00;20,59;C;BU/95;;
BU;Banque BU;BU/96;20220607;51100003;CompteLib_0036;;;22F268;20220607;EcritureLib_0137;20230501;0,00;328,91;C;BU/96;;
BU;Banque BU;BU/96;20220607;51220000;CompteLib_0028;;;22F268;20220607;EcritureLib_0137;20230501;328,91;0,00;D;BU/96;;
BU;Banque BU;BU/97;20220607;51100003;CompteLib_0036;;;22F267;20220607;EcritureLib_0138;20230501;0,00;181,38;C;BU/97;;
BU;Banque BU;BU/97;20220607;51220000;CompteLib_0028;;;22F267;20220607;EcritureLib_0138;20230501;181,38;0,00;D;BU/97;;
BU;Banque BU;BU/98;20220607;51100003;CompteLib_0036;;;22F266;20220607;EcritureLib_0139;20230501;0,00;237,23;C;BU/98;;
BU;Banque BU;BU/98;20220607;51220000;CompteLib_0028;;;22F266;20220607;EcritureLib_0139;20230501;237,23;0,00;D;BU/98;;
BU;Banque BU;BU/99;20220607;51100003;CompteLib_0036;;;22F263;20220607;EcritureLib_0140;20230501;0,00;215,02;C;BU/99;;
BU;Banque BU;BU/99;20220607;51220000;CompteLib_0028;;;22F263;20220607;EcritureLib_0140;20230501;215,02;0,00;D;BU/99;;
BU;Banque BU;BU/100;20220607;51100003;CompteLib_0036;;;22F264;20220607;EcritureLib_0141;20230501;0,00;72,07;C;BU/100;;
BU;Banque BU;BU/100;20220607;51220000;CompteLib_0028;;;22F264;20220607;EcritureLib_0141;20230501;72,07;0,00;D;BU/100;;
BU;Banque BU;BU/101;20220607;51100003;CompteLib_0036;;;22F265;20220607;EcritureLib_0142;20230501;0,00;152,62;C;BU/101;;
BU;Banque BU;BU/101;20220607;51220000;CompteLib_0028;;;22F265;20220607;EcritureLib_0142;20230501;152,62;0,00;D;BU/101;;
BU;Banque BU;BU/102;20220608;51100003;CompteLib_0036;;;22F277;20220608;EcritureLib_0143;20230501;0,00;11,85;C;BU/102;;
BU;Banque BU;BU/102;20220608;51220000;CompteLib_0028;;;22F277;20220608;EcritureLib_0143;20230501;11,85;0,00;D;BU/102;;
BU;Banque BU;BU/103;20220608;51100002;CompteLib_0016;;;22F276;20220608;EcritureLib_0144;20230501;0,00;205,34;C;BU/103;;
BU;Banque BU;BU/103;20220608;51220000;CompteLib_0028;;;22F276;20220608;EcritureLib_0144;20230501;205,34;0,00;D;BU/103;;
BU;Banque BU;BU/104;20220608;40100000;CompteLib_0003;FMETRO;METRO;22F281;20220608;EcritureLib_0145;20230501;51,59;0,00;D;BU/104;G;20221221
BU;Banque BU;BU/104;20220608;51220000;CompteLib_0028;;;22F281;20220608;EcritureLib_0145;20230501;0,00;51,59;C;BU/104;;
BU;Banque BU;BU/105;20220608;60100000;CompteLib_0010;;;22F417;20220608;EcritureLib_0146;20230501;21,24;0,00;D;BU/105;;
BU;Banque BU;BU/105;20220608;51220000;CompteLib_0028;;;22F417;20220608;EcritureLib_0146;20230501;0,00;21,24;C;BU/105;;
BU;Banque BU;BU/106;20220608;51100003;CompteLib_0036;;;22F278;20220608;EcritureLib_0147;20230501;0,00;204,88;C;BU/106;;
BU;Banque BU;BU/106;20220608;51220000;CompteLib_0028;;;22F278;20220608;EcritureLib_0147;20230501;204,88;0,00;D;BU/106;;
BU;Banque BU;BU/107;20220608;60100000;CompteLib_0010;;;22F381;20220608;EcritureLib_0148;20230501;43,18;0,00;D;BU/107;;
BU;Banque BU;BU/107;20220608;51220000;CompteLib_0028;;;22F381;20220608;EcritureLib_0148;20230501;0,00;45,55;C;BU/107;;
BU;Banque BU;BU/107;20220608;44566000;CompteLib_0002;;;22F381;20220608;EcritureLib_0148;20230501;2,37;0,00;D;BU/107;A;20230724
BU;Banque BU;BU/108;20220609;51100004;CompteLib_0032;;;OK COMM;20220609;EcritureLib_0091;20230501;0,00;91,70;C;BU/108;;
BU;Banque BU;BU/108;20220609;51220000;CompteLib_0028;;;22F382;20220609;EcritureLib_0091;20230501;58,69;0,00;D;BU/108;;
BU;Banque BU;BU/108;20220609;62210000;CompteLib_0033;;;22F382;20220609;EcritureLib_0091;20230501;27,51;0,00;D;BU/108;;
BU;Banque BU;BU/108;20220609;44566000;CompteLib_0002;;;22F382;20220609;EcritureLib_0091;20230501;5,50;0,00;D;BU/108;A;20230724
BU;Banque BU;BU/109;20220609;51100003;CompteLib_0036;;;22F282;20220609;EcritureLib_0149;20230501;0,00;23,69;C;BU/109;;
BU;Banque BU;BU/109;20220609;51220000;CompteLib_0028;;;22F282;20220609;EcritureLib_0149;20230501;23,69;0,00;D;BU/109;;
BU;Banque BU;BU/110;20220609;51100003;CompteLib_0036;;;22F283;20220609;EcritureLib_0150;20230501;0,00;136,38;C;BU/110;;
BU;Banque BU;BU/110;20220609;51220000;CompteLib_0028;;;22F283;20220609;EcritureLib_0150;20230501;136,38;0,00;D;BU/110;;
BU;Banque BU;BU/111;20220609;40100000;CompteLib_0003;FHALLES;HALLES DU SUD;22F284;20220609;EcritureLib_0151;20230501;74,00;0,00;D;BU/111;E;20230121
BU;Banque BU;BU/111;20220609;51220000;CompteLib_0028;;;22F284;20220609;EcritureLib_0151;20230501;0,00;74,00;C;BU/111;;
BU;Banque BU;BU/112;20220610;51100003;CompteLib_0036;;;22F289;20220610;EcritureLib_0152;20230501;0,00;182,79;C;BU/112;;
BU;Banque BU;BU/112;20220610;51220000;CompteLib_0028;;;22F289;20220610;EcritureLib_0152;20230501;182,79;0,00;D;BU/112;;
BU;Banque BU;BU/113;20220610;40100000;CompteLib_0003;FINTERRESTO;INTERRESTO;22F286;20220610;EcritureLib_0153;20230501;153,15;0,00;D;BU/113;E;20221221
BU;Banque BU;BU/113;20220610;51220000;CompteLib_0028;;;22F286;20220610;EcritureLib_0153;20230501;0,00;153,15;C;BU/113;;
BU;Banque BU;BU/114;20220610;60100000;CompteLib_0010;;;22F419;20220610;EcritureLib_0154;20230501;60,72;0,00;D;BU/114;;
BU;Banque BU;BU/114;20220610;51220000;CompteLib_0028;;;22F419;20220610;EcritureLib_0154;20230501;0,00;60,72;C;BU/114;;
BU;Banque BU;BU/115;20220610;51100003;CompteLib_0036;;;22F290;20220610;EcritureLib_0155;20230501;0,00;30,66;C;BU/115;;
BU;Banque BU;BU/115;20220610;51220000;CompteLib_0028;;;22F290;20220610;EcritureLib_0155;20230501;30,66;0,00;D;BU/115;;
BU;Banque BU;BU/116;20220610;60100000;CompteLib_0010;;;22F418;20220610;EcritureLib_0156;20230501;105,00;0,00;D;BU/116;;
BU;Banque BU;BU/116;20220610;51220000;CompteLib_0028;;;22F418;20220610;EcritureLib_0156;20230501;0,00;105,00;C;BU/116;;
BU;Banque BU;BU/117;20220613;51100001;CompteLib_0009;;;22F296;20220613;EcritureLib_0157;20230501;0,00;860,95;C;BU/117;;
BU;Banque BU;BU/117;20220613;51220000;CompteLib_0028;;;22F296;20220613;EcritureLib_0157;20230501;860,95;0,00;D;BU/117;;
BU;Banque BU;BU/118;20220613;51100003;CompteLib_0036;;;22F298;20220613;EcritureLib_0158;20230501;0,00;11,85;C;BU/118;;
BU;Banque BU;BU/118;20220613;51220000;CompteLib_0028;;;22F298;20220613;EcritureLib_0158;20230501;11,85;0,00;D;BU/118;;
BU;Banque BU;BU/119;20220613;51100003;CompteLib_0036;;;22F297;20220613;EcritureLib_0159;20230501;0,00;117,56;C;BU/119;;
BU;Banque BU;BU/119;20220613;51220000;CompteLib_0028;;;22F297;20220613;EcritureLib_0159;20230501;117,56;0,00;D;BU/119;;
BU;Banque BU;BU/120;20220613;60100000;CompteLib_0010;;;22F421;20220613;EcritureLib_0160;20230501;83,76;0,00;D;BU/120;;
BU;Banque BU;BU/120;20220613;51220000;CompteLib_0028;;;22F421;20220613;EcritureLib_0160;20230501;0,00;88,37;C;BU/120;;
BU;Banque BU;BU/120;20220613;44566000;CompteLib_0002;;;22F421;20220613;EcritureLib_0160;20230501;4,61;0,00;D;BU/120;A;20230724
BU;Banque BU;BU/121;20220613;51100003;CompteLib_0036;;;22F291;20220613;EcritureLib_0161;20230501;0,00;102,84;C;BU/121;;
BU;Banque BU;BU/121;20220613;51220000;CompteLib_0028;;;22F291;20220613;EcritureLib_0161;20230501;102,84;0,00;D;BU/121;;
BU;Banque BU;BU/122;20220613;51100003;CompteLib_0036;;;22F292;20220613;EcritureLib_0162;20230501;0,00;198,61;C;BU/122;;
BU;Banque BU;BU/122;20220613;51220000;CompteLib_0028;;;22F292;20220613;EcritureLib_0162;20230501;198,61;0,00;D;BU/122;;
BU;Banque BU;BU/123;20220613;51100003;CompteLib_0036;;;22F293;20220613;EcritureLib_0163;20230501;0,00;89,00;C;BU/123;;
BU;Banque BU;BU/123;20220613;51220000;CompteLib_0028;;;22F293;20220613;EcritureLib_0163;20230501;89,00;0,00;D;BU/123;;
BU;Banque BU;BU/124;20220613;51100003;CompteLib_0036;;;22F294;20220613;EcritureLib_0164;20230501;0,00;262,30;C;BU/124;;
BU;Banque BU;BU/124;20220613;51220000;CompteLib_0028;;;22F294;20220613;EcritureLib_0164;20230501;262,30;0,00;D;BU/124;;
BU;Banque BU;BU/125;20220614;40100000;CompteLib_0003;FHALLES;HALLES DU SUD;22F301;20220614;EcritureLib_0165;20230501;98,50;0,00;D;BU/125;G;20230121
BU;Banque BU;BU/125;20220614;51220000;CompteLib_0028;;;22F301;20220614;EcritureLib_0165;20230501;0,00;98,50;C;BU/125;;
BU;Banque BU;BU/126;20220614;40100000;CompteLib_0003;FMETRO;METRO;22F300;20220614;EcritureLib_0166;20230501;136,24;0,00;D;BU/126;C;20221221
BU;Banque BU;BU/126;20220614;51220000;CompteLib_0028;;;22F300;20220614;EcritureLib_0166;20230501;0,00;136,24;C;BU/126;;
BU;Banque BU;BU/126;20220614;40100000;CompteLib_0003;FMETRO;METRO;22F300;20220614;EcritureLib_0166;20230501;11,57;0,00;D;BU/126;C;20221221
BU;Banque BU;BU/126;20220614;51220000;CompteLib_0028;;;22F300;20220614;EcritureLib_0166;20230501;0,00;11,57;C;BU/126;;
BU;Banque BU;BU/127;20220614;51100003;CompteLib_0036;;;22F303;20220614;EcritureLib_0167;20230501;0,00;180,78;C;BU/127;;
BU;Banque BU;BU/127;20220614;51220000;CompteLib_0028;;;22F303;20220614;EcritureLib_0167;20230501;180,78;0,00;D;BU/127;;
BU;Banque BU;BU/128;20220614;45500000;CompteLib_0011;;;22F302;20220614;EcritureLib_0168;20230501;31,55;0,00;D;BU/128;;
BU;Banque BU;BU/128;20220614;51220000;CompteLib_0028;;;22F302;20220614;EcritureLib_0168;20230501;0,00;31,55;C;BU/128;;
BU;Banque BU;BU/129;20220614;51100003;CompteLib_0036;;;22F304;20220614;EcritureLib_0169;20230501;0,00;108,61;C;BU/129;;
BU;Banque BU;BU/129;20220614;51220000;CompteLib_0028;;;22F304;20220614;EcritureLib_0169;20230501;108,61;0,00;D;BU/129;;
BU;Banque BU;BU/130;20220615;60100000;CompteLib_0010;;;22F423;20220615;EcritureLib_0170;20230501;17,50;0,00;D;BU/130;;
BU;Banque BU;BU/130;20220615;51220000;CompteLib_0028;;;22F423;20220615;EcritureLib_0170;20230501;0,00;17,50;C;BU/130;;
BU;Banque BU;BU/131;20220615;45500000;CompteLib_0011;;;22F424;20220615;EcritureLib_0171;20230501;10,00;0,00;D;BU/131;;
BU;Banque BU;BU/131;20220615;51220000;CompteLib_0028;;;22F424;20220615;EcritureLib_0171;20230501;0,00;10,00;C;BU/131;;
BU;Banque BU;BU/132;20220615;60100000;CompteLib_0010;;;22F422;20220615;EcritureLib_0172;20230501;34,00;0,00;D;BU/132;;
BU;Banque BU;BU/132;20220615;51220000;CompteLib_0028;;;22F422;20220615;EcritureLib_0172;20230501;0,00;34,00;C;BU/132;;
BU;Banque BU;BU/133;20220615;62510000;CompteLib_0037;;;22F313;20220615;EcritureLib_0173;20230501;1,00;0,00;D;BU/133;;
BU;Banque BU;BU/133;20220615;51220000;CompteLib_0028;;;22F313;20220615;EcritureLib_0173;20230501;0,00;1,00;C;BU/133;;
BU;Banque BU;BU/134;20220615;51100003;CompteLib_0036;;;22F307;20220615;EcritureLib_0174;20230501;0,00;39,13;C;BU/134;;
BU;Banque BU;BU/134;20220615;51220000;CompteLib_0028;;;22F307;20220615;EcritureLib_0174;20230501;39,13;0,00;D;BU/134;;
BU;Banque BU;BU/135;20220615;51100003;CompteLib_0036;;;22F308;20220615;EcritureLib_0175;20230501;0,00;210,24;C;BU/135;;
BU;Banque BU;BU/135;20220615;51220000;CompteLib_0028;;;22F308;20220615;EcritureLib_0175;20230501;210,24;0,00;D;BU/135;;
BU;Banque BU;BU/136;20220615;40100000;CompteLib_0003;FMETRO;METRO;22F309;20220615;EcritureLib_0176;20230501;115,91;0,00;D;BU/136;O;20230116
BU;Banque BU;BU/136;20220615;51220000;CompteLib_0028;;;22F309;20220615;EcritureLib_0176;20230501;0,00;115,91;C;BU/136;;
BU;Banque BU;BU/137;20220616;51100002;CompteLib_0016;;;22F314;20220616;EcritureLib_0177;20230501;0,00;34,53;C;BU/137;;
BU;Banque BU;BU/137;20220616;51220000;CompteLib_0028;;;22F314;20220616;EcritureLib_0177;20230501;34,53;0,00;D;BU/137;;
BU;Banque BU;BU/138;20220616;40100000;CompteLib_0003;FBRICODEPOT;BRICO DEPOT;22F317;20220616;EcritureLib_0178;20230501;10,70;0,00;D;BU/138;F;20221221
BU;Banque BU;BU/138;20220616;51220000;CompteLib_0028;;;22F317;20220616;EcritureLib_0178;20230501;0,00;10,70;C;BU/138;;
BU;Banque BU;BU/139;20220616;51100004;CompteLib_0032;;;OK COMM;20220616;EcritureLib_0091;20230501;0,00;102,80;C;BU/139;;
BU;Banque BU;BU/139;20220616;51220000;CompteLib_0028;;;22F388;20220616;EcritureLib_0091;20230501;65,80;0,00;D;BU/139;;
BU;Banque BU;BU/139;20220616;62210000;CompteLib_0033;;;22F388;20220616;EcritureLib_0091;20230501;30,84;0,00;D;BU/139;;
BU;Banque BU;BU/139;20220616;44566000;CompteLib_0002;;;22F388;20220616;EcritureLib_0091;20230501;6,16;0,00;D;BU/139;A;20230724
BU;Banque BU;BU/140;20220616;60100000;CompteLib_0010;;;22F425;20220616;EcritureLib_0179;20230501;104,20;0,00;D;BU/140;;
BU;Banque BU;BU/140;20220616;51220000;CompteLib_0028;;;22F425;20220616;EcritureLib_0179;20230501;0,00;104,20;C;BU/140;;
BU;Banque BU;BU/141;20220616;40100000;CompteLib_0003;FHALLES;HALLES DU SUD;22F318;20220616;EcritureLib_0180;20230501;32,00;0,00;D;BU/141;H;20230121
BU;Banque BU;BU/141;20220616;51220000;CompteLib_0028;;;22F318;20220616;EcritureLib_0180;20230501;0,00;32,00;C;BU/141;;
BU;Banque BU;BU/142;20220616;45500000;CompteLib_0011;;;22F316;20220616;EcritureLib_0181;20230501;40,00;0,00;D;BU/142;;
BU;Banque BU;BU/142;20220616;51220000;CompteLib_0028;;;22F316;20220616;EcritureLib_0181;20230501;0,00;40,00;C;BU/142;;
BU;Banque BU;BU/143;20220616;51100003;CompteLib_0036;;;22F315;20220616;EcritureLib_0182;20230501;0,00;198,60;C;BU/143;;
BU;Banque BU;BU/143;20220616;51220000;CompteLib_0028;;;22F315;20220616;EcritureLib_0182;20230501;198,60;0,00;D;BU/143;;
BU;Banque BU;BU/144;20220617;62310000;CompteLib_0015;;;22F426;20220617;EcritureLib_0066;20230501;60,00;0,00;D;BU/144;;
BU;Banque BU;BU/144;20220617;51220000;CompteLib_0028;;;22F426;20220617;EcritureLib_0066;20230501;0,00;72,00;C;BU/144;;
BU;Banque BU;BU/144;20220617;44566000;CompteLib_0002;;;22F426;20220617;EcritureLib_0066;20230501;12,00;0,00;D;BU/144;A;20230724
BU;Banque BU;BU/145;20220617;62570000;CompteLib_0022;;;22F326;20220617;EcritureLib_0183;20230501;3,90;0,00;D;BU/145;;
BU;Banque BU;BU/145;20220617;51220000;CompteLib_0028;;;22F326;20220617;EcritureLib_0183;20230501;0,00;3,90;C;BU/145;;
BU;Banque BU;BU/146;20220617;51100003;CompteLib_0036;;;22F322;20220617;EcritureLib_0184;20230501;0,00;70,19;C;BU/146;;
BU;Banque BU;BU/146;20220617;51220000;CompteLib_0028;;;22F322;20220617;EcritureLib_0184;20230501;70,19;0,00;D;BU/146;;
BU;Banque BU;BU/147;20220617;51100003;CompteLib_0036;;;22F323;20220617;EcritureLib_0185;20230501;0,00;47,39;C;BU/147;;
BU;Banque BU;BU/147;20220617;51220000;CompteLib_0028;;;22F323;20220617;EcritureLib_0185;20230501;47,39;0,00;D;BU/147;;
BU;Banque BU;BU/148;20220617;40100000;CompteLib_0003;FBOUCHERIE;BOUCHERIE;22F325;20220617;EcritureLib_0186;20230501;8,00;0,00;D;BU/148;D;20230622
BU;Banque BU;BU/148;20220617;51220000;CompteLib_0028;;;22F325;20220617;EcritureLib_0186;20230501;0,00;8,00;C;BU/148;;
BU;Banque BU;BU/149;20220617;40100000;CompteLib_0003;FINTERRESTO;INTERRESTO;22F324;20220617;EcritureLib_0187;20230501;69,20;0,00;D;BU/149;F;20221221
BU;Banque BU;BU/149;20220617;51220000;CompteLib_0028;;;22F324;20220617;EcritureLib_0187;20230501;0,00;69,20;C;BU/149;;
BU;Banque BU;BU/150;20220620;40100000;CompteLib_0003;FKARAMA;KARAMA BOUCHERIE;22F333;20220620;EcritureLib_0188;20230501;811,13;0,00;D;BU/150;A;20230124
BU;Banque BU;BU/150;20220620;51220000;CompteLib_0028;;;22F333;20220620;EcritureLib_0188;20230501;0,00;811,13;C;BU/150;;
BU;Banque BU;BU/151;20220620;51100003;CompteLib_0036;;;22F338;20220620;EcritureLib_0189;20230501;0,00;142,77;C;BU/151;;
BU;Banque BU;BU/151;20220620;51220000;CompteLib_0028;;;22F338;20220620;EcritureLib_0189;20230501;142,77;0,00;D;BU/151;;
BU;Banque BU;BU/152;20220620;40100000;CompteLib_0003;FMETRO;METRO;22F334;20220620;EcritureLib_0190;20230501;104,65;0,00;D;BU/152;D;20221221
BU;Banque BU;BU/152;20220620;51220000;CompteLib_0028;;;22F334;20220620;EcritureLib_0190;20230501;0,00;104,65;C;BU/152;;
BU;Banque BU;BU/153;20220620;51100003;CompteLib_0036;;;22F340;20220620;EcritureLib_0191;20230501;0,00;129,42;C;BU/153;;
BU;Banque BU;BU/153;20220620;51220000;CompteLib_0028;;;22F340;20220620;EcritureLib_0191;20230501;129,42;0,00;D;BU/153;;
BU;Banque BU;BU/154;20220620;51100003;CompteLib_0036;;;22F341;20220620;EcritureLib_0192;20230501;0,00;37,53;C;BU/154;;
BU;Banque BU;BU/154;20220620;51220000;CompteLib_0028;;;22F341;20220620;EcritureLib_0192;20230501;37,53;0,00;D;BU/154;;
BU;Banque BU;BU/155;20220620;45500000;CompteLib_0011;;;22F331;20220620;EcritureLib_0193;20230501;25,01;0,00;D;BU/155;;
BU;Banque BU;BU/155;20220620;51220000;CompteLib_0028;;;22F331;20220620;EcritureLib_0193;20230501;0,00;25,01;C;BU/155;;
BU;Banque BU;BU/156;20220620;51100003;CompteLib_0036;;;22F339;20220620;EcritureLib_0194;20230501;0,00;72,67;C;BU/156;;
BU;Banque BU;BU/156;20220620;51220000;CompteLib_0028;;;22F339;20220620;EcritureLib_0194;20230501;72,67;0,00;D;BU/156;;
BU;Banque BU;BU/157;20220620;51100003;CompteLib_0036;;;22F335;20220620;EcritureLib_0195;20230501;0,00;111,20;C;BU/157;;
BU;Banque BU;BU/157;20220620;51220000;CompteLib_0028;;;22F335;20220620;EcritureLib_0195;20230501;111,20;0,00;D;BU/157;;
BU;Banque BU;BU/158;20220620;51100003;CompteLib_0036;;;22F336;20220620;EcritureLib_0196;20230501;0,00;43,40;C;BU/158;;
BU;Banque BU;BU/158;20220620;51220000;CompteLib_0028;;;22F336;20220620;EcritureLib_0196;20230501;43,40;0,00;D;BU/158;;
BU;Banque BU;BU/159;20220620;51100001;CompteLib_0009;;;22F337;20220620;EcritureLib_0197;20230501;0,00;900,31;C;BU/159;;
BU;Banque BU;BU/159;20220620;51220000;CompteLib_0028;;;22F337;20220620;EcritureLib_0197;20230501;900,31;0,00;D;BU/159;;
BU;Banque BU;BU/160;20220620;40100000;CompteLib_0003;FINTERRESTO;INTERRESTO;22F330;20220620;EcritureLib_0198;20230501;83,35;0,00;D;BU/160;BR;20230720
BU;Banque BU;BU/160;20220620;51220000;CompteLib_0028;;;22F330;20220620;EcritureLib_0198;20230501;0,00;83,35;C;BU/160;;
BU;Banque BU;BU/161;20220620;40100000;CompteLib_0003;FBOUCHERIE;BOUCHERIE;22F332;20220620;EcritureLib_0199;20230501;20,00;0,00;D;BU/161;D;20230622
BU;Banque BU;BU/161;20220620;51220000;CompteLib_0028;;;22F332;20220620;EcritureLib_0199;20230501;0,00;20,00;C;BU/161;;
BU;Banque BU;BU/162;20220621;60100000;CompteLib_0010;;;22F427;20220621;EcritureLib_0200;20230501;47,20;0,00;D;BU/162;;
BU;Banque BU;BU/162;20220621;51220000;CompteLib_0028;;;22F427;20220621;EcritureLib_0200;20230501;0,00;47,20;C;BU/162;;
BU;Banque BU;BU/163;20220621;51100003;CompteLib_0036;;;22F344;20220621;EcritureLib_0201;20230501;0,00;193,14;C;BU/163;;
BU;Banque BU;BU/163;20220621;51220000;CompteLib_0028;;;22F344;20220621;EcritureLib_0201;20230501;193,14;0,00;D;BU/163;;
BU;Banque BU;BU/164;20220621;40100000;CompteLib_0003;FHALLES;HALLES DU SUD;22F343;20220621;EcritureLib_0202;20230501;35,44;0,00;D;BU/164;C;20230121
BU;Banque BU;BU/164;20220621;51220000;CompteLib_0028;;;22F343;20220621;EcritureLib_0202;20230501;0,00;35,44;C;BU/164;;
BU;Banque BU;BU/165;20220621;51100003;CompteLib_0036;;;22F345;20220621;EcritureLib_0203;20230501;0,00;114,98;C;BU/165;;
BU;Banque BU;BU/165;20220621;51220000;CompteLib_0028;;;22F345;20220621;EcritureLib_0203;20230501;114,98;0,00;D;BU/165;;
BU;Banque BU;BU/166;20220622;51100003;CompteLib_0036;;;22F185;20220622;EcritureLib_0204;20230501;0,00;121,15;C;BU/166;;
BU;Banque BU;BU/166;20220622;51220000;CompteLib_0028;;;22F185;20220622;EcritureLib_0204;20230501;121,15;0,00;D;BU/166;;
BU;Banque BU;BU/167;20220622;60630000;CompteLib_0004;;;22F428;20220622;EcritureLib_0205;20230501;15,61;0,00;D;BU/167;;
BU;Banque BU;BU/167;20220622;51220000;CompteLib_0028;;;22F428;20220622;EcritureLib_0205;20230501;0,00;15,61;C;BU/167;;
BU;Banque BU;BU/168;20220622;60100000;CompteLib_0010;;;22F429;20220622;EcritureLib_0206;20230501;195,49;0,00;D;BU/168;;
BU;Banque BU;BU/168;20220622;51220000;CompteLib_0028;;;22F429;20220622;EcritureLib_0206;20230501;0,00;206,24;C;BU/168;;
BU;Banque BU;BU/168;20220622;44566000;CompteLib_0002;;;22F429;20220622;EcritureLib_0206;20230501;10,75;0,00;D;BU/168;A;20230724
BU;Banque BU;BU/169;20220622;51100003;CompteLib_0036;;;22F186;20220622;EcritureLib_0207;20230501;0,00;290,40;C;BU/169;;
BU;Banque BU;BU/169;20220622;51220000;CompteLib_0028;;;22F186;20220622;EcritureLib_0207;20230501;290,40;0,00;D;BU/169;;
BU;Banque BU;BU/170;20220623;51100004;CompteLib_0032;;;OK COMM;20220623;EcritureLib_0091;20230501;0,00;189,10;C;BU/170;;
BU;Banque BU;BU/170;20220623;51220000;CompteLib_0028;;;OK COMM;20220623;EcritureLib_0091;20230501;121,04;0,00;D;BU/170;;
BU;Banque BU;BU/170;20220623;62210000;CompteLib_0033;;;OK COMM;20220623;EcritureLib_0091;20230501;56,73;0,00;D;BU/170;;
BU;Banque BU;BU/170;20220623;44566000;CompteLib_0002;;;OK COMM;20220623;EcritureLib_0091;20230501;11,33;0,00;D;BU/170;A;20230724
BU;Banque BU;BU/171;20220623;51100003;CompteLib_0036;;;22F349;20220623;EcritureLib_0208;20230501;0,00;117,98;C;BU/171;;
BU;Banque BU;BU/171;20220623;51220000;CompteLib_0028;;;22F349;20220623;EcritureLib_0208;20230501;117,98;0,00;D;BU/171;;
BU;Banque BU;BU/172;20220623;51100003;CompteLib_0036;;;22F348;20220623;EcritureLib_0209;20230501;0,00;11,85;C;BU/172;;
BU;Banque BU;BU/172;20220623;51220000;CompteLib_0028;;;22F348;20220623;EcritureLib_0209;20230501;11,85;0,00;D;BU/172;;
BU;Banque BU;BU/173;20220624;51100003;CompteLib_0036;;;22F350;20220624;EcritureLib_0210;20230501;0,00;86,51;C;BU/173;;
BU;Banque BU;BU/173;20220624;51220000;CompteLib_0028;;;22F350;20220624;EcritureLib_0210;20230501;86,51;0,00;D;BU/173;;
BU;Banque BU;BU/174;20220627;51100003;CompteLib_0036;;;22F360;20220627;EcritureLib_0211;20230501;0,00;56,84;C;BU/174;;
BU;Banque BU;BU/174;20220627;51220000;CompteLib_0028;;;22F360;20220627;EcritureLib_0211;20230501;56,84;0,00;D;BU/174;;
BU;Banque BU;BU/175;20220627;40100000;CompteLib_0003;FBOUCHERIE;BOUCHERIE;22F353;20220627;EcritureLib_0212;20230501;10,00;0,00;D;BU/175;D;20230622
BU;Banque BU;BU/175;20220627;51220000;CompteLib_0028;;;22F353;20220627;EcritureLib_0212;20230501;0,00;10,00;C;BU/175;;
BU;Banque BU;BU/176;20220627;51100003;CompteLib_0036;;;22F357;20220627;EcritureLib_0213;20230501;0,00;51,86;C;BU/176;;
BU;Banque BU;BU/176;20220627;51220000;CompteLib_0028;;;22F357;20220627;EcritureLib_0213;20230501;51,86;0,00;D;BU/176;;
BU;Banque BU;BU/177;20220627;51100003;CompteLib_0036;;;22F358;20220627;EcritureLib_0214;20230501;0,00;95,77;C;BU/177;;
BU;Banque BU;BU/177;20220627;51220000;CompteLib_0028;;;22F358;20220627;EcritureLib_0214;20230501;95,77;0,00;D;BU/177;;
BU;Banque BU;BU/178;20220627;40100000;CompteLib_0003;FSFR;SFR;22F356;20220627;EcritureLib_0215;20230501;102,48;0,00;D;BU/178;A;20230119
BU;Banque BU;BU/178;20220627;51220000;CompteLib_0028;;;22F356;20220627;EcritureLib_0215;20230501;0,00;102,48;C;BU/178;;
BU;Banque BU;BU/179;20220627;51100001;CompteLib_0009;;;22F354;20220627;EcritureLib_0216;20230501;0,00;482,06;C;BU/179;;
BU;Banque BU;BU/179;20220627;51220000;CompteLib_0028;;;22F354;20220627;EcritureLib_0216;20230501;482,06;0,00;D;BU/179;;
BU;Banque BU;BU/180;20220627;51100003;CompteLib_0036;;;22F355;20220627;EcritureLib_0217;20230501;0,00;51,46;C;BU/180;;
BU;Banque BU;BU/180;20220627;51220000;CompteLib_0028;;;22F355;20220627;EcritureLib_0217;20230501;51,46;0,00;D;BU/180;;
BU;Banque BU;BU/181;20220627;51100002;CompteLib_0016;;;22F361;20220627;EcritureLib_0218;20230501;0,00;70,14;C;BU/181;;
BU;Banque BU;BU/181;20220627;51220000;CompteLib_0028;;;22F361;20220627;EcritureLib_0218;20230501;70,14;0,00;D;BU/181;;
BU;Banque BU;BU/182;20220627;60640000;CompteLib_0038;;;22F352;20220627;EcritureLib_0219;20230501;29,99;0,00;D;BU/182;;
BU;Banque BU;BU/182;20220627;51220000;CompteLib_0028;;;22F352;20220627;EcritureLib_0219;20230501;0,00;35,99;C;BU/182;;
BU;Banque BU;BU/182;20220627;44566000;CompteLib_0002;;;22F352;20220627;EcritureLib_0219;20230501;6,00;0,00;D;BU/182;A;20230724
BU;Banque BU;BU/183;20220627;51100003;CompteLib_0036;;;22F359;20220627;EcritureLib_0220;20230501;0,00;138,88;C;BU/183;;
BU;Banque BU;BU/183;20220627;51220000;CompteLib_0028;;;22F359;20220627;EcritureLib_0220;20230501;138,88;0,00;D;BU/183;;
BU;Banque BU;BU/184;20220627;60100000;CompteLib_0010;;;22F432;20220627;EcritureLib_0221;20230501;37,00;0,00;D;BU/184;;
BU;Banque BU;BU/184;20220627;51220000;CompteLib_0028;;;22F432;20220627;EcritureLib_0221;20230501;0,00;37,00;C;BU/184;;
BU;Banque BU;BU/185;20220628;51100003;CompteLib_0036;;;22F363;20220628;EcritureLib_0222;20230501;0,00;59,83;C;BU/185;;
BU;Banque BU;BU/185;20220628;51220000;CompteLib_0028;;;22F363;20220628;EcritureLib_0222;20230501;59,83;0,00;D;BU/185;;
BU;Banque BU;BU/186;20220629;40100000;CompteLib_0003;FHALLES;HALLES DU SUD;22F368;20220629;EcritureLib_0223;20230501;81,75;0,00;D;BU/186;L;20230121
BU;Banque BU;BU/186;20220629;51220000;CompteLib_0028;;;22F368;20220629;EcritureLib_0223;20230501;0,00;81,75;C;BU/186;;
BU;Banque BU;BU/187;20220629;40100000;CompteLib_0003;FMETRO;METRO;22F370;20220629;EcritureLib_0224;20230501;0,00;6,08;C;BU/187;Q;20230116
BU;Banque BU;BU/187;20220629;51220000;CompteLib_0028;;;22F370;20220629;EcritureLib_0224;20230501;6,08;0,00;D;BU/187;;
BU;Banque BU;BU/188;20220629;40100000;CompteLib_0003;FMETRO;METRO;22F365;20220629;EcritureLib_0225;20230501;79,91;0,00;D;BU/188;P;20230116
BU;Banque BU;BU/188;20220629;51220000;CompteLib_0028;;;22F365;20220629;EcritureLib_0225;20230501;0,00;79,91;C;BU/188;;
BU;Banque BU;BU/189;20220629;40100000;CompteLib_0003;FINTERRESTO;INTERRESTO;22F367;20220629;EcritureLib_0226;20230501;83,06;0,00;D;BU/189;G;20221221
BU;Banque BU;BU/189;20220629;51220000;CompteLib_0028;;;22F367;20220629;EcritureLib_0226;20230501;0,00;83,06;C;BU/189;;
BU;Banque BU;BU/189;20220629;40100000;CompteLib_0003;FINTERRESTO;INTERRESTO;22F367;20220629;EcritureLib_0226;20230501;6,90;0,00;D;BU/189;G;20221221
BU;Banque BU;BU/189;20220629;51220000;CompteLib_0028;;;22F367;20220629;EcritureLib_0226;20230501;0,00;6,90;C;BU/189;;
BU;Banque BU;BU/190;20220629;60100000;CompteLib_0010;;;22F433;20220629;EcritureLib_0227;20230501;28,08;0,00;D;BU/190;;
BU;Banque BU;BU/190;20220629;51220000;CompteLib_0028;;;22F433;20220629;EcritureLib_0227;20230501;0,00;28,08;C;BU/190;;
BU;Banque BU;BU/191;20220629;40100000;CompteLib_0003;FBOUCHERIE;BOUCHERIE;22F369;20220629;EcritureLib_0228;20230501;36,22;0,00;D;BU/191;D;20230622
BU;Banque BU;BU/191;20220629;51220000;CompteLib_0028;;;22F369;20220629;EcritureLib_0228;20230501;0,00;36,22;C;BU/191;;
BU;Banque BU;BU/192;20220629;51100003;CompteLib_0036;;;22F371;20220629;EcritureLib_0229;20230501;0,00;23,70;C;BU/192;;
BU;Banque BU;BU/192;20220629;51220000;CompteLib_0028;;;22F371;20220629;EcritureLib_0229;20230501;23,70;0,00;D;BU/192;;
BU;Banque BU;BU/193;20220630;40100000;CompteLib_0003;FMETRO;METRO;22F375;20220630;EcritureLib_0230;20230501;7,74;0,00;D;BU/193;E;20221221
BU;Banque BU;BU/193;20220630;51220000;CompteLib_0028;;;22F375;20220630;EcritureLib_0230;20230501;0,00;7,74;C;BU/193;;
BU;Banque BU;BU/194;20220630;51100004;CompteLib_0032;;;OK COMM;20220630;EcritureLib_0091;20230501;0,00;137,40;C;BU/194;;
BU;Banque BU;BU/194;20220630;51220000;CompteLib_0028;;;OK COMM;20220630;EcritureLib_0091;20230501;87,94;0,00;D;BU/194;;
BU;Banque BU;BU/194;20220630;62210000;CompteLib_0033;;;OK COMM;20220630;EcritureLib_0091;20230501;41,22;0,00;D;BU/194;;
BU;Banque BU;BU/194;20220630;44566000;CompteLib_0002;;;OK COMM;20220630;EcritureLib_0091;20230501;8,24;0,00;D;BU/194;A;20230724
BU;Banque BU;BU/195;20220630;51100003;CompteLib_0036;;;22F372;20220630;EcritureLib_0231;20230501;0,00;60,72;C;BU/195;;
BU;Banque BU;BU/195;20220630;51220000;CompteLib_0028;;;22F372;20220630;EcritureLib_0231;20230501;60,72;0,00;D;BU/195;;
BU;Banque BU;BU/196;20220630;51100003;CompteLib_0036;;;22F373;20220630;EcritureLib_0232;20230501;0,00;55,85;C;BU/196;;
BU;Banque BU;BU/196;20220630;51220000;CompteLib_0028;;;22F373;20220630;EcritureLib_0232;20230501;55,85;0,00;D;BU/196;;
BU;Banque BU;BU/197;20220630;60100000;CompteLib_0010;;;22F434;20220630;EcritureLib_0233;20230501;148,98;0,00;D;BU/197;;
BU;Banque BU;BU/197;20220630;51220000;CompteLib_0028;;;22F434;20220630;EcritureLib_0233;20230501;0,00;148,98;C;BU/197;;
BU;Banque BU;BU/198;20220701;51100003;CompteLib_0036;;;22G177;20220701;EcritureLib_0234;20230501;0,00;49,37;C;BU/198;;
BU;Banque BU;BU/198;20220701;51220000;CompteLib_0028;;;22G177;20220701;EcritureLib_0234;20230501;49,37;0,00;D;BU/198;;
BU;Banque BU;BU/199;20220701;40100000;CompteLib_0003;FBOUCHERIE;BOUCHERIE;22G174;20220701;EcritureLib_0235;20230501;15,00;0,00;D;BU/199;D;20230622
BU;Banque BU;BU/199;20220701;51220000;CompteLib_0028;;;22G174;20220701;EcritureLib_0235;20230501;0,00;15,00;C;BU/199;;
BU;Banque BU;BU/200;20220701;40100000;CompteLib_0003;FHALLES;HALLES DU SUD;22G173;20220701;EcritureLib_0236;20230501;60,50;0,00;D;BU/200;K;20230121
BU;Banque BU;BU/200;20220701;51220000;CompteLib_0028;;;22G173;20220701;EcritureLib_0236;20230501;0,00;60,50;C;BU/200;;
BU;Banque BU;BU/201;20220701;40100000;CompteLib_0003;FPMOREAU;PIERRE MOREAU;22G175;20220701;EcritureLib_0068;20230501;600,00;0,00;D;BU/201;B;20230124
BU;Banque BU;BU/201;20220701;51220000;CompteLib_0028;;;22G175;20220701;EcritureLib_0068;20230501;0,00;600,00;C;BU/201;;
BU;Banque BU;BU/202;20220701;61330000;CompteLib_0039;;;22G176;20220701;EcritureLib_0237;20230501;28,95;0,00;D;BU/202;;
BU;Banque BU;BU/202;20220701;44566000;CompteLib_0002;;;22G176;20220701;EcritureLib_0237;20230501;5,79;0,00;D;BU/202;A;20230724
BU;Banque BU;BU/202;20220701;51220000;CompteLib_0028;;;22G176;20220701;EcritureLib_0237;20230501;0,00;34,74;C;BU/202;;
BU;Banque BU;BU/203;20220702;62700000;CompteLib_0029;;;22G12;20220702;EcritureLib_0238;20230501;33,82;0,00;D;BU/203;;
BU;Banque BU;BU/203;20220702;51220000;CompteLib_0028;;;22G12;20220702;EcritureLib_0238;20230501;0,00;33,82;C;BU/203;;
BU;Banque BU;BU/204;20220704;40100000;CompteLib_0003;FMETRO;METRO;22G187;20220704;EcritureLib_0239;20230501;24,57;0,00;D;BU/204;F;20221221
BU;Banque BU;BU/204;20220704;51220000;CompteLib_0028;;;22G187;20220704;EcritureLib_0239;20230501;0,00;24,57;C;BU/204;;
BU;Banque BU;BU/205;20220704;51100003;CompteLib_0036;;;22G181;20220704;EcritureLib_0240;20230501;0,00;100,24;C;BU/205;;
BU;Banque BU;BU/205;20220704;51220000;CompteLib_0028;;;22G181;20220704;EcritureLib_0240;20230501;100,24;0,00;D;BU/205;;
BU;Banque BU;BU/206;20220704;51100003;CompteLib_0036;;;22G180;20220704;EcritureLib_0241;20230501;0,00;27,68;C;BU/206;;
BU;Banque BU;BU/206;20220704;51220000;CompteLib_0028;;;22G180;20220704;EcritureLib_0241;20230501;27,68;0,00;D;BU/206;;
BU;Banque BU;BU/207;20220704;51100003;CompteLib_0036;;;22G182;20220704;EcritureLib_0242;20230501;0,00;41,41;C;BU/207;;
BU;Banque BU;BU/207;20220704;51220000;CompteLib_0028;;;22G182;20220704;EcritureLib_0242;20230501;41,41;0,00;D;BU/207;;
BU;Banque BU;BU/208;20220704;51100003;CompteLib_0036;;;22G183;20220704;EcritureLib_0243;20230501;0,00;89,66;C;BU/208;;
BU;Banque BU;BU/208;20220704;51220000;CompteLib_0028;;;22G183;20220704;EcritureLib_0243;20230501;89,66;0,00;D;BU/208;;
BU;Banque BU;BU/209;20220704;51100001;CompteLib_0009;;;22G188;20220704;EcritureLib_0244;20230501;0,00;738,10;C;BU/209;;
BU;Banque BU;BU/209;20220704;51220000;CompteLib_0028;;;22G188;20220704;EcritureLib_0244;20230501;738,10;0,00;D;BU/209;;
BU;Banque BU;BU/210;20220704;60100000;CompteLib_0010;;;22G276;20220704;EcritureLib_0245;20230501;27,80;0,00;D;BU/210;;
BU;Banque BU;BU/210;20220704;51220000;CompteLib_0028;;;22G276;20220704;EcritureLib_0245;20230501;0,00;27,80;C;BU/210;;
BU;Banque BU;BU/211;20220704;40100000;CompteLib_0003;FHALLES;HALLES DU SUD;22G185;20220704;EcritureLib_0246;20230501;40,46;0,00;D;BU/211;M;20230121
BU;Banque BU;BU/211;20220704;51220000;CompteLib_0028;;;22G185;20220704;EcritureLib_0246;20230501;0,00;40,46;C;BU/211;;
BU;Banque BU;BU/212;20220704;51100002;CompteLib_0016;;;22G179;20220704;EcritureLib_0247;20230501;0,00;40,52;C;BU/212;;
BU;Banque BU;BU/212;20220704;51220000;CompteLib_0028;;;22G179;20220704;EcritureLib_0247;20230501;40,52;0,00;D;BU/212;;
BU;Banque BU;BU/213;20220704;42100000;CompteLib_0040;;;22G22;20220704;EcritureLib_0248;20230501;370,00;0,00;D;BU/213;D;20230117
BU;Banque BU;BU/213;20220704;51220000;CompteLib_0028;;;22G22;20220704;EcritureLib_0248;20230501;0,00;370,00;C;BU/213;;
BU;Banque BU;BU/214;20220704;51100003;CompteLib_0036;;;22G184;20220704;EcritureLib_0249;20230501;0,00;94,77;C;BU/214;;
BU;Banque BU;BU/214;20220704;51220000;CompteLib_0028;;;22G184;20220704;EcritureLib_0249;20230501;94,77;0,00;D;BU/214;;
BU;Banque BU;BU/215;20220705;45500000;CompteLib_0011;;;22G190;20220705;EcritureLib_0250;20230501;40,04;0,00;D;BU/215;;
BU;Banque BU;BU/215;20220705;51220000;CompteLib_0028;;;22G190;20220705;EcritureLib_0250;20230501;0,00;40,04;C;BU/215;;
BU;Banque BU;BU/216;20220705;40100000;CompteLib_0003;FHALLES;HALLES DU SUD;22G191;20220705;EcritureLib_0251;20230501;88,60;0,00;D;BU/216;F;20230121
BU;Banque BU;BU/216;20220705;51220000;CompteLib_0028;;;22G191;20220705;EcritureLib_0251;20230501;0,00;88,60;C;BU/216;;
BU;Banque BU;BU/217;20220706;45500000;CompteLib_0011;;;22G193;20220706;EcritureLib_0252;20230501;20,03;0,00;D;BU/217;;
BU;Banque BU;BU/217;20220706;51220000;CompteLib_0028;;;22G193;20220706;EcritureLib_0252;20230501;0,00;20,03;C;BU/217;;
BU;Banque BU;BU/218;20220706;40100000;CompteLib_0003;FMONSIEURG;MONSIEUR GLACONS;22G195;20220706;EcritureLib_0253;20230501;175,00;0,00;D;BU/218;A;20230124
BU;Banque BU;BU/218;20220706;51220000;CompteLib_0028;;;22G195;20220706;EcritureLib_0253;20230501;0,00;175,00;C;BU/218;;
BU;Banque BU;BU/219;20220706;51100003;CompteLib_0036;;;22G194;20220706;EcritureLib_0254;20230501;0,00;146,15;C;BU/219;;
BU;Banque BU;BU/219;20220706;51220000;CompteLib_0028;;;22G194;20220706;EcritureLib_0254;20230501;146,15;0,00;D;BU/219;;
BU;Banque BU;BU/220;20220706;40100000;CompteLib_0003;FINTERRESTO;INTERRESTO;22G192;20220706;EcritureLib_0255;20230501;21,17;0,00;D;BU/220;X;20230121
BU;Banque BU;BU/220;20220706;51220000;CompteLib_0028;;;22G192;20220706;EcritureLib_0255;20230501;0,00;21,17;C;BU/220;;
BU;Banque BU;BU/221;20220707;51100003;CompteLib_0036;;;22G199;20220707;EcritureLib_0256;20230501;0,00;104,92;C;BU/221;;
BU;Banque BU;BU/221;20220707;51220000;CompteLib_0028;;;22G199;20220707;EcritureLib_0256;20230501;104,92;0,00;D;BU/221;;
BU;Banque BU;BU/222;20220707;60630000;CompteLib_0004;;;22G277;20220707;EcritureLib_0257;20230501;219,25;0,00;D;BU/222;;
BU;Banque BU;BU/222;20220707;51220000;CompteLib_0028;;;22G277;20220707;EcritureLib_0257;20230501;0,00;263,10;C;BU/222;;
BU;Banque BU;BU/222;20220707;44566000;CompteLib_0002;;;22G277;20220707;EcritureLib_0257;20230501;43,85;0,00;D;BU/222;A;20230724
BU;Banque BU;BU/223;20220707;40100000;CompteLib_0003;FHALLES;HALLES DU SUD;22G198;20220707;EcritureLib_0258;20230501;63,09;0,00;D;BU/223;I;20230121
BU;Banque BU;BU/223;20220707;51220000;CompteLib_0028;;;22G198;20220707;EcritureLib_0258;20230501;0,00;63,09;C;BU/223;;
BU;Banque BU;BU/224;20220707;60100000;CompteLib_0010;;;22G278;20220707;EcritureLib_0259;20230501;100,00;0,00;D;BU/224;;
BU;Banque BU;BU/224;20220707;51220000;CompteLib_0028;;;22G278;20220707;EcritureLib_0259;20230501;0,00;100,00;C;BU/224;;
BU;Banque BU;BU/225;20220707;51100004;CompteLib_0032;;;OK COMM;20220707;EcritureLib_0091;20230501;0,00;79,40;C;BU/225;;
BU;Banque BU;BU/225;20220707;51220000;CompteLib_0028;;;OK COMM;20220707;EcritureLib_0091;20230501;50,82;0,00;D;BU/225;;
BU;Banque BU;BU/225;20220707;62210000;CompteLib_0033;;;OK COMM;20220707;EcritureLib_0091;20230501;23,82;0,00;D;BU/225;;
BU;Banque BU;BU/225;20220707;44566000;CompteLib_0002;;;OK COMM;20220707;EcritureLib_0091;20230501;4,76;0,00;D;BU/225;A;20230724
BU;Banque BU;BU/226;20220707;51100002;CompteLib_0016;;;22G200;20220707;EcritureLib_0260;20230501;0,00;86,07;C;BU/226;;
BU;Banque BU;BU/226;20220707;51220000;CompteLib_0028;;;22G200;20220707;EcritureLib_0260;20230501;86,07;0,00;D;BU/226;;
BU;Banque BU;BU/227;20220708;60100000;CompteLib_0010;;;22G279;20220708;EcritureLib_0261;20230501;19,67;0,00;D;BU/227;;
BU;Banque BU;BU/227;20220708;51220000;CompteLib_0028;;;22G279;20220708;EcritureLib_0261;20230501;0,00;19,67;C;BU/227;;
BU;Banque BU;BU/228;20220708;40100000;CompteLib_0003;FBOUCHERIE;BOUCHERIE;22G203;20220708;EcritureLib_0262;20230501;9,00;0,00;D;BU/228;D;20230622
BU;Banque BU;BU/228;20220708;51220000;CompteLib_0028;;;22G203;20220708;EcritureLib_0262;20230501;0,00;9,00;C;BU/228;;
BU;Banque BU;BU/229;20220708;45500000;CompteLib_0011;;;22G201;20220708;EcritureLib_0263;20230501;20,00;0,00;D;BU/229;;
BU;Banque BU;BU/229;20220708;51220000;CompteLib_0028;;;22G201;20220708;EcritureLib_0263;20230501;0,00;20,00;C;BU/229;;
BU;Banque BU;BU/230;20220708;51100003;CompteLib_0036;;;22G204;20220708;EcritureLib_0264;20230501;0,00;262,23;C;BU/230;;
BU;Banque BU;BU/230;20220708;51220000;CompteLib_0028;;;22G204;20220708;EcritureLib_0264;20230501;262,23;0,00;D;BU/230;;
BU;Banque BU;BU/231;20220711;51100001;CompteLib_0009;;;22G210;20220711;EcritureLib_0265;20230501;0,00;307,82;C;BU/231;;
BU;Banque BU;BU/231;20220711;51220000;CompteLib_0028;;;22G210;20220711;EcritureLib_0265;20230501;307,82;0,00;D;BU/231;;
BU;Banque BU;BU/232;20220711;51100003;CompteLib_0036;;;22G206;20220711;EcritureLib_0266;20230501;0,00;61,69;C;BU/232;;
BU;Banque BU;BU/232;20220711;51220000;CompteLib_0028;;;22G206;20220711;EcritureLib_0266;20230501;61,69;0,00;D;BU/232;;
BU;Banque BU;BU/233;20220711;51100003;CompteLib_0036;;;22G209;20220711;EcritureLib_0267;20230501;0,00;83,72;C;BU/233;;
BU;Banque BU;BU/233;20220711;51220000;CompteLib_0028;;;22G209;20220711;EcritureLib_0267;20230501;83,72;0,00;D;BU/233;;
BU;Banque BU;BU/234;20220711;40100000;CompteLib_0003;FMETRO;METRO;22G211;20220711;EcritureLib_0268;20230501;136,73;0,00;D;BU/234;H;20221221
BU;Banque BU;BU/234;20220711;51220000;CompteLib_0028;;;22G211;20220711;EcritureLib_0268;20230501;0,00;136,73;C;BU/234;;
BU;Banque BU;BU/234;20220711;40100000;CompteLib_0003;FMETRO;METRO;22G211;20220711;EcritureLib_0268;20230501;11,57;0,00;D;BU/234;H;20221221
BU;Banque BU;BU/234;20220711;51220000;CompteLib_0028;;;22G211;20220711;EcritureLib_0268;20230501;0,00;11,57;C;BU/234;;
BU;Banque BU;BU/235;20220711;60100000;CompteLib_0010;;;22G280;20220711;EcritureLib_0269;20230501;60,00;0,00;D;BU/235;;
BU;Banque BU;BU/235;20220711;51220000;CompteLib_0028;;;22G280;20220711;EcritureLib_0269;20230501;0,00;60,00;C;BU/235;;
BU;Banque BU;BU/236;20220711;51100003;CompteLib_0036;;;22G208;20220711;EcritureLib_0270;20230501;0,00;33,55;C;BU/236;;
BU;Banque BU;BU/236;20220711;51220000;CompteLib_0028;;;22G208;20220711;EcritureLib_0270;20230501;33,55;0,00;D;BU/236;;
BU;Banque BU;BU/237;20220711;61600000;CompteLib_0030;;;22G207;20220711;EcritureLib_0271;20230501;64,56;0,00;D;BU/237;;
BU;Banque BU;BU/237;20220711;51220000;CompteLib_0028;;;22G207;20220711;EcritureLib_0271;20230501;0,00;64,56;C;BU/237;;
BU;Banque BU;BU/238;20220712;40100000;CompteLib_0003;FHALLES;HALLES DU SUD;22G216;20220712;EcritureLib_0272;20230501;75,89;0,00;D;BU/238;J;20230121
BU;Banque BU;BU/238;20220712;51220000;CompteLib_0028;;;22G216;20220712;EcritureLib_0272;20230501;0,00;75,89;C;BU/238;;
BU;Banque BU;BU/239;20220712;60100000;CompteLib_0010;;;22G282;20220712;EcritureLib_0273;20230501;20,00;0,00;D;BU/239;;
BU;Banque BU;BU/239;20220712;51220000;CompteLib_0028;;;22G282;20220712;EcritureLib_0273;20230501;0,00;20,00;C;BU/239;;
BU;Banque BU;BU/240;20220712;60100000;CompteLib_0010;;;22G281;20220712;EcritureLib_0274;20230501;42,62;0,00;D;BU/240;;
BU;Banque BU;BU/240;20220712;51220000;CompteLib_0028;;;22G281;20220712;EcritureLib_0274;20230501;0,00;42,62;C;BU/240;;
BU;Banque BU;BU/241;20220712;51100003;CompteLib_0036;;;22G214;20220712;EcritureLib_0275;20230501;0,00;18,91;C;BU/241;;
BU;Banque BU;BU/241;20220712;51220000;CompteLib_0028;;;22G214;20220712;EcritureLib_0275;20230501;18,91;0,00;D;BU/241;;
BU;Banque BU;BU/242;20220713;40100000;CompteLib_0003;FRESTAU;RESTAURANT;22G218;20220713;EcritureLib_0276;20230501;83,10;0,00;D;BU/242;A;20221221
BU;Banque BU;BU/242;20220713;51220000;CompteLib_0028;;;22G218;20220713;EcritureLib_0276;20230501;0,00;83,10;C;BU/242;;
BU;Banque BU;BU/243;20220714;51100004;CompteLib_0032;;;OK COMM;20220714;EcritureLib_0091;20230501;0,00;84,30;C;BU/243;;
BU;Banque BU;BU/243;20220714;51220000;CompteLib_0028;;;OK COMM;20220714;EcritureLib_0091;20230501;53,96;0,00;D;BU/243;;
BU;Banque BU;BU/243;20220714;62210000;CompteLib_0033;;;OK COMM;20220714;EcritureLib_0091;20230501;25,29;0,00;D;BU/243;;
BU;Banque BU;BU/243;20220714;44566000;CompteLib_0002;;;OK COMM;20220714;EcritureLib_0091;20230501;5,05;0,00;D;BU/243;A;20230724
BU;Banque BU;BU/244;20220714;51100002;CompteLib_0016;;;22G219;20220714;EcritureLib_0277;20230501;0,00;65,87;C;BU/244;;
BU;Banque BU;BU/244;20220714;51220000;CompteLib_0028;;;22G219;20220714;EcritureLib_0277;20230501;65,87;0,00;D;BU/244;;
BU;Banque BU;BU/245;20220715;45500000;CompteLib_0011;;;22G106;20220715;EcritureLib_0278;20230501;400,00;0,00;D;BU/245;;
BU;Banque BU;BU/245;20220715;51220000;CompteLib_0028;;;22G106;20220715;EcritureLib_0278;20230501;0,00;400,00;C;BU/245;;
BU;Banque BU;BU/246;20220718;51100001;CompteLib_0009;;;22G221;20220718;EcritureLib_0279;20230501;0,00;445,59;C;BU/246;;
BU;Banque BU;BU/246;20220718;51220000;CompteLib_0028;;;22G221;20220718;EcritureLib_0279;20230501;445,59;0,00;D;BU/246;;
BU;Banque BU;BU/247;20220719;51100005;CompteLib_0021;;;22G222;20220719;EcritureLib_0280;20230501;0,00;13,90;C;BU/247;;
BU;Banque BU;BU/247;20220719;51220000;CompteLib_0028;;;22G222;20220719;EcritureLib_0280;20230501;13,90;0,00;D;BU/247;;
BU;Banque BU;BU/248;20220719;62310000;CompteLib_0015;;;22G284;20220719;EcritureLib_0066;20230501;60,00;0,00;D;BU/248;;
BU;Banque BU;BU/248;20220719;51220000;CompteLib_0028;;;22G284;20220719;EcritureLib_0066;20230501;0,00;72,00;C;BU/248;;
BU;Banque BU;BU/248;20220719;44566000;CompteLib_0002;;;22G284;20220719;EcritureLib_0066;20230501;12,00;0,00;D;BU/248;A;20230724
BU;Banque BU;BU/249;20220720;51100002;CompteLib_0016;;;22G225;20220720;EcritureLib_0281;20230501;0,00;10,21;C;BU/249;;
BU;Banque BU;BU/249;20220720;51220000;CompteLib_0028;;;22G225;20220720;EcritureLib_0281;20230501;10,21;0,00;D;BU/249;;
BU;Banque BU;BU/250;20220720;70800000;CompteLib_0041;;;22G226;20220720;EcritureLib_0282;20230501;0,00;80,00;C;BU/250;;
BU;Banque BU;BU/250;20220720;51220000;CompteLib_0028;;;22G226;20220720;EcritureLib_0282;20230501;80,00;0,00;D;BU/250;;
BU;Banque BU;BU/251;20220721;51100004;CompteLib_0032;;;OK COMM;20220721;EcritureLib_0091;20230501;0,00;264,40;C;BU/251;;
BU;Banque BU;BU/251;20220721;51220000;CompteLib_0028;;;22G254;20220721;EcritureLib_0091;20230501;169,29;0,00;D;BU/251;;
BU;Banque BU;BU/251;20220721;62210000;CompteLib_0033;;;OK COMM;20220721;EcritureLib_0091;20230501;79,25;0,00;D;BU/251;;
BU;Banque BU;BU/251;20220721;44566000;CompteLib_0002;;;OK COMM;20220721;EcritureLib_0091;20230501;15,86;0,00;D;BU/251;A;20230724
BU;Banque BU;BU/252;20220722;45500000;CompteLib_0011;;;22G133;20220722;EcritureLib_0283;20230501;250,00;0,00;D;BU/252;;
BU;Banque BU;BU/252;20220722;51220000;CompteLib_0028;;;22G133;20220722;EcritureLib_0283;20230501;0,00;250,00;C;BU/252;;
BU;Banque BU;BU/253;20220725;51100001;CompteLib_0009;;;22G229;20220725;EcritureLib_0284;20230501;0,00;674,44;C;BU/253;;
BU;Banque BU;BU/253;20220725;51220000;CompteLib_0028;;;22G229;20220725;EcritureLib_0284;20230501;674,44;0,00;D;BU/253;;
BU;Banque BU;BU/254;20220725;45500000;CompteLib_0011;;;22G228;20220725;EcritureLib_0285;20230501;25,61;0,00;D;BU/254;;
BU;Banque BU;BU/254;20220725;51220000;CompteLib_0028;;;22G228;20220725;EcritureLib_0285;20230501;0,00;25,61;C;BU/254;;
BU;Banque BU;BU/255;20220725;40100000;CompteLib_0003;FEDF;EDF;22G231;20220725;EcritureLib_0063;20230501;833,12;0,00;D;BU/255;B;20221221
BU;Banque BU;BU/255;20220725;51220000;CompteLib_0028;;;22G231;20220725;EcritureLib_0063;20230501;0,00;833,12;C;BU/255;;
BU;Banque BU;BU/256;20220725;40100000;CompteLib_0003;FSFR;SFR;22G230;20220725;EcritureLib_0286;20230501;45,76;0,00;D;BU/256;B;20230119
BU;Banque BU;BU/256;20220725;51220000;CompteLib_0028;;;22G230;20220725;EcritureLib_0286;20230501;0,00;45,76;C;BU/256;;
BU;Banque BU;BU/257;20220725;42100000;CompteLib_0040;;;22G138;20220725;EcritureLib_0248;20230501;526,63;0,00;D;BU/257;A;20230117
BU;Banque BU;BU/257;20220725;51220000;CompteLib_0028;;;22G138;20220725;EcritureLib_0248;20230501;0,00;526,63;C;BU/257;;
BU;Banque BU;BU/258;20220727;45500000;CompteLib_0011;;;22G233;20220727;EcritureLib_0287;20230501;25,01;0,00;D;BU/258;;
BU;Banque BU;BU/258;20220727;51220000;CompteLib_0028;;;22G233;20220727;EcritureLib_0287;20230501;0,00;25,01;C;BU/258;;
BU;Banque BU;BU/259;20220727;51100002;CompteLib_0016;;;22G232;20220727;EcritureLib_0288;20230501;0,00;112,21;C;BU/259;;
BU;Banque BU;BU/259;20220727;51220000;CompteLib_0028;;;22G232;20220727;EcritureLib_0288;20230501;112,21;0,00;D;BU/259;;
BU;Banque BU;BU/260;20220727;40100000;CompteLib_0003;FKARAMA;KARAMA BOUCHERIE;22G234;20220727;EcritureLib_0289;20230501;813,66;0,00;D;BU/260;A;20230124
BU;Banque BU;BU/260;20220727;51220000;CompteLib_0028;;;22G234;20220727;EcritureLib_0289;20230501;0,00;813,66;C;BU/260;;
BU;Banque BU;BU/261;20220728;40100000;CompteLib_0003;FINTERRESTO;INTERRESTO;22G235;20220728;EcritureLib_0290;20230501;134,29;0,00;D;BU/261;Z;20230121
BU;Banque BU;BU/261;20220728;51220000;CompteLib_0028;;;22G235;20220728;EcritureLib_0290;20230501;0,00;134,29;C;BU/261;;
BU;Banque BU;BU/262;20220728;51100004;CompteLib_0032;;;OK COMM;20220728;EcritureLib_0291;20230501;0,00;257,00;C;BU/262;;
BU;Banque BU;BU/262;20220728;51220000;CompteLib_0028;;;OK COMM;20220728;EcritureLib_0291;20230501;164,48;0,00;D;BU/262;;
BU;Banque BU;BU/262;20220728;62210000;CompteLib_0033;;;OK COMM;20220728;EcritureLib_0291;20230501;77,10;0,00;D;BU/262;;
BU;Banque BU;BU/262;20220728;44566000;CompteLib_0002;;;OK COMM;20220728;EcritureLib_0291;20230501;15,42;0,00;D;BU/262;A;20230724
BU;Banque BU;BU/263;20220729;60100000;CompteLib_0010;;;22G290;20220729;EcritureLib_0292;20230501;4,13;0,00;D;BU/263;;
BU;Banque BU;BU/263;20220729;51220000;CompteLib_0028;;;22G290;20220729;EcritureLib_0292;20230501;0,00;4,13;C;BU/263;;
BU;Banque BU;BU/264;20220729;60100000;CompteLib_0010;;;22G289;20220729;EcritureLib_0293;20230501;35,00;0,00;D;BU/264;;
BU;Banque BU;BU/264;20220729;51220000;CompteLib_0028;;;22G289;20220729;EcritureLib_0293;20230501;0,00;35,00;C;BU/264;;
BU;Banque BU;BU/265;20220801;60100000;CompteLib_0010;;;22H194;20220801;EcritureLib_0294;20230501;64,50;0,00;D;BU/265;;
BU;Banque BU;BU/265;20220801;51220000;CompteLib_0028;;;22H194;20220801;EcritureLib_0294;20230501;0,00;64,50;C;BU/265;;
BU;Banque BU;BU/266;20220801;51100001;CompteLib_0009;;;22H114;20220801;EcritureLib_0295;20230501;0,00;321,03;C;BU/266;;
BU;Banque BU;BU/266;20220801;51220000;CompteLib_0028;;;22H114;20220801;EcritureLib_0295;20230501;321,03;0,00;D;BU/266;;
BU;Banque BU;BU/267;20220801;61330000;CompteLib_0039;;;22H115;20220801;EcritureLib_0296;20230501;28,95;0,00;D;BU/267;;
BU;Banque BU;BU/267;20220801;44566000;CompteLib_0002;;;22H115;20220801;EcritureLib_0296;20230501;5,79;0,00;D;BU/267;A;20230724
BU;Banque BU;BU/267;20220801;51220000;CompteLib_0028;;;22H115;20220801;EcritureLib_0296;20230501;0,00;34,74;C;BU/267;;
BU;Banque BU;BU/268;20220802;62700000;CompteLib_0029;;;22H16;20220802;EcritureLib_0297;20230501;33,82;0,00;D;BU/268;;
BU;Banque BU;BU/268;20220802;51220000;CompteLib_0028;;;22H16;20220802;EcritureLib_0297;20230501;0,00;33,82;C;BU/268;;
BU;Banque BU;BU/269;20220802;51100005;CompteLib_0021;;;22H117;20220802;EcritureLib_0280;20230501;0,00;42,70;C;BU/269;;
BU;Banque BU;BU/269;20220802;51220000;CompteLib_0028;;;22H117;20220802;EcritureLib_0280;20230501;42,70;0,00;D;BU/269;;
BU;Banque BU;BU/270;20220802;40100000;CompteLib_0003;FEDF;EDF;22H118;20220802;EcritureLib_0298;20230501;0,00;833,12;C;BU/270;B;20221221
BU;Banque BU;BU/270;20220802;51220000;CompteLib_0028;;;22H118;20220802;EcritureLib_0298;20230501;833,12;0,00;D;BU/270;;
BU;Banque BU;BU/271;20220803;62610000;CompteLib_0012;;;22H195;20220803;EcritureLib_0299;20230501;45,83;0,00;D;BU/271;;
BU;Banque BU;BU/271;20220803;51220000;CompteLib_0028;;;22H195;20220803;EcritureLib_0299;20230501;0,00;54,99;C;BU/271;;
BU;Banque BU;BU/271;20220803;44566000;CompteLib_0002;;;22H195;20220803;EcritureLib_0299;20230501;9,16;0,00;D;BU/271;A;20230724
BU;Banque BU;BU/272;20220804;40100000;CompteLib_0003;FPMOREAU;PIERRE MOREAU;22H120;20220804;EcritureLib_0068;20230501;600,00;0,00;D;BU/272;D;20230124
BU;Banque BU;BU/272;20220804;51220000;CompteLib_0028;;;22H120;20220804;EcritureLib_0068;20230501;0,00;600,00;C;BU/272;;
BU;Banque BU;BU/273;20220804;51100004;CompteLib_0032;;;OK COMM;20220804;EcritureLib_0091;20230501;0,00;107,20;C;BU/273;;
BU;Banque BU;BU/273;20220804;51220000;CompteLib_0028;;;OK COMM;20220804;EcritureLib_0091;20230501;68,61;0,00;D;BU/273;;
BU;Banque BU;BU/273;20220804;62210000;CompteLib_0033;;;OK COMM;20220804;EcritureLib_0091;20230501;32,16;0,00;D;BU/273;;
BU;Banque BU;BU/273;20220804;44566000;CompteLib_0002;;;OK COMM;20220804;EcritureLib_0091;20230501;6,43;0,00;D;BU/273;A;20230724
BU;Banque BU;BU/274;20220805;51100002;CompteLib_0016;;;22H121;20220805;EcritureLib_0300;20230501;0,00;61,67;C;BU/274;;
BU;Banque BU;BU/274;20220805;51220000;CompteLib_0028;;;22H121;20220805;EcritureLib_0300;20230501;61,67;0,00;D;BU/274;;
BU;Banque BU;BU/275;20220808;60100000;CompteLib_0010;;;22H197;20220808;EcritureLib_0301;20230501;34,99;0,00;D;BU/275;;
BU;Banque BU;BU/275;20220808;51220000;CompteLib_0028;;;22H197;20220808;EcritureLib_0301;20230501;0,00;34,99;C;BU/275;;
BU;Banque BU;BU/276;20220808;51100005;CompteLib_0021;;;22H122;20220808;EcritureLib_0302;20230501;0,00;36,17;C;BU/276;;
BU;Banque BU;BU/276;20220808;51220000;CompteLib_0028;;;22H122;20220808;EcritureLib_0302;20230501;36,17;0,00;D;BU/276;;
BU;Banque BU;BU/277;20220808;51100005;CompteLib_0021;;;22H34;20220808;EcritureLib_0303;20230501;0,00;92,12;C;BU/277;;
BU;Banque BU;BU/277;20220808;51220000;CompteLib_0028;;;22H34;20220808;EcritureLib_0303;20230501;92,12;0,00;D;BU/277;;
BU;Banque BU;BU/278;20220808;51100005;CompteLib_0021;;;22H32;20220808;EcritureLib_0304;20230501;0,00;44,53;C;BU/278;;
BU;Banque BU;BU/278;20220808;51220000;CompteLib_0028;;;22H32;20220808;EcritureLib_0304;20230501;44,53;0,00;D;BU/278;;
BU;Banque BU;BU/279;20220808;60100000;CompteLib_0010;;;22H196;20220808;EcritureLib_0305;20230501;109,44;0,00;D;BU/279;;
BU;Banque BU;BU/279;20220808;51220000;CompteLib_0028;;;22H196;20220808;EcritureLib_0305;20230501;0,00;109,44;C;BU/279;;
BU;Banque BU;BU/280;20220808;51100005;CompteLib_0021;;;22H33;20220808;EcritureLib_0306;20230501;0,00;15,23;C;BU/280;;
BU;Banque BU;BU/280;20220808;51220000;CompteLib_0028;;;22H33;20220808;EcritureLib_0306;20230501;15,23;0,00;D;BU/280;;
BU;Banque BU;BU/281;20220808;43100000;CompteLib_0042;;;22H124;20220808;EcritureLib_0307;20230501;97,00;0,00;D;BU/281;A;20230217
BU;Banque BU;BU/281;20220808;51220000;CompteLib_0028;;;22H124;20220808;EcritureLib_0307;20230501;0,00;97,00;C;BU/281;;
BU;Banque BU;BU/282;20220808;51100005;CompteLib_0021;;;22H123;20220808;EcritureLib_0308;20230501;0,00;18,07;C;BU/282;;
BU;Banque BU;BU/282;20220808;51220000;CompteLib_0028;;;22H123;20220808;EcritureLib_0308;20230501;18,07;0,00;D;BU/282;;
BU;Banque BU;BU/283;20220810;51100005;CompteLib_0021;;;22H198;20220810;EcritureLib_0309;20230501;0,00;32,90;C;BU/283;;
BU;Banque BU;BU/283;20220810;51220000;CompteLib_0028;;;22H198;20220810;EcritureLib_0309;20230501;30,46;0,00;D;BU/283;;
BU;Banque BU;BU/283;20220810;62214000;CompteLib_0020;;;22H198;20220810;EcritureLib_0309;20230501;2,03;0,00;D;BU/283;;
BU;Banque BU;BU/283;20220810;44566000;CompteLib_0002;;;22H198;20220810;EcritureLib_0309;20230501;0,41;0,00;D;BU/283;A;20230724
BU;Banque BU;BU/284;20220810;61600000;CompteLib_0030;;;22H127;20220810;EcritureLib_0271;20230501;64,54;0,00;D;BU/284;;
BU;Banque BU;BU/284;20220810;51220000;CompteLib_0028;;;22H127;20220810;EcritureLib_0271;20230501;0,00;64,54;C;BU/284;;
BU;Banque BU;BU/285;20220812;43720000;CompteLib_0043;;;22H128;20220812;EcritureLib_0310;20230501;18,84;0,00;D;BU/285;E;20231025
BU;Banque BU;BU/285;20220812;51220000;CompteLib_0028;;;22H128;20220812;EcritureLib_0310;20230501;0,00;18,84;C;BU/285;;
BU;Banque BU;BU/286;20220812;51100005;CompteLib_0021;;;22H48;20220812;EcritureLib_0311;20230501;0,00;33,77;C;BU/286;;
BU;Banque BU;BU/286;20220812;51220000;CompteLib_0028;;;22H48;20220812;EcritureLib_0311;20230501;33,77;0,00;D;BU/286;;
BU;Banque BU;BU/287;20220816;40100000;CompteLib_0003;FINTERRESTO;INTERRESTO;22H129;20220816;EcritureLib_0312;20230501;421,74;0,00;D;BU/287;AA;20230124
BU;Banque BU;BU/287;20220816;51220000;CompteLib_0028;;;22H129;20220816;EcritureLib_0312;20230501;0,00;421,74;C;BU/287;;
BU;Banque BU;BU/288;20220817;43100000;CompteLib_0042;;;22H130;20220817;EcritureLib_0313;20230501;274,00;0,00;D;BU/288;A;20230217
BU;Banque BU;BU/288;20220817;51220000;CompteLib_0028;;;22H130;20220817;EcritureLib_0313;20230501;0,00;274,00;C;BU/288;;
BU;Banque BU;BU/289;20220817;62310000;CompteLib_0015;;;22H199;20220817;EcritureLib_0066;20230501;60,00;0,00;D;BU/289;;
BU;Banque BU;BU/289;20220817;51220000;CompteLib_0028;;;22H199;20220817;EcritureLib_0066;20230501;0,00;72,00;C;BU/289;;
BU;Banque BU;BU/289;20220817;44566000;CompteLib_0002;;;22H199;20220817;EcritureLib_0066;20230501;12,00;0,00;D;BU/289;A;20230724
BU;Banque BU;BU/290;20220820;51100006;CompteLib_0044;;;22H134;20220820;EcritureLib_0314;20230501;0,00;41,70;C;BU/290;;
BU;Banque BU;BU/290;20220820;51220000;CompteLib_0028;;;22H134;20220820;EcritureLib_0314;20230501;41,70;0,00;D;BU/290;;
BU;Banque BU;BU/291;20220822;60100000;CompteLib_0010;;;22H203;20220822;EcritureLib_0315;20230501;118,50;0,00;D;BU/291;;
BU;Banque BU;BU/291;20220822;51220000;CompteLib_0028;;;22H203;20220822;EcritureLib_0315;20230501;0,00;118,50;C;BU/291;;
BU;Banque BU;BU/292;20220822;61520000;CompteLib_0045;;;22H201;20220822;EcritureLib_0316;20230501;10,00;0,00;D;BU/292;;
BU;Banque BU;BU/292;20220822;51220000;CompteLib_0028;;;22H201;20220822;EcritureLib_0316;20230501;0,00;10,00;C;BU/292;;
BU;Banque BU;BU/293;20220822;40100000;CompteLib_0003;FINTERRESTO;INTERRESTO;22H138;20220822;EcritureLib_0317;20230501;79,63;0,00;D;BU/293;H;20221221
BU;Banque BU;BU/293;20220822;51220000;CompteLib_0028;;;22H138;20220822;EcritureLib_0317;20230501;0,00;79,63;C;BU/293;;
BU;Banque BU;BU/294;20220822;60100000;CompteLib_0010;;;22H202;20220822;EcritureLib_0318;20230501;117,76;0,00;D;BU/294;;
BU;Banque BU;BU/294;20220822;51220000;CompteLib_0028;;;22H202;20220822;EcritureLib_0318;20230501;0,00;117,76;C;BU/294;;
BU;Banque BU;BU/295;20220823;51100003;CompteLib_0036;;;22H152;20220823;EcritureLib_0319;20230501;0,00;77,04;C;BU/295;;
BU;Banque BU;BU/295;20220823;51220000;CompteLib_0028;;;22H152;20220823;EcritureLib_0319;20230501;77,04;0,00;D;BU/295;;
BU;Banque BU;BU/296;20220823;40100000;CompteLib_0003;FMETRO;METRO;22H146;20220823;EcritureLib_0320;20230501;203,55;0,00;D;BU/296;T;20230117
BU;Banque BU;BU/296;20220823;51220000;CompteLib_0028;;;22H146;20220823;EcritureLib_0320;20230501;0,00;203,55;C;BU/296;;
BU;Banque BU;BU/297;20220823;40100000;CompteLib_0003;FHALLES;HALLES DU SUD;22H148;20220823;EcritureLib_0321;20230501;120,78;0,00;D;BU/297;B;20221221
BU;Banque BU;BU/297;20220823;51220000;CompteLib_0028;;;22H148;20220823;EcritureLib_0321;20230501;0,00;120,78;C;BU/297;;
BU;Banque BU;BU/298;20220823;40100000;CompteLib_0003;FHALLES;HALLES DU SUD;22H145;20220823;EcritureLib_0322;20230501;13,94;0,00;D;BU/298;A;20221221
BU;Banque BU;BU/298;20220823;51220000;CompteLib_0028;;;22H145;20220823;EcritureLib_0322;20230501;0,00;13,94;C;BU/298;;
BU;Banque BU;BU/299;20220823;40100000;CompteLib_0003;FHALLES;HALLES DU SUD;22H147;20220823;EcritureLib_0323;20230501;178,00;0,00;D;BU/299;AJ;20230124
BU;Banque BU;BU/299;20220823;51220000;CompteLib_0028;;;22H147;20220823;EcritureLib_0323;20230501;0,00;178,00;C;BU/299;;
BU;Banque BU;BU/300;20220823;60617000;CompteLib_0046;;;22H144;20220823;EcritureLib_0324;20230501;25,01;0,00;D;BU/300;;
BU;Banque BU;BU/300;20220823;51220000;CompteLib_0028;;;22H144;20220823;EcritureLib_0324;20230501;0,00;25,01;C;BU/300;;
BU;Banque BU;BU/301;20220823;60100000;CompteLib_0010;;;22H204;20220823;EcritureLib_0325;20230501;37,00;0,00;D;BU/301;;
BU;Banque BU;BU/301;20220823;51220000;CompteLib_0028;;;22H204;20220823;EcritureLib_0325;20230501;0,00;37,00;C;BU/301;;
BU;Banque BU;BU/302;20220823;40100000;CompteLib_0003;FHALLES;HALLES DU SUD;22H149;20220823;EcritureLib_0326;20230501;55,23;0,00;D;BU/302;N;20230121
BU;Banque BU;BU/302;20220823;51220000;CompteLib_0028;;;22H149;20220823;EcritureLib_0326;20230501;0,00;55,23;C;BU/302;;
BU;Banque BU;BU/303;20220823;51100003;CompteLib_0036;;;22H151;20220823;EcritureLib_0327;20230501;0,00;8,46;C;BU/303;;
BU;Banque BU;BU/303;20220823;51220000;CompteLib_0028;;;22H151;20220823;EcritureLib_0327;20230501;8,46;0,00;D;BU/303;;
BU;Banque BU;BU/304;20220824;60617000;CompteLib_0046;;;22H154;20220824;EcritureLib_0328;20230501;25,08;0,00;D;BU/304;;
BU;Banque BU;BU/304;20220824;51220000;CompteLib_0028;;;22H154;20220824;EcritureLib_0328;20230501;0,00;25,08;C;BU/304;;
BU;Banque BU;BU/305;20220824;40100000;CompteLib_0003;FBRICODEPOT;BRICO DEPOT;22H153;20220824;EcritureLib_0329;20230501;4,90;0,00;D;BU/305;E;20221221
BU;Banque BU;BU/305;20220824;51220000;CompteLib_0028;;;22H153;20220824;EcritureLib_0329;20230501;0,00;4,90;C;BU/305;;
BU;Banque BU;BU/306;20220824;51100003;CompteLib_0036;;;22H75;20220824;EcritureLib_0330;20230501;0,00;68,98;C;BU/306;;
BU;Banque BU;BU/306;20220824;51220000;CompteLib_0028;;;22H75;20220824;EcritureLib_0330;20230501;68,98;0,00;D;BU/306;;
BU;Banque BU;BU/307;20220824;51100003;CompteLib_0036;;;22H74;20220824;EcritureLib_0331;20230501;0,00;75,11;C;BU/307;;
BU;Banque BU;BU/307;20220824;51220000;CompteLib_0028;;;22H74;20220824;EcritureLib_0331;20230501;75,11;0,00;D;BU/307;;
BU;Banque BU;BU/308;20220825;40100000;CompteLib_0003;FSFR;SFR;22H156;20220825;EcritureLib_0332;20230501;32,16;0,00;D;BU/308;C;20230501
BU;Banque BU;BU/308;20220825;51220000;CompteLib_0028;;;22H156;20220825;EcritureLib_0332;20230501;0,00;32,16;C;BU/308;;
BU;Banque BU;BU/309;20220825;51100003;CompteLib_0036;;;22H80;20220825;EcritureLib_0333;20230501;0,00;30,64;C;BU/309;;
BU;Banque BU;BU/309;20220825;51220000;CompteLib_0028;;;22H80;20220825;EcritureLib_0333;20230501;30,64;0,00;D;BU/309;;
BU;Banque BU;BU/310;20220825;51100003;CompteLib_0036;;;22H81;20220825;EcritureLib_0334;20230501;0,00;53,19;C;BU/310;;
BU;Banque BU;BU/310;20220825;51220000;CompteLib_0028;;;22H81;20220825;EcritureLib_0334;20230501;53,19;0,00;D;BU/310;;
BU;Banque BU;BU/311;20220825;43720000;CompteLib_0043;;;22H155;20220825;EcritureLib_0335;20230501;58,42;0,00;D;BU/311;E;20231025
BU;Banque BU;BU/311;20220825;51220000;CompteLib_0028;;;22H155;20220825;EcritureLib_0335;20230501;0,00;58,42;C;BU/311;;
BU;Banque BU;BU/312;20220826;51100003;CompteLib_0036;;;22H85;20220826;EcritureLib_0336;20230501;0,00;55,45;C;BU/312;;
BU;Banque BU;BU/312;20220826;51220000;CompteLib_0028;;;22H85;20220826;EcritureLib_0336;20230501;55,45;0,00;D;BU/312;;
BU;Banque BU;BU/313;20220826;60615000;CompteLib_0019;;;22H206;20220826;EcritureLib_0337;20230501;49,32;0,00;D;BU/313;;
BU;Banque BU;BU/313;20220826;51220000;CompteLib_0028;;;22H206;20220826;EcritureLib_0337;20230501;0,00;49,32;C;BU/313;;
BU;Banque BU;BU/314;20220826;61510000;CompteLib_0005;;;22H205;20220826;EcritureLib_0338;20230501;9,55;0,00;D;BU/314;;
BU;Banque BU;BU/314;20220826;51220000;CompteLib_0028;;;22H205;20220826;EcritureLib_0338;20230501;0,00;9,55;C;BU/314;;
BU;Banque BU;BU/315;20220826;60617000;CompteLib_0046;;;22H162;20220826;EcritureLib_0339;20230501;10,00;0,00;D;BU/315;;
BU;Banque BU;BU/315;20220826;51220000;CompteLib_0028;;;22H162;20220826;EcritureLib_0339;20230501;0,00;10,00;C;BU/315;;
BU;Banque BU;BU/316;20220826;51100003;CompteLib_0036;;;22H84;20220826;EcritureLib_0340;20230501;0,00;55,25;C;BU/316;;
BU;Banque BU;BU/316;20220826;51220000;CompteLib_0028;;;22H84;20220826;EcritureLib_0340;20230501;55,25;0,00;D;BU/316;;
BU;Banque BU;BU/317;20220826;40100000;CompteLib_0003;FINTERRESTO;INTERRESTO;22H161;20220826;EcritureLib_0341;20230501;13,75;0,00;D;BU/317;I;20221221
BU;Banque BU;BU/317;20220826;51220000;CompteLib_0028;;;22H161;20220826;EcritureLib_0341;20230501;0,00;13,75;C;BU/317;;
BU;Banque BU;BU/317;20220826;40100000;CompteLib_0003;FINTERRESTO;INTERRESTO;22H161;20220826;EcritureLib_0341;20230501;54,17;0,00;D;BU/317;I;20221221
BU;Banque BU;BU/317;20220826;51220000;CompteLib_0028;;;22H161;20220826;EcritureLib_0341;20230501;0,00;54,17;C;BU/317;;
BU;Banque BU;BU/318;20220829;60630000;CompteLib_0004;;;22H207;20220829;EcritureLib_0342;20230501;11,55;0,00;D;BU/318;;
BU;Banque BU;BU/318;20220829;51220000;CompteLib_0028;;;22H207;20220829;EcritureLib_0342;20230501;0,00;11,55;C;BU/318;;
BU;Banque BU;BU/319;20220829;51100003;CompteLib_0036;;;22H96;20220829;EcritureLib_0343;20230501;0,00;125,35;C;BU/319;;
BU;Banque BU;BU/319;20220829;51220000;CompteLib_0028;;;22H96;20220829;EcritureLib_0343;20230501;125,35;0,00;D;BU/319;;
BU;Banque BU;BU/320;20220829;51100003;CompteLib_0036;;;22H94;20220829;EcritureLib_0344;20230501;0,00;111,30;C;BU/320;;
BU;Banque BU;BU/320;20220829;51220000;CompteLib_0028;;;22H94;20220829;EcritureLib_0344;20230501;111,30;0,00;D;BU/320;;
BU;Banque BU;BU/321;20220829;51100003;CompteLib_0036;;;22H92;20220829;EcritureLib_0345;20230501;0,00;207,00;C;BU/321;;
BU;Banque BU;BU/321;20220829;51220000;CompteLib_0028;;;22H92;20220829;EcritureLib_0345;20230501;207,00;0,00;D;BU/321;;
BU;Banque BU;BU/322;20220829;51100003;CompteLib_0036;;;22H93;20220829;EcritureLib_0346;20230501;0,00;199,32;C;BU/322;;
BU;Banque BU;BU/322;20220829;51220000;CompteLib_0028;;;22H93;20220829;EcritureLib_0346;20230501;199,32;0,00;D;BU/322;;
BU;Banque BU;BU/323;20220829;51100001;CompteLib_0009;;;22H164;20220829;EcritureLib_0347;20230501;0,00;705,62;C;BU/323;;
BU;Banque BU;BU/323;20220829;51220000;CompteLib_0028;;;22H164;20220829;EcritureLib_0347;20230501;705,62;0,00;D;BU/323;;
BU;Banque BU;BU/324;20220829;40100000;CompteLib_0003;FINTERRESTO;INTERRESTO;22H169;20220829;EcritureLib_0348;20230501;126,65;0,00;D;BU/324;V;20230120
BU;Banque BU;BU/324;20220829;51220000;CompteLib_0028;;;22H169;20220829;EcritureLib_0348;20230501;0,00;126,65;C;BU/324;;
BU;Banque BU;BU/325;20220829;51100003;CompteLib_0036;;;22H95;20220829;EcritureLib_0349;20230501;0,00;134,29;C;BU/325;;
BU;Banque BU;BU/325;20220829;51220000;CompteLib_0028;;;22H95;20220829;EcritureLib_0349;20230501;134,29;0,00;D;BU/325;;
BU;Banque BU;BU/326;20220829;60617000;CompteLib_0046;;;22H165;20220829;EcritureLib_0350;20230501;10,48;0,00;D;BU/326;;
BU;Banque BU;BU/326;20220829;51220000;CompteLib_0028;;;22H165;20220829;EcritureLib_0350;20230501;0,00;10,48;C;BU/326;;
BU;Banque BU;BU/327;20220829;40100000;CompteLib_0003;FAUCHAN;AUCHAN;22H168;20220829;EcritureLib_0351;20230501;68,17;0,00;D;BU/327;A;20221221
BU;Banque BU;BU/327;20220829;51220000;CompteLib_0028;;;22H168;20220829;EcritureLib_0351;20230501;0,00;68,17;C;BU/327;;
BU;Banque BU;BU/328;20220829;40100000;CompteLib_0003;FMETRO;METRO;22H167;20220829;EcritureLib_0352;20230501;22,37;0,00;D;BU/328;I;20221221
BU;Banque BU;BU/328;20220829;51220000;CompteLib_0028;;;22H167;20220829;EcritureLib_0352;20230501;0,00;22,37;C;BU/328;;
BU;Banque BU;BU/328;20220829;40100000;CompteLib_0003;FMETRO;METRO;22H167;20220829;EcritureLib_0352;20230501;27,60;0,00;D;BU/328;I;20221221
BU;Banque BU;BU/328;20220829;51220000;CompteLib_0028;;;22H167;20220829;EcritureLib_0352;20230501;0,00;27,60;C;BU/328;;
BU;Banque BU;BU/329;20220830;51100003;CompteLib_0036;;;22H103;20220830;EcritureLib_0353;20230501;0,00;11,85;C;BU/329;;
BU;Banque BU;BU/329;20220830;51220000;CompteLib_0028;;;22H103;20220830;EcritureLib_0353;20230501;11,85;0,00;D;BU/329;;
BU;Banque BU;BU/330;20220830;51100003;CompteLib_0036;;;22H104;20220830;EcritureLib_0354;20230501;0,00;220,60;C;BU/330;;
BU;Banque BU;BU/330;20220830;51220000;CompteLib_0028;;;22H104;20220830;EcritureLib_0354;20230501;220,60;0,00;D;BU/330;;
BU;Banque BU;BU/331;20220830;60100000;CompteLib_0010;;;22H208;20220830;EcritureLib_0355;20230501;28,44;0,00;D;BU/331;;
BU;Banque BU;BU/331;20220830;51220000;CompteLib_0028;;;22H208;20220830;EcritureLib_0355;20230501;0,00;30,00;C;BU/331;;
BU;Banque BU;BU/331;20220830;44566000;CompteLib_0002;;;22H208;20220830;EcritureLib_0355;20230501;1,56;0,00;D;BU/331;A;20230724
BU;Banque BU;BU/332;20220831;60100000;CompteLib_0010;;;22H187;20220831;EcritureLib_0356;20230501;9,21;0,00;D;BU/332;;
BU;Banque BU;BU/332;20220831;51220000;CompteLib_0028;;;22H187;20220831;EcritureLib_0356;20230501;0,00;9,72;C;BU/332;;
BU;Banque BU;BU/332;20220831;44566000;CompteLib_0002;;;22H187;20220831;EcritureLib_0356;20230501;0,51;0,00;D;BU/332;A;20230724
BU;Banque BU;BU/333;20220831;51100003;CompteLib_0036;;;22H108;20220831;EcritureLib_0357;20230501;0,00;92,39;C;BU/333;;
BU;Banque BU;BU/333;20220831;51220000;CompteLib_0028;;;22H108;20220831;EcritureLib_0357;20230501;92,39;0,00;D;BU/333;;
BU;Banque BU;BU/334;20220831;51100003;CompteLib_0036;;;22H109;20220831;EcritureLib_0358;20230501;0,00;26,40;C;BU/334;;
BU;Banque BU;BU/334;20220831;51220000;CompteLib_0028;;;22H109;20220831;EcritureLib_0358;20230501;26,40;0,00;D;BU/334;;
BU;Banque BU;BU/335;20220831;51100005;CompteLib_0021;;;22H107;20220831;EcritureLib_0359;20230501;0,00;18,07;C;BU/335;;
BU;Banque BU;BU/335;20220831;51220000;CompteLib_0028;;;22H107;20220831;EcritureLib_0359;20230501;18,07;0,00;D;BU/335;;
BU;Banque BU;BU/336;20220831;60100000;CompteLib_0010;;;22H209;20220831;EcritureLib_0360;20230501;52,50;0,00;D;BU/336;;
BU;Banque BU;BU/336;20220831;51220000;CompteLib_0028;;;22H209;20220831;EcritureLib_0360;20230501;0,00;52,50;C;BU/336;;
BU;Banque BU;BU/337;20220901;61330000;CompteLib_0039;;;22I302;20220901;EcritureLib_0361;20230501;44,25;0,00;D;BU/337;;
BU;Banque BU;BU/337;20220901;44566000;CompteLib_0002;;;22I302;20220901;EcritureLib_0361;20230501;8,85;0,00;D;BU/337;A;20230724
BU;Banque BU;BU/337;20220901;51220000;CompteLib_0028;;;22I302;20220901;EcritureLib_0361;20230501;0,00;53,10;C;BU/337;;
BU;Banque BU;BU/338;20220901;40100000;CompteLib_0003;FMETRO;METRO;22I304;20220901;EcritureLib_0362;20230501;186,95;0,00;D;BU/338;J;20221221
BU;Banque BU;BU/338;20220901;51220000;CompteLib_0028;;;22I304;20220901;EcritureLib_0362;20230501;0,00;186,95;C;BU/338;;
BU;Banque BU;BU/338;20220901;40100000;CompteLib_0003;FMETRO;METRO;22I304;20220901;EcritureLib_0362;20230501;11,57;0,00;D;BU/338;J;20221221
BU;Banque BU;BU/338;20220901;51220000;CompteLib_0028;;;22I304;20220901;EcritureLib_0362;20230501;0,00;11,57;C;BU/338;;
BU;Banque BU;BU/339;20220901;61330000;CompteLib_0039;;;22I301;20220901;EcritureLib_0363;20230501;28,95;0,00;D;BU/339;;
BU;Banque BU;BU/339;20220901;44566000;CompteLib_0002;;;22I301;20220901;EcritureLib_0363;20230501;5,79;0,00;D;BU/339;A;20230724
BU;Banque BU;BU/339;20220901;51220000;CompteLib_0028;;;22I301;20220901;EcritureLib_0363;20230501;0,00;34,74;C;BU/339;;
BU;Banque BU;BU/340;20220901;51100004;CompteLib_0032;;;OK COMM;20220901;EcritureLib_0364;20230501;0,00;107,80;C;BU/340;;
BU;Banque BU;BU/340;20220901;51220000;CompteLib_0028;;;OK COMM;20220901;EcritureLib_0364;20230501;68,99;0,00;D;BU/340;;
BU;Banque BU;BU/340;20220901;62210000;CompteLib_0033;;;OK COMM;20220901;EcritureLib_0364;20230501;32,34;0,00;D;BU/340;;
BU;Banque BU;BU/340;20220901;44566000;CompteLib_0002;;;OK COMM;20220901;EcritureLib_0364;20230501;6,47;0,00;D;BU/340;A;20230724
BU;Banque BU;BU/341;20220901;51100003;CompteLib_0036;;;22I4;20220901;EcritureLib_0365;20230501;0,00;24,29;C;BU/341;;
BU;Banque BU;BU/341;20220901;51220000;CompteLib_0028;;;22I4;20220901;EcritureLib_0365;20230501;24,29;0,00;D;BU/341;;
BU;Banque BU;BU/342;20220901;51100003;CompteLib_0036;;;22I3;20220901;EcritureLib_0366;20230501;0,00;46,90;C;BU/342;;
BU;Banque BU;BU/342;20220901;51220000;CompteLib_0028;;;22I3;20220901;EcritureLib_0366;20230501;46,90;0,00;D;BU/342;;
BU;Banque BU;BU/343;20220901;51100005;CompteLib_0021;;;22I2;20220901;EcritureLib_0367;20230501;0,00;41,73;C;BU/343;;
BU;Banque BU;BU/343;20220901;51220000;CompteLib_0028;;;22I2;20220901;EcritureLib_0367;20230501;41,73;0,00;D;BU/343;;
BU;Banque BU;BU/344;20220901;51100005;CompteLib_0021;;;22I1;20220901;EcritureLib_0368;20230501;0,00;32,64;C;BU/344;;
BU;Banque BU;BU/344;20220901;51220000;CompteLib_0028;;;22I1;20220901;EcritureLib_0368;20230501;32,64;0,00;D;BU/344;;
BU;Banque BU;BU/345;20220901;60617000;CompteLib_0046;;;22I303;20220901;EcritureLib_0369;20230501;20,02;0,00;D;BU/345;;
BU;Banque BU;BU/345;20220901;51220000;CompteLib_0028;;;22I303;20220901;EcritureLib_0369;20230501;0,00;20,02;C;BU/345;;
BU;Banque BU;BU/346;20220902;40100000;CompteLib_0003;FINTERRESTO;INTERRESTO;22I307;20220902;EcritureLib_0370;20230501;77,24;0,00;D;BU/346;M;20221221
BU;Banque BU;BU/346;20220902;51220000;CompteLib_0028;;;22I307;20220902;EcritureLib_0370;20230501;0,00;77,24;C;BU/346;;
BU;Banque BU;BU/346;20220902;40100000;CompteLib_0003;FINTERRESTO;INTERRESTO;22I307;20220902;EcritureLib_0370;20230501;37,44;0,00;D;BU/346;M;20221221
BU;Banque BU;BU/346;20220902;51220000;CompteLib_0028;;;22I307;20220902;EcritureLib_0370;20230501;0,00;37,44;C;BU/346;;
BU;Banque BU;BU/347;20220902;51100003;CompteLib_0036;;;22I13;20220902;EcritureLib_0371;20230501;0,00;95,23;C;BU/347;;
BU;Banque BU;BU/347;20220902;51220000;CompteLib_0028;;;22I13;20220902;EcritureLib_0371;20230501;95,23;0,00;D;BU/347;;
BU;Banque BU;BU/348;20220902;51100003;CompteLib_0036;;;22I12;20220902;EcritureLib_0372;20230501;0,00;48,28;C;BU/348;;
BU;Banque BU;BU/348;20220902;51220000;CompteLib_0028;;;22I12;20220902;EcritureLib_0372;20230501;48,28;0,00;D;BU/348;;
BU;Banque BU;BU/349;20220902;62700000;CompteLib_0029;;;22I14;20220902;EcritureLib_0373;20230501;33,82;0,00;D;BU/349;;
BU;Banque BU;BU/349;20220902;51220000;CompteLib_0028;;;22I14;20220902;EcritureLib_0373;20230501;0,00;33,82;C;BU/349;;
BU;Banque BU;BU/350;20220902;40100000;CompteLib_0003;FKARAMA;KARAMA BOUCHERIE;22I306;20220902;EcritureLib_0374;20230501;1134,84;0,00;D;BU/350;B;20230131
BU;Banque BU;BU/350;20220902;51220000;CompteLib_0028;;;22I306;20220902;EcritureLib_0374;20230501;0,00;1134,84;C;BU/350;;
BU;Banque BU;BU/351;20220905;51100003;CompteLib_0036;;;22I25;20220905;EcritureLib_0375;20230501;0,00;152,20;C;BU/351;;
BU;Banque BU;BU/351;20220905;51220000;CompteLib_0028;;;22I25;20220905;EcritureLib_0375;20230501;152,20;0,00;D;BU/351;;
BU;Banque BU;BU/352;20220905;60617000;CompteLib_0046;;;22I315;20220905;EcritureLib_0376;20230501;20,00;0,00;D;BU/352;;
BU;Banque BU;BU/352;20220905;51220000;CompteLib_0028;;;22I315;20220905;EcritureLib_0376;20230501;0,00;20,00;C;BU/352;;
BU;Banque BU;BU/353;20220905;42100000;CompteLib_0040;;;22I473;20220905;EcritureLib_0377;20230501;104,80;0,00;D;BU/353;G;20230622
BU;Banque BU;BU/353;20220905;51220000;CompteLib_0028;;;22I473;20220905;EcritureLib_0377;20230501;0,00;104,80;C;BU/353;;
BU;Banque BU;BU/354;20220905;51100005;CompteLib_0021;;;22I311;20220905;EcritureLib_0378;20230501;0,00;54,90;C;BU/354;;
BU;Banque BU;BU/354;20220905;51220000;CompteLib_0028;;;22I311;20220905;EcritureLib_0378;20230501;54,90;0,00;D;BU/354;;
BU;Banque BU;BU/355;20220905;51100003;CompteLib_0036;;;22I23;20220905;EcritureLib_0379;20230501;0,00;146,43;C;BU/355;;
BU;Banque BU;BU/355;20220905;51220000;CompteLib_0028;;;22I23;20220905;EcritureLib_0379;20230501;146,43;0,00;D;BU/355;;
BU;Banque BU;BU/356;20220905;51100003;CompteLib_0036;;;22I24;20220905;EcritureLib_0380;20230501;0,00;73,07;C;BU/356;;
BU;Banque BU;BU/356;20220905;51220000;CompteLib_0028;;;22I24;20220905;EcritureLib_0380;20230501;73,07;0,00;D;BU/356;;
BU;Banque BU;BU/357;20220905;51100003;CompteLib_0036;;;22I26;20220905;EcritureLib_0381;20230501;0,00;85,01;C;BU/357;;
BU;Banque BU;BU/357;20220905;51220000;CompteLib_0028;;;22I26;20220905;EcritureLib_0381;20230501;85,01;0,00;D;BU/357;;
BU;Banque BU;BU/358;20220905;60100000;CompteLib_0010;;;22I474;20220905;EcritureLib_0382;20230501;5,51;0,00;D;BU/358;;
BU;Banque BU;BU/358;20220905;51220000;CompteLib_0028;;;22I474;20220905;EcritureLib_0382;20230501;0,00;5,51;C;BU/358;;
BU;Banque BU;BU/359;20220905;51100001;CompteLib_0009;;;22I312;20220905;EcritureLib_0383;20230501;0,00;822,13;C;BU/359;;
BU;Banque BU;BU/359;20220905;51220000;CompteLib_0028;;;22I312;20220905;EcritureLib_0383;20230501;822,13;0,00;D;BU/359;;
BU;Banque BU;BU/360;20220905;40100000;CompteLib_0003;FINTERRESTO;INTERRESTO;22I316;20220905;EcritureLib_0384;20230501;12,25;0,00;D;BU/360;L;20221221
BU;Banque BU;BU/360;20220905;51220000;CompteLib_0028;;;22I316;20220905;EcritureLib_0384;20230501;0,00;12,25;C;BU/360;;
BU;Banque BU;BU/360;20220905;40100000;CompteLib_0003;FINTERRESTO;INTERRESTO;22I316;20220905;EcritureLib_0384;20230501;10,54;0,00;D;BU/360;L;20221221
BU;Banque BU;BU/360;20220905;51220000;CompteLib_0028;;;22I316;20220905;EcritureLib_0384;20230501;0,00;10,54;C;BU/360;;
BU;Banque BU;BU/361;20220905;42100000;CompteLib_0040;;;22I309;20220905;EcritureLib_0385;20230501;498,34;0,00;D;BU/361;G;20230622
BU;Banque BU;BU/361;20220905;51220000;CompteLib_0028;;;22I309;20220905;EcritureLib_0385;20230501;0,00;498,34;C;BU/361;;
BU;Banque BU;BU/362;20220905;60100000;CompteLib_0010;;;22I475;20220905;EcritureLib_0386;20230501;10,00;0,00;D;BU/362;;
BU;Banque BU;BU/362;20220905;51220000;CompteLib_0028;;;22I475;20220905;EcritureLib_0386;20230501;0,00;10,00;C;BU/362;;
BU;Banque BU;BU/363;20220905;60100000;CompteLib_0010;;;22I476;20220905;EcritureLib_0387;20230501;55,79;0,00;D;BU/363;;
BU;Banque BU;BU/363;20220905;51220000;CompteLib_0028;;;22I476;20220905;EcritureLib_0387;20230501;0,00;55,79;C;BU/363;;
BU;Banque BU;BU/364;20220906;40100000;CompteLib_0003;FHALLES;HALLES DU SUD;22I322;20220906;EcritureLib_0388;20230501;59,00;0,00;D;BU/364;P;20230121
BU;Banque BU;BU/364;20220906;51220000;CompteLib_0028;;;22I322;20220906;EcritureLib_0388;20230501;0,00;59,00;C;BU/364;;
BU;Banque BU;BU/365;20220906;40100000;CompteLib_0003;FINTERRESTO;INTERRESTO;22I324;20220906;EcritureLib_0389;20230501;119,89;0,00;D;BU/365;K;20221221
BU;Banque BU;BU/365;20220906;51220000;CompteLib_0028;;;22I324;20220906;EcritureLib_0389;20230501;0,00;119,89;C;BU/365;;
BU;Banque BU;BU/366;20220906;60100000;CompteLib_0010;;;22I477;20220906;EcritureLib_0390;20230501;25,10;0,00;D;BU/366;;
BU;Banque BU;BU/366;20220906;51220000;CompteLib_0028;;;22I477;20220906;EcritureLib_0390;20230501;0,00;25,10;C;BU/366;;
BU;Banque BU;BU/367;20220906;51100003;CompteLib_0036;;;22I40;20220906;EcritureLib_0391;20230501;0,00;59,11;C;BU/367;;
BU;Banque BU;BU/367;20220906;51220000;CompteLib_0028;;;22I40;20220906;EcritureLib_0391;20230501;59,11;0,00;D;BU/367;;
BU;Banque BU;BU/368;20220906;40100000;CompteLib_0003;FEXEDOS;EXEDOS;22I323;20220906;EcritureLib_0392;20230501;114,00;0,00;D;BU/368;A;20230124
BU;Banque BU;BU/368;20220906;51220000;CompteLib_0028;;;22I323;20220906;EcritureLib_0392;20230501;0,00;114,00;C;BU/368;;
BU;Banque BU;BU/369;20220906;51100003;CompteLib_0036;;;22I39;20220906;EcritureLib_0393;20230501;0,00;30,26;C;BU/369;;
BU;Banque BU;BU/369;20220906;51220000;CompteLib_0028;;;22I39;20220906;EcritureLib_0393;20230501;30,26;0,00;D;BU/369;;
BU;Banque BU;BU/370;20220906;60617000;CompteLib_0046;;;22I319;20220906;EcritureLib_0394;20230501;10,00;0,00;D;BU/370;;
BU;Banque BU;BU/370;20220906;51220000;CompteLib_0028;;;22I319;20220906;EcritureLib_0394;20230501;0,00;10,00;C;BU/370;;
BU;Banque BU;BU/371;20220906;40100000;CompteLib_0003;FBOURAS;BOURAS VIANDE;22I478;20220906;EcritureLib_0395;20230501;28,34;0,00;D;BU/371;C;20230502
BU;Banque BU;BU/371;20220906;51220000;CompteLib_0028;;;22I478;20220906;EcritureLib_0395;20230501;0,00;28,34;C;BU/371;;
BU;Banque BU;BU/372;20220907;60100000;CompteLib_0010;;;22I482;20220907;EcritureLib_0396;20230501;79,25;0,00;D;BU/372;;
BU;Banque BU;BU/372;20220907;51220000;CompteLib_0028;;;22I482;20220907;EcritureLib_0396;20230501;0,00;79,25;C;BU/372;;
BU;Banque BU;BU/373;20220907;60100000;CompteLib_0010;;;22I480;20220907;EcritureLib_0397;20230501;4,99;0,00;D;BU/373;;
BU;Banque BU;BU/373;20220907;51220000;CompteLib_0028;;;22I480;20220907;EcritureLib_0397;20230501;0,00;4,99;C;BU/373;;
BU;Banque BU;BU/374;20220907;60630000;CompteLib_0004;;;22I481;20220907;EcritureLib_0398;20230501;18,80;0,00;D;BU/374;;
BU;Banque BU;BU/374;20220907;51220000;CompteLib_0028;;;22I481;20220907;EcritureLib_0398;20230501;0,00;18,80;C;BU/374;;
BU;Banque BU;BU/375;20220907;60617000;CompteLib_0046;;;22I327;20220907;EcritureLib_0399;20230501;13,30;0,00;D;BU/375;;
BU;Banque BU;BU/375;20220907;51220000;CompteLib_0028;;;22I327;20220907;EcritureLib_0399;20230501;0,00;13,30;C;BU/375;;
BU;Banque BU;BU/376;20220907;40100000;CompteLib_0003;FINTERRESTO;INTERRESTO;22I331;20220907;EcritureLib_0400;20230501;111,36;0,00;D;BU/376;K;20221221
BU;Banque BU;BU/376;20220907;51220000;CompteLib_0028;;;22I331;20220907;EcritureLib_0400;20230501;0,00;111,36;C;BU/376;;
BU;Banque BU;BU/377;20220907;51100003;CompteLib_0036;;;22I51;20220907;EcritureLib_0401;20230501;0,00;75,07;C;BU/377;;
BU;Banque BU;BU/377;20220907;51220000;CompteLib_0028;;;22I51;20220907;EcritureLib_0401;20230501;75,07;0,00;D;BU/377;;
BU;Banque BU;BU/378;20220907;51100003;CompteLib_0036;;;22I50;20220907;EcritureLib_0402;20230501;0,00;76,05;C;BU/378;;
BU;Banque BU;BU/378;20220907;51220000;CompteLib_0028;;;22I50;20220907;EcritureLib_0402;20230501;76,05;0,00;D;BU/378;;
BU;Banque BU;BU/379;20220907;51100005;CompteLib_0021;;;22I47;20220907;EcritureLib_0403;20230501;0,00;21,32;C;BU/379;;
BU;Banque BU;BU/379;20220907;51220000;CompteLib_0028;;;22I47;20220907;EcritureLib_0403;20230501;21,32;0,00;D;BU/379;;
BU;Banque BU;BU/380;20220907;51100005;CompteLib_0021;;;22I49;20220907;EcritureLib_0404;20230501;0,00;11,30;C;BU/380;;
BU;Banque BU;BU/380;20220907;51220000;CompteLib_0028;;;22I49;20220907;EcritureLib_0404;20230501;11,30;0,00;D;BU/380;;
BU;Banque BU;BU/381;20220907;60100000;CompteLib_0010;;;22I436;20220907;EcritureLib_0405;20230501;50,08;0,00;D;BU/381;;
BU;Banque BU;BU/381;20220907;51220000;CompteLib_0028;;;22I436;20220907;EcritureLib_0405;20230501;0,00;52,83;C;BU/381;;
BU;Banque BU;BU/381;20220907;44566000;CompteLib_0002;;;22I436;20220907;EcritureLib_0405;20230501;2,75;0,00;D;BU/381;A;20230724
BU;Banque BU;BU/382;20220907;51100005;CompteLib_0021;;;22I48;20220907;EcritureLib_0406;20230501;0,00;13,20;C;BU/382;;
BU;Banque BU;BU/382;20220907;51220000;CompteLib_0028;;;22I48;20220907;EcritureLib_0406;20230501;13,20;0,00;D;BU/382;;
BU;Banque BU;BU/383;20220908;62700000;CompteLib_0029;;;22I61;20220908;EcritureLib_0407;20230501;0,00;33,82;C;BU/383;;
BU;Banque BU;BU/383;20220908;51220000;CompteLib_0028;;;22I61;20220908;EcritureLib_0407;20230501;33,82;0,00;D;BU/383;;
BU;Banque BU;BU/384;20220908;62700000;CompteLib_0029;;;22I60;20220908;EcritureLib_0408;20230501;0,00;19,28;C;BU/384;;
BU;Banque BU;BU/384;20220908;51220000;CompteLib_0028;;;22I60;20220908;EcritureLib_0408;20230501;19,28;0,00;D;BU/384;;
BU;Banque BU;BU/385;20220908;51100005;CompteLib_0021;;;22I59;20220908;EcritureLib_0409;20230501;0,00;65,79;C;BU/385;;
BU;Banque BU;BU/385;20220908;51220000;CompteLib_0028;;;22I59;20220908;EcritureLib_0409;20230501;65,79;0,00;D;BU/385;;
BU;Banque BU;BU/386;20220908;51100003;CompteLib_0036;;;22I62;20220908;EcritureLib_0410;20230501;0,00;115,19;C;BU/386;;
BU;Banque BU;BU/386;20220908;51220000;CompteLib_0028;;;22I62;20220908;EcritureLib_0410;20230501;115,19;0,00;D;BU/386;;
BU;Banque BU;BU/387;20220908;51100003;CompteLib_0036;;;22I63;20220908;EcritureLib_0411;20230501;0,00;92,79;C;BU/387;;
BU;Banque BU;BU/387;20220908;51220000;CompteLib_0028;;;22I63;20220908;EcritureLib_0411;20230501;92,79;0,00;D;BU/387;;
BU;Banque BU;BU/388;20220908;40100000;CompteLib_0003;FINTERRESTO;INTERRESTO;22I334;20220908;EcritureLib_0412;20230501;16,40;0,00;D;BU/388;J;20221221
BU;Banque BU;BU/388;20220908;51220000;CompteLib_0028;;;22I334;20220908;EcritureLib_0412;20230501;0,00;16,40;C;BU/388;;
BU;Banque BU;BU/388;20220908;40100000;CompteLib_0003;FINTERRESTO;INTERRESTO;22I334;20220908;EcritureLib_0412;20230501;100,74;0,00;D;BU/388;J;20221221
BU;Banque BU;BU/388;20220908;51220000;CompteLib_0028;;;22I334;20220908;EcritureLib_0412;20230501;0,00;100,74;C;BU/388;;
BU;Banque BU;BU/389;20220908;60100000;CompteLib_0010;;;22I438;20220908;EcritureLib_0413;20230501;33,04;0,00;D;BU/389;;
BU;Banque BU;BU/389;20220908;51220000;CompteLib_0028;;;22I438;20220908;EcritureLib_0413;20230501;0,00;34,86;C;BU/389;;
BU;Banque BU;BU/389;20220908;44566000;CompteLib_0002;;;22I438;20220908;EcritureLib_0413;20230501;1,82;0,00;D;BU/389;A;20230724
BU;Banque BU;BU/390;20220908;51100004;CompteLib_0032;;;OK COMM;20220908;EcritureLib_0414;20230501;0,00;104,20;C;BU/390;;
BU;Banque BU;BU/390;20220908;51220000;CompteLib_0028;;;OK COMM;20220908;EcritureLib_0414;20230501;66,70;0,00;D;BU/390;;
BU;Banque BU;BU/390;20220908;62210000;CompteLib_0033;;;OK COMM;20220908;EcritureLib_0414;20230501;31,26;0,00;D;BU/390;;
BU;Banque BU;BU/390;20220908;44566000;CompteLib_0002;;;OK COMM;20220908;EcritureLib_0414;20230501;6,24;0,00;D;BU/390;A;20230724
BU;Banque BU;BU/391;20220909;60617000;CompteLib_0046;;;22I338;20220909;EcritureLib_0415;20230501;34,04;0,00;D;BU/391;;
BU;Banque BU;BU/391;20220909;51220000;CompteLib_0028;;;22I338;20220909;EcritureLib_0415;20230501;0,00;34,04;C;BU/391;;
BU;Banque BU;BU/392;20220909;51100003;CompteLib_0036;;;22I72;20220909;EcritureLib_0416;20230501;0,00;43,50;C;BU/392;;
BU;Banque BU;BU/392;20220909;51220000;CompteLib_0028;;;22I72;20220909;EcritureLib_0416;20230501;43,50;0,00;D;BU/392;;
BU;Banque BU;BU/393;20220909;60617000;CompteLib_0046;;;22I337;20220909;EcritureLib_0417;20230501;30,01;0,00;D;BU/393;;
BU;Banque BU;BU/393;20220909;51220000;CompteLib_0028;;;22I337;20220909;EcritureLib_0417;20230501;0,00;30,01;C;BU/393;;
BU;Banque BU;BU/394;20220909;61600000;CompteLib_0030;;;22I336;20220909;EcritureLib_0418;20230501;64,54;0,00;D;BU/394;;
BU;Banque BU;BU/394;20220909;51220000;CompteLib_0028;;;22I336;20220909;EcritureLib_0418;20230501;0,00;64,54;C;BU/394;;
BU;Banque BU;BU/395;20220909;40100000;CompteLib_0003;FMETRO;METRO;22I339;20220909;EcritureLib_0419;20230501;110,68;0,00;D;BU/395;K;20221221
BU;Banque BU;BU/395;20220909;51220000;CompteLib_0028;;;22I339;20220909;EcritureLib_0419;20230501;0,00;110,68;C;BU/395;;
BU;Banque BU;BU/396;20220909;51100003;CompteLib_0036;;;22I73;20220909;EcritureLib_0420;20230501;0,00;9,86;C;BU/396;;
BU;Banque BU;BU/396;20220909;51220000;CompteLib_0028;;;22I73;20220909;EcritureLib_0420;20230501;9,86;0,00;D;BU/396;;
BU;Banque BU;BU/397;20220912;51100003;CompteLib_0036;;;22I80;20220912;EcritureLib_0421;20230501;0,00;114,58;C;BU/397;;
BU;Banque BU;BU/397;20220912;51220000;CompteLib_0028;;;22I80;20220912;EcritureLib_0421;20230501;114,58;0,00;D;BU/397;;
BU;Banque BU;BU/398;20220912;60617000;CompteLib_0046;;;22I344;20220912;EcritureLib_0422;20230501;10,01;0,00;D;BU/398;;
BU;Banque BU;BU/398;20220912;51220000;CompteLib_0028;;;22I344;20220912;EcritureLib_0422;20230501;0,00;10,01;C;BU/398;;
BU;Banque BU;BU/399;20220912;40100000;CompteLib_0003;FMETRO;METRO;22I349;20220912;EcritureLib_0423;20230501;78,78;0,00;D;BU/399;M;20221221
BU;Banque BU;BU/399;20220912;51220000;CompteLib_0028;;;22I349;20220912;EcritureLib_0423;20230501;0,00;78,78;C;BU/399;;
BU;Banque BU;BU/399;20220912;40100000;CompteLib_0003;FMETRO;METRO;22I349;20220912;EcritureLib_0423;20230501;38,90;0,00;D;BU/399;M;20221221
BU;Banque BU;BU/399;20220912;51220000;CompteLib_0028;;;22I349;20220912;EcritureLib_0423;20230501;0,00;38,90;C;BU/399;;
BU;Banque BU;BU/400;20220912;40100000;CompteLib_0003;FHALLES;HALLES DU SUD;22I347;20220912;EcritureLib_0424;20230501;66,60;0,00;D;BU/400;AK;20230124
BU;Banque BU;BU/400;20220912;51220000;CompteLib_0028;;;22I347;20220912;EcritureLib_0424;20230501;0,00;66,60;C;BU/400;;
BU;Banque BU;BU/401;20220912;60100000;CompteLib_0010;;;22I483;20220912;EcritureLib_0425;20230501;37,00;0,00;D;BU/401;;
BU;Banque BU;BU/401;20220912;51220000;CompteLib_0028;;;22I483;20220912;EcritureLib_0425;20230501;0,00;37,00;C;BU/401;;
BU;Banque BU;BU/402;20220912;51100001;CompteLib_0009;;;22I343;20220912;EcritureLib_0426;20230501;0,00;1027,38;C;BU/402;;
BU;Banque BU;BU/402;20220912;51220000;CompteLib_0028;;;22I343;20220912;EcritureLib_0426;20230501;1027,38;0,00;D;BU/402;;
BU;Banque BU;BU/403;20220912;40100000;CompteLib_0003;FMARCALI;MARCALI;22I348;20220912;EcritureLib_0427;20230501;19,98;0,00;D;BU/403;A;20221221
BU;Banque BU;BU/403;20220912;51220000;CompteLib_0028;;;22I348;20220912;EcritureLib_0427;20230501;0,00;19,98;C;BU/403;;
BU;Banque BU;BU/403;20220912;40100000;CompteLib_0003;FMARCALI;MARCALI;22I348;20220912;EcritureLib_0427;20230501;53,27;0,00;D;BU/403;A;20221221
BU;Banque BU;BU/403;20220912;51220000;CompteLib_0028;;;22I348;20220912;EcritureLib_0427;20230501;0,00;53,27;C;BU/403;;
BU;Banque BU;BU/404;20220912;51100003;CompteLib_0036;;;22I84;20220912;EcritureLib_0428;20230501;0,00;83,52;C;BU/404;;
BU;Banque BU;BU/404;20220912;51220000;CompteLib_0028;;;22I84;20220912;EcritureLib_0428;20230501;83,52;0,00;D;BU/404;;
BU;Banque BU;BU/405;20220912;51100003;CompteLib_0036;;;22I83;20220912;EcritureLib_0429;20230501;0,00;96,96;C;BU/405;;
BU;Banque BU;BU/405;20220912;51220000;CompteLib_0028;;;22I83;20220912;EcritureLib_0429;20230501;96,96;0,00;D;BU/405;;
BU;Banque BU;BU/406;20220912;51100003;CompteLib_0036;;;22I82;20220912;EcritureLib_0430;20230501;0,00;93,88;C;BU/406;;
BU;Banque BU;BU/406;20220912;51220000;CompteLib_0028;;;22I82;20220912;EcritureLib_0430;20230501;93,88;0,00;D;BU/406;;
BU;Banque BU;BU/407;20220912;51100003;CompteLib_0036;;;22I81;20220912;EcritureLib_0431;20230501;0,00;36,84;C;BU/407;;
BU;Banque BU;BU/407;20220912;51220000;CompteLib_0028;;;22I81;20220912;EcritureLib_0431;20230501;36,84;0,00;D;BU/407;;
BU;Banque BU;BU/408;20220912;60100000;CompteLib_0010;;;22I484;20220912;EcritureLib_0432;20230501;45,50;0,00;D;BU/408;;
BU;Banque BU;BU/408;20220912;51220000;CompteLib_0028;;;22I484;20220912;EcritureLib_0432;20230501;0,00;45,50;C;BU/408;;
BU;Banque BU;BU/409;20220913;51100003;CompteLib_0036;;;22I95;20220913;EcritureLib_0433;20230501;0,00;57,34;C;BU/409;;
BU;Banque BU;BU/409;20220913;51220000;CompteLib_0028;;;22I95;20220913;EcritureLib_0433;20230501;57,34;0,00;D;BU/409;;
BU;Banque BU;BU/410;20220913;51100005;CompteLib_0021;;;22I485;20220913;EcritureLib_0434;20230501;0,00;33,80;C;BU/410;;
BU;Banque BU;BU/410;20220913;51220000;CompteLib_0028;;;22I485;20220913;EcritureLib_0434;20230501;31,22;0,00;D;BU/410;;
BU;Banque BU;BU/410;20220913;62214000;CompteLib_0020;;;22I485;20220913;EcritureLib_0434;20230501;2,15;0,00;D;BU/410;;
BU;Banque BU;BU/410;20220913;44566000;CompteLib_0002;;;22I485;20220913;EcritureLib_0434;20230501;0,43;0,00;D;BU/410;A;20230724
BU;Banque BU;BU/411;20220913;51100003;CompteLib_0036;;;22I94;20220913;EcritureLib_0435;20230501;0,00;88,70;C;BU/411;;
BU;Banque BU;BU/411;20220913;51220000;CompteLib_0028;;;22I94;20220913;EcritureLib_0435;20230501;88,70;0,00;D;BU/411;;
BU;Banque BU;BU/412;20220914;40100000;CompteLib_0003;FFERMEDELHOU;FERME DE L'HOUSSOYE;22I357;20220914;EcritureLib_0436;20230501;50,00;0,00;D;BU/412;;
BU;Banque BU;BU/412;20220914;51220000;CompteLib_0028;;;22I357;20220914;EcritureLib_0436;20230501;0,00;50,00;C;BU/412;;
BU;Banque BU;BU/413;20220914;51100003;CompteLib_0036;;;22I101;20220914;EcritureLib_0437;20230501;0,00;78,04;C;BU/413;;
BU;Banque BU;BU/413;20220914;51220000;CompteLib_0028;;;22I101;20220914;EcritureLib_0437;20230501;78,04;0,00;D;BU/413;;
BU;Banque BU;BU/414;20220914;51100003;CompteLib_0036;;;22I100;20220914;EcritureLib_0438;20230501;0,00;9,86;C;BU/414;;
BU;Banque BU;BU/414;20220914;51220000;CompteLib_0028;;;22I100;20220914;EcritureLib_0438;20230501;9,86;0,00;D;BU/414;;
BU;Banque BU;BU/415;20220914;60100000;CompteLib_0010;;;22I491;20220914;EcritureLib_0439;20230501;120,93;0,00;D;BU/415;;
BU;Banque BU;BU/415;20220914;51220000;CompteLib_0028;;;22I491;20220914;EcritureLib_0439;20230501;0,00;120,93;C;BU/415;;
BU;Banque BU;BU/416;20220914;40100000;CompteLib_0003;FBRICODEPOT;BRICO DEPOT;22I362;20220914;EcritureLib_0440;20230501;225,00;0,00;D;BU/416;D;20221221
BU;Banque BU;BU/416;20220914;51220000;CompteLib_0028;;;22I362;20220914;EcritureLib_0440;20230501;0,00;225,00;C;BU/416;;
BU;Banque BU;BU/417;20220914;60100000;CompteLib_0010;;;22I488;20220914;EcritureLib_0441;20230501;15,01;0,00;D;BU/417;;
BU;Banque BU;BU/417;20220914;51220000;CompteLib_0028;;;22I488;20220914;EcritureLib_0441;20230501;0,00;15,01;C;BU/417;;
BU;Banque BU;BU/418;20220914;40100000;CompteLib_0003;FINTERRESTO;INTERRESTO;22I360;20220914;EcritureLib_0442;20230501;89,89;0,00;D;BU/418;O;20221221
BU;Banque BU;BU/418;20220914;51220000;CompteLib_0028;;;22I360;20220914;EcritureLib_0442;20230501;0,00;89,89;C;BU/418;;
BU;Banque BU;BU/418;20220914;40100000;CompteLib_0003;FINTERRESTO;INTERRESTO;22I360;20220914;EcritureLib_0442;20230501;18,34;0,00;D;BU/418;O;20221221
BU;Banque BU;BU/418;20220914;51220000;CompteLib_0028;;;22I360;20220914;EcritureLib_0442;20230501;0,00;18,34;C;BU/418;;
BU;Banque BU;BU/419;20220914;61510000;CompteLib_0005;;;22I489;20220914;EcritureLib_0443;20230501;30,00;0,00;D;BU/419;;
BU;Banque BU;BU/419;20220914;51220000;CompteLib_0028;;;22I489;20220914;EcritureLib_0443;20230501;0,00;30,00;C;BU/419;;
BU;Banque BU;BU/420;20220914;60617000;CompteLib_0046;;;22I358;20220914;EcritureLib_0444;20230501;20,04;0,00;D;BU/420;;
BU;Banque BU;BU/420;20220914;51220000;CompteLib_0028;;;22I358;20220914;EcritureLib_0444;20230501;0,00;20,04;C;BU/420;;
BU;Banque BU;BU/421;20220914;61510000;CompteLib_0005;;;22I487;20220914;EcritureLib_0445;20230501;3,30;0,00;D;BU/421;;
BU;Banque BU;BU/421;20220914;51220000;CompteLib_0028;;;22I487;20220914;EcritureLib_0445;20230501;0,00;3,30;C;BU/421;;
BU;Banque BU;BU/422;20220914;61510000;CompteLib_0005;;;22I486;20220914;EcritureLib_0446;20230501;0,00;15,00;C;BU/422;;
BU;Banque BU;BU/422;20220914;51220000;CompteLib_0028;;;22I486;20220914;EcritureLib_0446;20230501;15,00;0,00;D;BU/422;;
BU;Banque BU;BU/423;20220914;60100000;CompteLib_0010;;;22I443;20220914;EcritureLib_0447;20230501;49,89;0,00;D;BU/423;;
BU;Banque BU;BU/423;20220914;51220000;CompteLib_0028;;;22I443;20220914;EcritureLib_0447;20230501;0,00;52,63;C;BU/423;;
BU;Banque BU;BU/423;20220914;44566000;CompteLib_0002;;;22I443;20220914;EcritureLib_0447;20230501;2,74;0,00;D;BU/423;A;20230724
BU;Banque BU;BU/424;20220914;61510000;CompteLib_0005;;;22I490;20220914;EcritureLib_0448;20230501;37,80;0,00;D;BU/424;;
BU;Banque BU;BU/424;20220914;51220000;CompteLib_0028;;;22I490;20220914;EcritureLib_0448;20230501;0,00;37,80;C;BU/424;;
BU;Banque BU;BU/425;20220915;51100005;CompteLib_0021;;;22I121;20220915;EcritureLib_0449;20230501;0,00;43,38;C;BU/425;;
BU;Banque BU;BU/425;20220915;51220000;CompteLib_0028;;;22I121;20220915;EcritureLib_0449;20230501;43,38;0,00;D;BU/425;;
BU;Banque BU;BU/426;20220915;40100000;CompteLib_0003;FBRICODEPOT;BRICO DEPOT;22I367;20220915;EcritureLib_0450;20230501;47,75;0,00;D;BU/426;I;20230124
BU;Banque BU;BU/426;20220915;51220000;CompteLib_0028;;;22I367;20220915;EcritureLib_0450;20230501;0,00;47,75;C;BU/426;;
BU;Banque BU;BU/427;20220915;51100004;CompteLib_0032;;;OK COMM;20220915;EcritureLib_0451;20230501;0,00;205,50;C;BU/427;;
BU;Banque BU;BU/427;20220915;51220000;CompteLib_0028;;;OK COMM;20220915;EcritureLib_0451;20230501;131,54;0,00;D;BU/427;;
BU;Banque BU;BU/427;20220915;62210000;CompteLib_0033;;;OK COMM;20220915;EcritureLib_0451;20230501;61,65;0,00;D;BU/427;;
BU;Banque BU;BU/427;20220915;44566000;CompteLib_0002;;;OK COMM;20220915;EcritureLib_0451;20230501;12,31;0,00;D;BU/427;A;20230724
BU;Banque BU;BU/428;20220915;60617000;CompteLib_0046;;;22I366;20220915;EcritureLib_0452;20230501;14,38;0,00;D;BU/428;;
BU;Banque BU;BU/428;20220915;51220000;CompteLib_0028;;;22I366;20220915;EcritureLib_0452;20230501;0,00;16,60;C;BU/428;;
BU;Banque BU;BU/428;20220915;44566000;CompteLib_0002;;;22I366;20220915;EcritureLib_0452;20230501;2,22;0,00;D;BU/428;A;20230724
BU;Banque BU;BU/429;20220915;51100003;CompteLib_0036;;;22I122;20220915;EcritureLib_0453;20230501;0,00;12,84;C;BU/429;;
BU;Banque BU;BU/429;20220915;51220000;CompteLib_0028;;;22I122;20220915;EcritureLib_0453;20230501;12,84;0,00;D;BU/429;;
BU;Banque BU;BU/430;20220915;60100000;CompteLib_0010;;;22I445;20220915;EcritureLib_0454;20230501;52,55;0,00;D;BU/430;;
BU;Banque BU;BU/430;20220915;51220000;CompteLib_0028;;;22I445;20220915;EcritureLib_0454;20230501;0,00;55,44;C;BU/430;;
BU;Banque BU;BU/430;20220915;44566000;CompteLib_0002;;;22I445;20220915;EcritureLib_0454;20230501;2,89;0,00;D;BU/430;A;20230724
BU;Banque BU;BU/431;20220916;51100003;CompteLib_0036;;;22I135;20220916;EcritureLib_0455;20230501;0,00;69,70;C;BU/431;;
BU;Banque BU;BU/431;20220916;51220000;CompteLib_0028;;;22I135;20220916;EcritureLib_0455;20230501;69,70;0,00;D;BU/431;;
BU;Banque BU;BU/432;20220916;51100003;CompteLib_0036;;;22I134;20220916;EcritureLib_0456;20230501;0,00;21,70;C;BU/432;;
BU;Banque BU;BU/432;20220916;51220000;CompteLib_0028;;;22I134;20220916;EcritureLib_0456;20230501;21,70;0,00;D;BU/432;;
BU;Banque BU;BU/433;20220916;60617000;CompteLib_0046;;;22I373;20220916;EcritureLib_0457;20230501;34,66;0,00;D;BU/433;;
BU;Banque BU;BU/433;20220916;51220000;CompteLib_0028;;;22I373;20220916;EcritureLib_0457;20230501;0,00;40,00;C;BU/433;;
BU;Banque BU;BU/433;20220916;44566000;CompteLib_0002;;;22I373;20220916;EcritureLib_0457;20230501;5,34;0,00;D;BU/433;A;20230724
BU;Banque BU;BU/434;20220916;40100000;CompteLib_0003;FMETRO;METRO;22I372;20220916;EcritureLib_0458;20230501;33,21;0,00;D;BU/434;S;20230117
BU;Banque BU;BU/434;20220916;51220000;CompteLib_0028;;;22I372;20220916;EcritureLib_0458;20230501;0,00;33,21;C;BU/434;;
BU;Banque BU;BU/435;20220916;62610000;CompteLib_0012;;;22I493;20220916;EcritureLib_0459;20230501;18,93;0,00;D;BU/435;;
BU;Banque BU;BU/435;20220916;51220000;CompteLib_0028;;;22I493;20220916;EcritureLib_0459;20230501;0,00;22,72;C;BU/435;;
BU;Banque BU;BU/435;20220916;44566000;CompteLib_0002;;;22I493;20220916;EcritureLib_0459;20230501;3,79;0,00;D;BU/435;A;20230724
BU;Banque BU;BU/436;20220916;43100000;CompteLib_0042;;;22I370;20220916;EcritureLib_0460;20230501;337,00;0,00;D;BU/436;A;20230217
BU;Banque BU;BU/436;20220916;51220000;CompteLib_0028;;;22I370;20220916;EcritureLib_0460;20230501;0,00;337,00;C;BU/436;;
BU;Banque BU;BU/437;20220916;40100000;CompteLib_0003;FBRICODEPOT;BRICO DEPOT;22I375;20220916;EcritureLib_0461;20230501;208,90;0,00;D;BU/437;B;20221221
BU;Banque BU;BU/437;20220916;51220000;CompteLib_0028;;;22I375;20220916;EcritureLib_0461;20230501;0,00;208,90;C;BU/437;;
BU;Banque BU;BU/438;20220916;40100000;CompteLib_0003;FBRICODEPOT;BRICO DEPOT;22I374;20220916;EcritureLib_0462;20230501;76,70;0,00;D;BU/438;C;20221221
BU;Banque BU;BU/438;20220916;51220000;CompteLib_0028;;;22I374;20220916;EcritureLib_0462;20230501;0,00;76,70;C;BU/438;;
BU;Banque BU;BU/439;20220919;40100000;CompteLib_0003;FBRICODEPOT;BRICO DEPOT;22I383;20220919;EcritureLib_0463;20230501;121,30;0,00;D;BU/439;A;20221221
BU;Banque BU;BU/439;20220919;51220000;CompteLib_0028;;;22I383;20220919;EcritureLib_0463;20230501;0,00;121,30;C;BU/439;;
BU;Banque BU;BU/440;20220919;40100000;CompteLib_0003;FHALLES;HALLES DU SUD;22I384;20220919;EcritureLib_0464;20230501;215,00;0,00;D;BU/440;Q;20230121
BU;Banque BU;BU/440;20220919;51220000;CompteLib_0028;;;22I384;20220919;EcritureLib_0464;20230501;0,00;215,00;C;BU/440;;
BU;Banque BU;BU/441;20220919;51100003;CompteLib_0036;;;22I146;20220919;EcritureLib_0465;20230501;0,00;134,18;C;BU/441;;
BU;Banque BU;BU/441;20220919;51220000;CompteLib_0028;;;22I146;20220919;EcritureLib_0465;20230501;134,18;0,00;D;BU/441;;
BU;Banque BU;BU/442;20220919;51100003;CompteLib_0036;;;22I147;20220919;EcritureLib_0466;20230501;0,00;124,03;C;BU/442;;
BU;Banque BU;BU/442;20220919;51220000;CompteLib_0028;;;22I147;20220919;EcritureLib_0466;20230501;124,03;0,00;D;BU/442;;
BU;Banque BU;BU/443;20220919;51100003;CompteLib_0036;;;22I148;20220919;EcritureLib_0467;20230501;0,00;79,15;C;BU/443;;
BU;Banque BU;BU/443;20220919;51220000;CompteLib_0028;;;22I148;20220919;EcritureLib_0467;20230501;79,15;0,00;D;BU/443;;
BU;Banque BU;BU/444;20220919;51100003;CompteLib_0036;;;22I150;20220919;EcritureLib_0468;20230501;0,00;86,70;C;BU/444;;
BU;Banque BU;BU/444;20220919;51220000;CompteLib_0028;;;22I150;20220919;EcritureLib_0468;20230501;86,70;0,00;D;BU/444;;
BU;Banque BU;BU/445;20220919;51100003;CompteLib_0036;;;22I151;20220919;EcritureLib_0469;20230501;0,00;37,53;C;BU/445;;
BU;Banque BU;BU/445;20220919;51220000;CompteLib_0028;;;22I151;20220919;EcritureLib_0469;20230501;37,53;0,00;D;BU/445;;
BU;Banque BU;BU/446;20220919;51100001;CompteLib_0009;;;22I378;20220919;EcritureLib_0470;20230501;0,00;1043,78;C;BU/446;;
BU;Banque BU;BU/446;20220919;51220000;CompteLib_0028;;;22I378;20220919;EcritureLib_0470;20230501;1043,78;0,00;D;BU/446;;
BU;Banque BU;BU/447;20220919;40100000;CompteLib_0003;FINTERRESTO;INTERRESTO;22I381;20220919;EcritureLib_0471;20230501;38,18;0,00;D;BU/447;N;20221221
BU;Banque BU;BU/447;20220919;51220000;CompteLib_0028;;;22I381;20220919;EcritureLib_0471;20230501;0,00;38,18;C;BU/447;;
BU;Banque BU;BU/448;20220919;61510000;CompteLib_0005;;;22I496;20220919;EcritureLib_0472;20230501;0,00;34,20;C;BU/448;;
BU;Banque BU;BU/448;20220919;51220000;CompteLib_0028;;;22I496;20220919;EcritureLib_0472;20230501;34,20;0,00;D;BU/448;;
BU;Banque BU;BU/449;20220919;40100000;CompteLib_0003;FPARTOO;PARTOO;22I495;20220919;EcritureLib_0473;20230501;72,00;0,00;D;BU/449;E;20230501
BU;Banque BU;BU/449;20220919;51220000;CompteLib_0028;;;22I495;20220919;EcritureLib_0473;20230501;0,00;72,00;C;BU/449;;
BU;Banque BU;BU/450;20220919;40100000;CompteLib_0003;FFERMEDELHOU;FERME DE L'HOUSSOYE;22I382;20220919;EcritureLib_0474;20230501;40,00;0,00;D;BU/450;;
BU;Banque BU;BU/450;20220919;51220000;CompteLib_0028;;;22I382;20220919;EcritureLib_0474;20230501;0,00;40,00;C;BU/450;;
BU;Banque BU;BU/451;20220919;60617000;CompteLib_0046;;;22I380;20220919;EcritureLib_0475;20230501;26,00;0,00;D;BU/451;;
BU;Banque BU;BU/451;20220919;51220000;CompteLib_0028;;;22I380;20220919;EcritureLib_0475;20230501;0,00;30,00;C;BU/451;;
BU;Banque BU;BU/451;20220919;44566000;CompteLib_0002;;;22I380;20220919;EcritureLib_0475;20230501;4,00;0,00;D;BU/451;A;20230724
BU;Banque BU;BU/452;20220920;51100003;CompteLib_0036;;;22I173;20220920;EcritureLib_0476;20230501;0,00;144,15;C;BU/452;;
BU;Banque BU;BU/452;20220920;51220000;CompteLib_0028;;;22I173;20220920;EcritureLib_0476;20230501;144,15;0,00;D;BU/452;;
BU;Banque BU;BU/453;20220920;60100000;CompteLib_0010;;;22I497;20220920;EcritureLib_0477;20230501;24,39;0,00;D;BU/453;;
BU;Banque BU;BU/453;20220920;51220000;CompteLib_0028;;;22I497;20220920;EcritureLib_0477;20230501;0,00;24,39;C;BU/453;;
BU;Banque BU;BU/454;20220920;40100000;CompteLib_0003;FINTERRESTO;INTERRESTO;22I388;20220920;EcritureLib_0478;20230501;39,73;0,00;D;BU/454;C;20221221
BU;Banque BU;BU/454;20220920;51220000;CompteLib_0028;;;22I388;20220920;EcritureLib_0478;20230501;0,00;39,73;C;BU/454;;
BU;Banque BU;BU/454;20220920;40100000;CompteLib_0003;FINTERRESTO;INTERRESTO;22I388;20220920;EcritureLib_0478;20230501;157,85;0,00;D;BU/454;C;20221221
BU;Banque BU;BU/454;20220920;51220000;CompteLib_0028;;;22I388;20220920;EcritureLib_0478;20230501;0,00;157,85;C;BU/454;;
BU;Banque BU;BU/455;20220920;51100003;CompteLib_0036;;;22I172;20220920;EcritureLib_0479;20230501;0,00;143,47;C;BU/455;;
BU;Banque BU;BU/455;20220920;51220000;CompteLib_0028;;;22I172;20220920;EcritureLib_0479;20230501;143,47;0,00;D;BU/455;;
BU;Banque BU;BU/456;20220920;60100000;CompteLib_0010;;;22I450;20220920;EcritureLib_0480;20230501;41,33;0,00;D;BU/456;;
BU;Banque BU;BU/456;20220920;51220000;CompteLib_0028;;;22I450;20220920;EcritureLib_0480;20230501;0,00;43,60;C;BU/456;;
BU;Banque BU;BU/456;20220920;44566000;CompteLib_0002;;;22I450;20220920;EcritureLib_0480;20230501;2,27;0,00;D;BU/456;A;20230724
BU;Banque BU;BU/457;20220921;51100003;CompteLib_0036;;;22I183;20220921;EcritureLib_0481;20230501;0,00;28,77;C;BU/457;;
BU;Banque BU;BU/457;20220921;51220000;CompteLib_0028;;;22I183;20220921;EcritureLib_0481;20230501;28,77;0,00;D;BU/457;;
BU;Banque BU;BU/458;20220921;51100003;CompteLib_0036;;;22I182;20220921;EcritureLib_0482;20230501;0,00;8,46;C;BU/458;;
BU;Banque BU;BU/458;20220921;51220000;CompteLib_0028;;;22I182;20220921;EcritureLib_0482;20230501;8,46;0,00;D;BU/458;;
BU;Banque BU;BU/459;20220921;40100000;CompteLib_0003;FPMOREAU;PIERRE MOREAU;22I389;20220921;EcritureLib_0483;20230501;600,00;0,00;D;BU/459;E;20230124
BU;Banque BU;BU/459;20220921;51220000;CompteLib_0028;;;22I389;20220921;EcritureLib_0483;20230501;0,00;600,00;C;BU/459;;
BU;Banque BU;BU/460;20220921;60100000;CompteLib_0010;;;22I498;20220921;EcritureLib_0484;20230501;80,56;0,00;D;BU/460;;
BU;Banque BU;BU/460;20220921;51220000;CompteLib_0028;;;22I498;20220921;EcritureLib_0484;20230501;0,00;80,56;C;BU/460;;
BU;Banque BU;BU/461;20220921;60100000;CompteLib_0010;;;22I452;20220921;EcritureLib_0485;20230501;39,16;0,00;D;BU/461;;
BU;Banque BU;BU/461;20220921;51220000;CompteLib_0028;;;22I452;20220921;EcritureLib_0485;20230501;0,00;41,31;C;BU/461;;
BU;Banque BU;BU/461;20220921;44566000;CompteLib_0002;;;22I452;20220921;EcritureLib_0485;20230501;2,15;0,00;D;BU/461;A;20230724
BU;Banque BU;BU/462;20220921;60617000;CompteLib_0046;;;22I390;20220921;EcritureLib_0486;20230501;19,06;0,00;D;BU/462;;
BU;Banque BU;BU/462;20220921;51220000;CompteLib_0028;;;22I390;20220921;EcritureLib_0486;20230501;0,00;22,00;C;BU/462;;
BU;Banque BU;BU/462;20220921;44566000;CompteLib_0002;;;22I390;20220921;EcritureLib_0486;20230501;2,94;0,00;D;BU/462;A;20230724
BU;Banque BU;BU/463;20220922;60630000;CompteLib_0004;;;22I499;20220922;EcritureLib_0487;20230501;70,40;0,00;D;BU/463;;
BU;Banque BU;BU/463;20220922;51220000;CompteLib_0028;;;22I499;20220922;EcritureLib_0487;20230501;0,00;70,40;C;BU/463;;
BU;Banque BU;BU/464;20220922;51100004;CompteLib_0032;;;OK COMM;20220922;EcritureLib_0488;20230501;0,00;43,70;C;BU/464;;
BU;Banque BU;BU/464;20220922;51220000;CompteLib_0028;;;OK COMM;20220922;EcritureLib_0488;20230501;27,98;0,00;D;BU/464;;
BU;Banque BU;BU/464;20220922;62210000;CompteLib_0033;;;OK COMM;20220922;EcritureLib_0488;20230501;13,11;0,00;D;BU/464;;
BU;Banque BU;BU/464;20220922;44566000;CompteLib_0002;;;OK COMM;20220922;EcritureLib_0488;20230501;2,61;0,00;D;BU/464;A;20230724
BU;Banque BU;BU/465;20220922;40100000;CompteLib_0003;FEXEDOS;EXEDOS;22I500;20220922;EcritureLib_0489;20230501;384,00;0,00;D;BU/465;;
BU;Banque BU;BU/465;20220922;51220000;CompteLib_0028;;;22I500;20220922;EcritureLib_0489;20230501;0,00;384,00;C;BU/465;;
BU;Banque BU;BU/466;20220922;60617000;CompteLib_0046;;;22I395;20220922;EcritureLib_0490;20230501;26,06;0,00;D;BU/466;;
BU;Banque BU;BU/466;20220922;51220000;CompteLib_0028;;;22I395;20220922;EcritureLib_0490;20230501;0,00;30,07;C;BU/466;;
BU;Banque BU;BU/466;20220922;44566000;CompteLib_0002;;;22I395;20220922;EcritureLib_0490;20230501;4,01;0,00;D;BU/466;A;20230724
BU;Banque BU;BU/467;20220922;51100003;CompteLib_0036;;;22I198;20220922;EcritureLib_0491;20230501;0,00;33,06;C;BU/467;;
BU;Banque BU;BU/467;20220922;51220000;CompteLib_0028;;;22I198;20220922;EcritureLib_0491;20230501;33,06;0,00;D;BU/467;;
BU;Banque BU;BU/468;20220922;40100000;CompteLib_0003;FINTERRESTO;INTERRESTO;22I396;20220922;EcritureLib_0492;20230501;50,43;0,00;D;BU/468;B;20221221
BU;Banque BU;BU/468;20220922;51220000;CompteLib_0028;;;22I396;20220922;EcritureLib_0492;20230501;0,00;50,43;C;BU/468;;
BU;Banque BU;BU/469;20220922;51100003;CompteLib_0036;;;22I197;20220922;EcritureLib_0493;20230501;0,00;88,17;C;BU/469;;
BU;Banque BU;BU/469;20220922;51220000;CompteLib_0028;;;22I197;20220922;EcritureLib_0493;20230501;88,17;0,00;D;BU/469;;
BU;Banque BU;BU/470;20220922;51100005;CompteLib_0021;;;22I196;20220922;EcritureLib_0494;20230501;0,00;81,67;C;BU/470;;
BU;Banque BU;BU/470;20220922;51220000;CompteLib_0028;;;22I196;20220922;EcritureLib_0494;20230501;81,67;0,00;D;BU/470;;
BU;Banque BU;BU/471;20220923;60100000;CompteLib_0010;;;22I454;20220923;EcritureLib_0495;20230501;35,93;0,00;D;BU/471;;
BU;Banque BU;BU/471;20220923;51220000;CompteLib_0028;;;22I454;20220923;EcritureLib_0495;20230501;0,00;37,91;C;BU/471;;
BU;Banque BU;BU/471;20220923;44566000;CompteLib_0002;;;22I454;20220923;EcritureLib_0495;20230501;1,98;0,00;D;BU/471;A;20230724
BU;Banque BU;BU/472;20220923;40100000;CompteLib_0003;FORYDIS;ORYDIS;22I401;20220923;EcritureLib_0496;20230501;212,00;0,00;D;BU/472;B;20230124
BU;Banque BU;BU/472;20220923;51220000;CompteLib_0028;;;22I401;20220923;EcritureLib_0496;20230501;0,00;212,00;C;BU/472;;
BU;Banque BU;BU/473;20220923;51100003;CompteLib_0036;;;22I211;20220923;EcritureLib_0497;20230501;0,00;29,67;C;BU/473;;
BU;Banque BU;BU/473;20220923;51220000;CompteLib_0028;;;22I211;20220923;EcritureLib_0497;20230501;29,67;0,00;D;BU/473;;
BU;Banque BU;BU/474;20220923;51100003;CompteLib_0036;;;22I212;20220923;EcritureLib_0498;20230501;0,00;119,66;C;BU/474;;
BU;Banque BU;BU/474;20220923;51220000;CompteLib_0028;;;22I212;20220923;EcritureLib_0498;20230501;119,66;0,00;D;BU/474;;
BU;Banque BU;BU/475;20220923;40100000;CompteLib_0003;FORYDIS;ORYDIS;22I400;20220923;EcritureLib_0496;20230501;90,00;0,00;D;BU/475;A;20230124
BU;Banque BU;BU/475;20220923;51220000;CompteLib_0028;;;22I400;20220923;EcritureLib_0496;20230501;0,00;90,00;C;BU/475;;
BU;Banque BU;BU/476;20220926;51100001;CompteLib_0009;;;22I407;20220926;EcritureLib_0499;20230501;0,00;838,15;C;BU/476;;
BU;Banque BU;BU/476;20220926;51220000;CompteLib_0028;;;22I407;20220926;EcritureLib_0499;20230501;838,15;0,00;D;BU/476;;
BU;Banque BU;BU/477;20220926;60100000;CompteLib_0010;;;22I455;20220926;EcritureLib_0500;20230501;41,30;0,00;D;BU/477;;
BU;Banque BU;BU/477;20220926;51220000;CompteLib_0028;;;22I455;20220926;EcritureLib_0500;20230501;0,00;43,57;C;BU/477;;
BU;Banque BU;BU/477;20220926;44566000;CompteLib_0002;;;22I455;20220926;EcritureLib_0500;20230501;2,27;0,00;D;BU/477;A;20230724
BU;Banque BU;BU/478;20220926;60617000;CompteLib_0046;;;22I408;20220926;EcritureLib_0501;20230501;34,67;0,00;D;BU/478;;
BU;Banque BU;BU/478;20220926;51220000;CompteLib_0028;;;22I408;20220926;EcritureLib_0501;20230501;0,00;40,01;C;BU/478;;
BU;Banque BU;BU/478;20220926;44566000;CompteLib_0002;;;22I408;20220926;EcritureLib_0501;20230501;5,34;0,00;D;BU/478;A;20230724
BU;Banque BU;BU/479;20220926;40100000;CompteLib_0003;FNORDIKHOME;NORDIKHOME;22I412;20220926;EcritureLib_0502;20230501;280,00;0,00;D;BU/479;A;20230117
BU;Banque BU;BU/479;20220926;51220000;CompteLib_0028;;;22I412;20220926;EcritureLib_0502;20230501;0,00;280,00;C;BU/479;;
BU;Banque BU;BU/480;20220926;40100000;CompteLib_0003;FMETRO;METRO;22I411;20220926;EcritureLib_0503;20230501;71,61;0,00;D;BU/480;L;20221221
BU;Banque BU;BU/480;20220926;51220000;CompteLib_0028;;;22I411;20220926;EcritureLib_0503;20230501;0,00;71,61;C;BU/480;;
BU;Banque BU;BU/480;20220926;40100000;CompteLib_0003;FMETRO;METRO;22I411;20220926;EcritureLib_0503;20230501;17,86;0,00;D;BU/480;L;20221221
BU;Banque BU;BU/480;20220926;51220000;CompteLib_0028;;;22I411;20220926;EcritureLib_0503;20230501;0,00;17,86;C;BU/480;;
BU;Banque BU;BU/481;20220926;51100003;CompteLib_0036;;;22I220;20220926;EcritureLib_0504;20230501;0,00;448,77;C;BU/481;;
BU;Banque BU;BU/481;20220926;51220000;CompteLib_0028;;;22I220;20220926;EcritureLib_0504;20230501;448,77;0,00;D;BU/481;;
BU;Banque BU;BU/482;20220926;51100003;CompteLib_0036;;;22I219;20220926;EcritureLib_0505;20230501;0,00;46,29;C;BU/482;;
BU;Banque BU;BU/482;20220926;51220000;CompteLib_0028;;;22I219;20220926;EcritureLib_0505;20230501;46,29;0,00;D;BU/482;;
BU;Banque BU;BU/483;20220926;51100003;CompteLib_0036;;;22I218;20220926;EcritureLib_0506;20230501;0,00;177,11;C;BU/483;;
BU;Banque BU;BU/483;20220926;51220000;CompteLib_0028;;;22I218;20220926;EcritureLib_0506;20230501;177,11;0,00;D;BU/483;;
BU;Banque BU;BU/484;20220926;51100003;CompteLib_0036;;;22I217;20220926;EcritureLib_0507;20230501;0,00;75,27;C;BU/484;;
BU;Banque BU;BU/484;20220926;51220000;CompteLib_0028;;;22I217;20220926;EcritureLib_0507;20230501;75,27;0,00;D;BU/484;;
BU;Banque BU;BU/485;20220926;40100000;CompteLib_0003;FINTERRESTO;INTERRESTO;22I410;20220926;EcritureLib_0508;20230501;63,06;0,00;D;BU/485;A;20221221
BU;Banque BU;BU/485;20220926;51220000;CompteLib_0028;;;22I410;20220926;EcritureLib_0508;20230501;0,00;63,06;C;BU/485;;
BU;Banque BU;BU/486;20220926;40100000;CompteLib_0003;FEDF;EDF;22I406;20220926;EcritureLib_0509;20230501;1513,48;0,00;D;BU/486;A;20221221
BU;Banque BU;BU/486;20220926;51220000;CompteLib_0028;;;22I406;20220926;EcritureLib_0509;20230501;0,00;1513,48;C;BU/486;;
BU;Banque BU;BU/487;20220926;51100003;CompteLib_0036;;;22I224;20220926;EcritureLib_0510;20230501;0,00;140,07;C;BU/487;;
BU;Banque BU;BU/487;20220926;51220000;CompteLib_0028;;;22I224;20220926;EcritureLib_0510;20230501;140,07;0,00;D;BU/487;;
BU;Banque BU;BU/488;20220926;40100000;CompteLib_0003;FSFR;SFR;22I405;20220926;EcritureLib_0511;20230501;51,56;0,00;D;BU/488;E;20230119
BU;Banque BU;BU/488;20220926;51220000;CompteLib_0028;;;22I405;20220926;EcritureLib_0511;20230501;0,00;51,56;C;BU/488;;
BU;Banque BU;BU/489;20220926;43720000;CompteLib_0043;;;22I404;20220926;EcritureLib_0335;20230501;69,02;0,00;D;BU/489;F;20231025
BU;Banque BU;BU/489;20220926;51220000;CompteLib_0028;;;22I404;20220926;EcritureLib_0335;20230501;0,00;69,02;C;BU/489;;
BU;Banque BU;BU/490;20220927;51100003;CompteLib_0036;;;22I247;20220927;EcritureLib_0512;20230501;0,00;218,11;C;BU/490;;
BU;Banque BU;BU/490;20220927;51220000;CompteLib_0028;;;22I247;20220927;EcritureLib_0512;20230501;218,11;0,00;D;BU/490;;
BU;Banque BU;BU/491;20220927;40100000;CompteLib_0003;FEDF;EDF;22I416;20220927;EcritureLib_0513;20230501;0,00;1513,48;C;BU/491;A;20221221
BU;Banque BU;BU/491;20220927;51220000;CompteLib_0028;;;22I416;20220927;EcritureLib_0513;20230501;1513,48;0,00;D;BU/491;;
BU;Banque BU;BU/492;20220927;60100000;CompteLib_0010;;;22I457;20220927;EcritureLib_0514;20230501;33,84;0,00;D;BU/492;;
BU;Banque BU;BU/492;20220927;51220000;CompteLib_0028;;;22I457;20220927;EcritureLib_0514;20230501;0,00;35,70;C;BU/492;;
BU;Banque BU;BU/492;20220927;44566000;CompteLib_0002;;;22I457;20220927;EcritureLib_0514;20230501;1,86;0,00;D;BU/492;A;20230724
BU;Banque BU;BU/493;20220927;60100000;CompteLib_0010;;;22I502;20220927;EcritureLib_0515;20230501;26,80;0,00;D;BU/493;;
BU;Banque BU;BU/493;20220927;51220000;CompteLib_0028;;;22I502;20220927;EcritureLib_0515;20230501;0,00;26,80;C;BU/493;;
BU;Banque BU;BU/494;20220927;60617000;CompteLib_0046;;;22I415;20220927;EcritureLib_0516;20230501;34,66;0,00;D;BU/494;;
BU;Banque BU;BU/494;20220927;51220000;CompteLib_0028;;;22I415;20220927;EcritureLib_0516;20230501;0,00;40,00;C;BU/494;;
BU;Banque BU;BU/494;20220927;44566000;CompteLib_0002;;;22I415;20220927;EcritureLib_0516;20230501;5,34;0,00;D;BU/494;A;20230724
BU;Banque BU;BU/495;20220927;51100003;CompteLib_0036;;;22I246;20220927;EcritureLib_0517;20230501;0,00;18,91;C;BU/495;;
BU;Banque BU;BU/495;20220927;51220000;CompteLib_0028;;;22I246;20220927;EcritureLib_0517;20230501;18,91;0,00;D;BU/495;;
BU;Banque BU;BU/496;20220928;60100000;CompteLib_0010;;;22I503;20220928;EcritureLib_0518;20230501;76,00;0,00;D;BU/496;;
BU;Banque BU;BU/496;20220928;51220000;CompteLib_0028;;;22I503;20220928;EcritureLib_0518;20230501;0,00;76,00;C;BU/496;;
BU;Banque BU;BU/497;20220928;63540000;CompteLib_0047;;;22I423;20220928;EcritureLib_0519;20230501;59,90;0,00;D;BU/497;;
BU;Banque BU;BU/497;20220928;51220000;CompteLib_0028;;;22I423;20220928;EcritureLib_0519;20230501;0,00;59,90;C;BU/497;;
BU;Banque BU;BU/498;20220928;40100000;CompteLib_0003;FHALLES;HALLES DU SUD;22I422;20220928;EcritureLib_0520;20230501;21,50;0,00;D;BU/498;S;20230121
BU;Banque BU;BU/498;20220928;51220000;CompteLib_0028;;;22I422;20220928;EcritureLib_0520;20230501;0,00;21,50;C;BU/498;;
BU;Banque BU;BU/499;20220928;40100000;CompteLib_0003;FBARCELONA;BARCELONA LED;22I420;20220928;EcritureLib_0521;20230501;208,95;0,00;D;BU/499;A;20221221
BU;Banque BU;BU/499;20220928;51220000;CompteLib_0028;;;22I420;20220928;EcritureLib_0521;20230501;0,00;208,95;C;BU/499;;
BU;Banque BU;BU/500;20220928;51100003;CompteLib_0036;;;22I267;20220928;EcritureLib_0522;20230501;0,00;167,96;C;BU/500;;
BU;Banque BU;BU/500;20220928;51220000;CompteLib_0028;;;22I267;20220928;EcritureLib_0522;20230501;167,96;0,00;D;BU/500;;
BU;Banque BU;BU/501;20220928;51100005;CompteLib_0021;;;22I418;20220928;EcritureLib_0523;20230501;0,00;19,00;C;BU/501;;
BU;Banque BU;BU/501;20220928;51220000;CompteLib_0028;;;22I418;20220928;EcritureLib_0523;20230501;19,00;0,00;D;BU/501;;
BU;Banque BU;BU/502;20220928;51100005;CompteLib_0021;;;22I265;20220928;EcritureLib_0524;20230501;0,00;10,37;C;BU/502;;
BU;Banque BU;BU/502;20220928;51220000;CompteLib_0028;;;22I265;20220928;EcritureLib_0524;20230501;10,37;0,00;D;BU/502;;
BU;Banque BU;BU/503;20220928;42100000;CompteLib_0040;;;22I419;20220928;EcritureLib_0525;20230501;498,21;0,00;D;BU/503;H;20230622
BU;Banque BU;BU/503;20220928;51220000;CompteLib_0028;;;22I419;20220928;EcritureLib_0525;20230501;0,00;498,21;C;BU/503;;
BU;Banque BU;BU/504;20220928;60100000;CompteLib_0010;;;22I459;20220928;EcritureLib_0526;20230501;9,48;0,00;D;BU/504;;
BU;Banque BU;BU/504;20220928;51220000;CompteLib_0028;;;22I459;20220928;EcritureLib_0526;20230501;0,00;10,00;C;BU/504;;
BU;Banque BU;BU/504;20220928;44566000;CompteLib_0002;;;22I459;20220928;EcritureLib_0526;20230501;0,52;0,00;D;BU/504;A;20230724
BU;Banque BU;BU/505;20220929;51100004;CompteLib_0032;;;OK COMM;20220929;EcritureLib_0527;20230501;0,00;32,90;C;BU/505;;
BU;Banque BU;BU/505;20220929;51220000;CompteLib_0028;;;OK COMM;20220929;EcritureLib_0527;20230501;17,56;0,00;D;BU/505;;
BU;Banque BU;BU/505;20220929;62210000;CompteLib_0033;;;OK COMM;20220929;EcritureLib_0527;20230501;13,37;0,00;D;BU/505;;
BU;Banque BU;BU/505;20220929;44566000;CompteLib_0002;;;OK COMM;20220929;EcritureLib_0527;20230501;1,97;0,00;D;BU/505;A;20230724
BU;Banque BU;BU/506;20220929;42100000;CompteLib_0040;;;22I504;20220929;EcritureLib_0528;20230501;756,65;0,00;D;BU/506;H;20230622
BU;Banque BU;BU/506;20220929;51220000;CompteLib_0028;;;22I504;20220929;EcritureLib_0528;20230501;0,00;756,65;C;BU/506;;
BU;Banque BU;BU/507;20220929;60100000;CompteLib_0010;;;22I505;20220929;EcritureLib_0529;20230501;74,00;0,00;D;BU/507;;
BU;Banque BU;BU/507;20220929;51220000;CompteLib_0028;;;22I505;20220929;EcritureLib_0529;20230501;0,00;74,00;C;BU/507;;
BU;Banque BU;BU/508;20220929;51100003;CompteLib_0036;;;22I280;20220929;EcritureLib_0530;20230501;0,00;60,83;C;BU/508;;
BU;Banque BU;BU/508;20220929;51220000;CompteLib_0028;;;22I280;20220929;EcritureLib_0530;20230501;60,83;0,00;D;BU/508;;
BU;Banque BU;BU/509;20220929;51100003;CompteLib_0036;;;22I279;20220929;EcritureLib_0531;20230501;0,00;26,68;C;BU/509;;
BU;Banque BU;BU/509;20220929;51220000;CompteLib_0028;;;22I279;20220929;EcritureLib_0531;20230501;26,68;0,00;D;BU/509;;
BU;Banque BU;BU/510;20220929;51100005;CompteLib_0021;;;22I278;20220929;EcritureLib_0532;20230501;0,00;29,40;C;BU/510;;
BU;Banque BU;BU/510;20220929;51220000;CompteLib_0028;;;22I278;20220929;EcritureLib_0532;20230501;29,40;0,00;D;BU/510;;
BU;Banque BU;BU/511;20220929;60632000;CompteLib_0048;;;22I428;20220929;EcritureLib_0533;20230501;59,90;0,00;D;BU/511;;
BU;Banque BU;BU/511;20220929;51220000;CompteLib_0028;;;22I428;20220929;EcritureLib_0533;20230501;0,00;59,90;C;BU/511;;
BU;Banque BU;BU/512;20220929;60617000;CompteLib_0046;;;22I426;20220929;EcritureLib_0534;20230501;26,00;0,00;D;BU/512;;
BU;Banque BU;BU/512;20220929;51220000;CompteLib_0028;;;22I426;20220929;EcritureLib_0534;20230501;0,00;30,00;C;BU/512;;
BU;Banque BU;BU/512;20220929;44566000;CompteLib_0002;;;22I426;20220929;EcritureLib_0534;20230501;4,00;0,00;D;BU/512;A;20230724
BU;Banque BU;BU/513;20220929;40100000;CompteLib_0003;FFERMEDELHOU;FERME DE L'HOUSSOYE;22I427;20220929;EcritureLib_0535;20230501;45,00;0,00;D;BU/513;;
BU;Banque BU;BU/513;20220929;51220000;CompteLib_0028;;;22I427;20220929;EcritureLib_0535;20230501;0,00;45,00;C;BU/513;;
BU;Banque BU;BU/514;20220930;51100003;CompteLib_0036;;;22I297;20220930;EcritureLib_0536;20230501;0,00;77,91;C;BU/514;;
BU;Banque BU;BU/514;20220930;51220000;CompteLib_0028;;;22I297;20220930;EcritureLib_0536;20230501;77,91;0,00;D;BU/514;;
BU;Banque BU;BU/515;20220930;60100000;CompteLib_0010;;;22I506;20220930;EcritureLib_0537;20230501;79,81;0,00;D;BU/515;;
BU;Banque BU;BU/515;20220930;51220000;CompteLib_0028;;;22I506;20220930;EcritureLib_0537;20230501;0,00;84,20;C;BU/515;;
BU;Banque BU;BU/515;20220930;44566000;CompteLib_0002;;;22I506;20220930;EcritureLib_0537;20230501;4,39;0,00;D;BU/515;A;20230724
BU;Banque BU;BU/516;20220930;51100003;CompteLib_0036;;;22I296;20220930;EcritureLib_0538;20230501;0,00;63,02;C;BU/516;;
BU;Banque BU;BU/516;20220930;51220000;CompteLib_0028;;;22I296;20220930;EcritureLib_0538;20230501;63,02;0,00;D;BU/516;;
EX;Extourne;EX/1;20220930;60100000;CompteLib_0010;;;22I462;20220930;EcritureLib_0539;20230501;127,96;0,00;D;EX/1;;
EX;Extourne;EX/1;20220930;40810000;CompteLib_0049;;;22I462;20220930;EcritureLib_0539;20230501;0,00;135,00;C;EX/1;;
EX;Extourne;EX/1;20220930;44586000;CompteLib_0050;;;22I462;20220930;EcritureLib_0539;20230501;7,04;0,00;D;EX/1;;
OD;Oprations diverses;OD/1;20220430;60630000;CompteLib_0004;;;AJUSTEMENT;20220430;EcritureLib_0540;20230501;0,00;4194,36;C;OD/1;;
OD;Oprations diverses;OD/1;20220430;21810000;CompteLib_0006;;;AJUSTEMENT;20220430;EcritureLib_0540;20230501;4194,36;0,00;D;OD/1;;
OD;Oprations diverses;OD/2;20220630;64100000;CompteLib_0051;;;22F376;20220630;EcritureLib_0541;20230501;470,13;0,00;D;OD/2;;
OD;Oprations diverses;OD/2;20220630;64510000;CompteLib_0052;;;22F376;20220630;EcritureLib_0541;20230501;7,05;0,00;D;OD/2;;
OD;Oprations diverses;OD/2;20220630;64520000;CompteLib_0053;;;22F376;20220630;EcritureLib_0541;20230501;0,00;0,01;C;OD/2;;
OD;Oprations diverses;OD/2;20220630;64530000;CompteLib_0054;;;22F376;20220630;EcritureLib_0541;20230501;1,18;0,00;D;OD/2;;
OD;Oprations diverses;OD/2;20220630;64540000;CompteLib_0055;;;22F376;20220630;EcritureLib_0541;20230501;0,06;0,00;D;OD/2;;
OD;Oprations diverses;OD/2;20220630;63120000;CompteLib_0056;;;22F376;20220630;EcritureLib_0541;20230501;3,19;0,00;D;OD/2;;
OD;Oprations diverses;OD/2;20220630;63330000;CompteLib_0057;;;22F376;20220630;EcritureLib_0541;20230501;7,29;0,00;D;OD/2;;
OD;Oprations diverses;OD/2;20220630;42100000;CompteLib_0040;;;22F376;20220630;EcritureLib_0541;20230501;0,00;370,86;C;OD/2;D;20230117
OD;Oprations diverses;OD/2;20220630;43100000;CompteLib_0042;;;22F376;20220630;EcritureLib_0541;20230501;0,00;91,65;C;OD/2;A;20230217
OD;Oprations diverses;OD/2;20220630;43710000;CompteLib_0058;;;22F376;20220630;EcritureLib_0541;20230501;0,00;2,36;C;OD/2;;
OD;Oprations diverses;OD/2;20220630;43720000;CompteLib_0043;;;22F376;20220630;EcritureLib_0541;20230501;0,00;18,84;C;OD/2;E;20231025
OD;Oprations diverses;OD/2;20220630;43780000;CompteLib_0059;;;22F376;20220630;EcritureLib_0541;20230501;0,00;0,06;C;OD/2;;
OD;Oprations diverses;OD/2;20220630;43100000;CompteLib_0042;;;22F376;20220630;EcritureLib_0541;20230501;0,00;4,70;C;OD/2;A;20230217
OD;Oprations diverses;OD/2;20220630;44860000;CompteLib_0060;;;22F376;20220630;EcritureLib_0541;20230501;0,00;0,42;C;OD/2;;
OD;Oprations diverses;OD/3;20220731;64100000;CompteLib_0051;;;22G238;20220731;EcritureLib_0542;20230501;470,13;0,00;D;OD/3;;
OD;Oprations diverses;OD/3;20220731;64100000;CompteLib_0051;;;22G238;20220731;EcritureLib_0542;20230501;103,43;0,00;D;OD/3;;
OD;Oprations diverses;OD/3;20220731;64130000;CompteLib_0061;;;22G238;20220731;EcritureLib_0542;20230501;94,03;0,00;D;OD/3;;
OD;Oprations diverses;OD/3;20220731;64510000;CompteLib_0052;;;22G238;20220731;EcritureLib_0542;20230501;146,61;0,00;D;OD/3;;
OD;Oprations diverses;OD/3;20220731;64520000;CompteLib_0053;;;22G238;20220731;EcritureLib_0542;20230501;31,65;0,00;D;OD/3;;
OD;Oprations diverses;OD/3;20220731;64530000;CompteLib_0054;;;22G238;20220731;EcritureLib_0542;20230501;1,67;0,00;D;OD/3;;
OD;Oprations diverses;OD/3;20220731;64540000;CompteLib_0055;;;22G238;20220731;EcritureLib_0542;20230501;0,08;0,00;D;OD/3;;
OD;Oprations diverses;OD/3;20220731;63120000;CompteLib_0056;;;22G238;20220731;EcritureLib_0542;20230501;4,54;0,00;D;OD/3;;
OD;Oprations diverses;OD/3;20220731;63330000;CompteLib_0057;;;22G238;20220731;EcritureLib_0542;20230501;10,35;0,00;D;OD/3;;
OD;Oprations diverses;OD/3;20220731;43100000;CompteLib_0042;;;22G238;20220731;EcritureLib_0542;20230501;0,00;266,74;C;OD/3;A;20230217
OD;Oprations diverses;OD/3;20220731;43710000;CompteLib_0058;;;22G238;20220731;EcritureLib_0542;20230501;0,00;3,34;C;OD/3;;
OD;Oprations diverses;OD/3;20220731;43720000;CompteLib_0043;;;22G238;20220731;EcritureLib_0542;20230501;0,00;58,42;C;OD/3;E;20231025
OD;Oprations diverses;OD/3;20220731;43780000;CompteLib_0059;;;22G238;20220731;EcritureLib_0542;20230501;0,00;0,08;C;OD/3;;
OD;Oprations diverses;OD/3;20220731;44860000;CompteLib_0060;;;22G238;20220731;EcritureLib_0543;20230501;0,00;0,60;C;OD/3;;
OD;Oprations diverses;OD/3;20220731;43100000;CompteLib_0042;;;22G238;20220731;EcritureLib_0543;20230501;0,00;6,68;C;OD/3;A;20230217
OD;Oprations diverses;OD/3;20220731;42100000;CompteLib_0040;;;22G238;20220731;EcritureLib_0544;20230501;0,00;526,63;C;OD/3;A;20230117
OD;Oprations diverses;OD/4;20220807;21820000;CompteLib_0062;;;22H191;20220807;EcritureLib_0545;20230501;1,00;0,00;D;OD/4;;
OD;Oprations diverses;OD/4;20220807;45500000;CompteLib_0011;;;22H191;20220807;EcritureLib_0545;20230501;0,00;1,00;C;OD/4;;
OD;Oprations diverses;OD/5;20220831;64100000;CompteLib_0051;;;22H174;20220831;EcritureLib_0542;20230501;764,76;0,00;D;OD/5;;
OD;Oprations diverses;OD/5;20220831;64510000;CompteLib_0052;;;22H174;20220831;EcritureLib_0542;20230501;198,00;0,00;D;OD/5;;
OD;Oprations diverses;OD/5;20220831;64520000;CompteLib_0053;;;22H174;20220831;EcritureLib_0542;20230501;38,21;0,00;D;OD/5;;
OD;Oprations diverses;OD/5;20220831;64530000;CompteLib_0054;;;22H174;20220831;EcritureLib_0542;20230501;1,91;0,00;D;OD/5;;
OD;Oprations diverses;OD/5;20220831;64540000;CompteLib_0055;;;22H174;20220831;EcritureLib_0542;20230501;0,10;0,00;D;OD/5;;
OD;Oprations diverses;OD/5;20220831;63120000;CompteLib_0056;;;22H174;20220831;EcritureLib_0542;20230501;5,20;0,00;D;OD/5;;
OD;Oprations diverses;OD/5;20220831;63330000;CompteLib_0057;;;22H174;20220831;EcritureLib_0542;20230501;4,21;0,00;D;OD/5;;
OD;Oprations diverses;OD/5;20220831;42100000;CompteLib_0040;;;22H174;20220831;EcritureLib_0542;20230501;0,00;603,14;C;OD/5;G;20230622
OD;Oprations diverses;OD/5;20220831;43100000;CompteLib_0042;;;22H174;20220831;EcritureLib_0542;20230501;0,00;335,62;C;OD/5;A;20230217
OD;Oprations diverses;OD/5;20220831;43710000;CompteLib_0058;;;22H174;20220831;EcritureLib_0542;20230501;0,00;3,82;C;OD/5;;
OD;Oprations diverses;OD/5;20220831;43720000;CompteLib_0043;;;22H174;20220831;EcritureLib_0546;20230501;0,00;69,02;C;OD/5;F;20231025
OD;Oprations diverses;OD/5;20220831;43780000;CompteLib_0059;;;22H174;20220831;EcritureLib_0547;20230501;0,00;0,10;C;OD/5;;
OD;Oprations diverses;OD/5;20220831;44860000;CompteLib_0060;;;22H174;20220831;EcritureLib_0547;20230501;0,00;0,69;C;OD/5;;
OD;Oprations diverses;OD/6;20220914;44566000;CompteLib_0002;;;22I365;20220914;EcritureLib_0548;20230501;51,95;0,00;D;OD/6;A;20230724
OD;Oprations diverses;OD/6;20220914;60617000;CompteLib_0046;;;22I365;20220914;EcritureLib_0548;20230501;0,00;51,95;C;OD/6;;
OD;Oprations diverses;OD/7;20220930;40100000;CompteLib_0003;FGET;GET GOODS;AJUSTEMENT;20220930;EcritureLib_0549;20230501;48,94;0,00;D;OD/7;;
OD;Oprations diverses;OD/7;20220930;45500000;CompteLib_0011;;;AJUSTEMENT;20220930;EcritureLib_0549;20230501;0,00;48,94;C;OD/7;;
OD;Oprations diverses;OD/8;20220930;40100000;CompteLib_0003;FBRICODEPOT;BRICO DEPOT;AJUSTEMENT;20220930;EcritureLib_0550;20230501;889,11;0,00;D;OD/8;P;20230621
OD;Oprations diverses;OD/8;20220930;45500000;CompteLib_0011;;;AJUSTEMENT;20220930;EcritureLib_0550;20230501;0,00;889,11;C;OD/8;;
OD;Oprations diverses;OD/9;20220930;40100000;CompteLib_0003;FCHUBB;CHUBB;AJUSTEMENT;20220930;EcritureLib_0551;20230501;339,60;0,00;D;OD/9;;
OD;Oprations diverses;OD/9;20220930;45500000;CompteLib_0011;;;AJUSTEMENT;20220930;EcritureLib_0551;20230501;0,00;339,60;C;OD/9;;
OD;Oprations diverses;OD/10;20220930;40100000;CompteLib_0003;FINTERRESTO;INTERRESTO;AJUSTEMENT;20220930;EcritureLib_0552;20230501;29,33;0,00;D;OD/10;BR;20230720
OD;Oprations diverses;OD/10;20220930;45500000;CompteLib_0011;;;AJUSTEMENT;20220930;EcritureLib_0552;20230501;0,00;29,33;C;OD/10;;
OD;Oprations diverses;OD/11;20220930;40100000;CompteLib_0003;FLEROYM;LEROY MERLIN;AJUSTEMENT;20220930;EcritureLib_0553;20230501;1877,54;0,00;D;OD/11;;
OD;Oprations diverses;OD/11;20220930;45500000;CompteLib_0011;;;AJUSTEMENT;20220930;EcritureLib_0553;20230501;0,00;1877,54;C;OD/11;;
OD;Oprations diverses;OD/12;20220930;40100000;CompteLib_0003;FMETRO;METRO;AJUSTEMENT;20220930;EcritureLib_0007;20230501;577,93;0,00;D;OD/12;BB;20230501
OD;Oprations diverses;OD/12;20220930;45500000;CompteLib_0011;;;AJUSTEMENT;20220930;EcritureLib_0007;20230501;0,00;577,93;C;OD/12;;
OD;Oprations diverses;OD/13;20220930;40100000;CompteLib_0003;FVMA;VMA;AJUSTEMENT;20220930;EcritureLib_0554;20230501;500,00;0,00;D;OD/13;;
OD;Oprations diverses;OD/13;20220930;45500000;CompteLib_0011;;;AJUSTEMENT;20220930;EcritureLib_0554;20230501;0,00;500,00;C;OD/13;;
OD;Oprations diverses;OD/14;20220930;40100000;CompteLib_0003;FVENTIL;VENTIL;AJUSTEMENT;20220930;EcritureLib_0555;20230501;1098,00;0,00;D;OD/14;;
OD;Oprations diverses;OD/14;20220930;45500000;CompteLib_0011;;;AJUSTEMENT;20220930;EcritureLib_0555;20230501;0,00;1098,00;C;OD/14;;
OD;Oprations diverses;OD/15;20220930;44571200;CompteLib_0063;;;CA12;20220930;EcritureLib_0556;20230501;3681,99;0,00;D;OD/15;A;20230509
OD;Oprations diverses;OD/15;20220930;44520000;CompteLib_0026;;;CA12;20220930;EcritureLib_0557;20230501;41,79;0,00;D;OD/15;A;20230509
OD;Oprations diverses;OD/15;20220930;44562000;CompteLib_0007;;;CA12;20220930;EcritureLib_0558;20230501;0,00;183,00;C;OD/15;A;20230509
OD;Oprations diverses;OD/15;20220930;44566500;CompteLib_0025;;;CA12;20220930;EcritureLib_0559;20230501;0,00;41,79;C;OD/15;A;20230509
OD;Oprations diverses;OD/15;20220930;44566000;CompteLib_0002;;;CA12;20220930;EcritureLib_0560;20230501;0,00;4147,06;C;OD/15;A;20230724
OD;Oprations diverses;OD/15;20220930;44567000;CompteLib_0064;;;CA12;20220930;EcritureLib_0561;20230501;648,07;0,00;D;OD/15;;
OD;Oprations diverses;OD/16;20220930;40100000;CompteLib_0003;FCARREFOUR;CARREFOUR;AJUSTEMENT;20220930;EcritureLib_0562;20230501;6,05;0,00;D;OD/16;C;20230501
OD;Oprations diverses;OD/16;20220930;45500000;CompteLib_0011;;;AJUSTEMENT;20220930;EcritureLib_0562;20230501;0,00;6,05;C;OD/16;;
OD;Oprations diverses;OD/17;20220930;64100000;CompteLib_0051;;;22I431;20220930;EcritureLib_0542;20230501;1591,36;0,00;D;OD/17;;
OD;Oprations diverses;OD/17;20220930;64510000;CompteLib_0052;;;22I431;20220930;EcritureLib_0542;20230501;210,37;0,00;D;OD/17;;
OD;Oprations diverses;OD/17;20220930;64520000;CompteLib_0053;;;22I431;20220930;EcritureLib_0542;20230501;38,22;0,00;D;OD/17;;
OD;Oprations diverses;OD/17;20220930;64530000;CompteLib_0054;;;22I431;20220930;EcritureLib_0542;20230501;4,30;0,00;D;OD/17;;
OD;Oprations diverses;OD/17;20220930;64540000;CompteLib_0055;;;22I431;20220930;EcritureLib_0542;20230501;0,20;0,00;D;OD/17;;
OD;Oprations diverses;OD/17;20220930;63120000;CompteLib_0056;;;22I431;20220930;EcritureLib_0542;20230501;10,82;0,00;D;OD/17;;
OD;Oprations diverses;OD/17;20220930;63330000;CompteLib_0057;;;22I431;20220930;EcritureLib_0542;20230501;8,76;0,00;D;OD/17;;
OD;Oprations diverses;OD/17;20220930;42100000;CompteLib_0040;;;22I431;20220930;EcritureLib_0542;20230501;0,00;1254,86;C;OD/17;H;20230622
OD;Oprations diverses;OD/17;20220930;43710000;CompteLib_0058;;;22I431;20220930;EcritureLib_0542;20230501;0,00;8,60;C;OD/17;;
OD;Oprations diverses;OD/17;20220930;43100000;CompteLib_0042;;;22I431;20220930;EcritureLib_0542;20230501;0,00;496,76;C;OD/17;;
OD;Oprations diverses;OD/17;20220930;43720000;CompteLib_0043;;;22I431;20220930;EcritureLib_0542;20230501;0,00;102,18;C;OD/17;;
OD;Oprations diverses;OD/17;20220930;43780000;CompteLib_0059;;;22I431;20220930;EcritureLib_0542;20230501;0,00;0,20;C;OD/17;;
OD;Oprations diverses;OD/17;20220930;44860000;CompteLib_0060;;;22I431;20220930;EcritureLib_0542;20230501;0,00;1,43;C;OD/17;;
OD;Oprations diverses;OD/18;20220930;51100001;CompteLib_0009;;;AJUSTEMENT;20220930;EcritureLib_0563;20230501;0,00;942,27;C;OD/18;;
OD;Oprations diverses;OD/18;20220930;51100002;CompteLib_0016;;;AJUSTEMENT;20220930;EcritureLib_0564;20230501;0,00;424,17;C;OD/18;;
OD;Oprations diverses;OD/18;20220930;51100003;CompteLib_0036;;;AJUSTEMENT;20220930;EcritureLib_0565;20230501;0,00;497,59;C;OD/18;;
OD;Oprations diverses;OD/18;20220930;51100004;CompteLib_0032;;;AJUSTEMENT;20220930;EcritureLib_0566;20230501;136,67;0,00;D;OD/18;;
OD;Oprations diverses;OD/18;20220930;51100005;CompteLib_0021;;;AJUSTEMENT;20220930;EcritureLib_0567;20230501;1358,36;0,00;D;OD/18;;
OD;Oprations diverses;OD/18;20220930;51100006;CompteLib_0044;;;AJUSTEMENT;20220930;EcritureLib_0568;20230501;41,70;0,00;D;OD/18;;
OD;Oprations diverses;OD/18;20220930;62214000;CompteLib_0020;;;AJUSTEMENT;20220930;EcritureLib_0568;20230501;272,75;0,00;D;OD/18;;
OD;Oprations diverses;OD/18;20220930;44566000;CompteLib_0002;;;AJUSTEMENT;20220930;EcritureLib_0568;20230501;54,55;0,00;D;OD/18;A;20230724
OD;Oprations diverses;OD/19;20220930;40100000;CompteLib_0003;FACTION;ACTION;AJUSTEMENT;20220930;EcritureLib_0569;20230501;209,53;0,00;D;OD/19;E;20230501
OD;Oprations diverses;OD/19;20220930;45500000;CompteLib_0011;;;AJUSTEMENT;20220930;EcritureLib_0569;20230501;0,00;209,53;C;OD/19;;
OD;Oprations diverses;OD/20;20220930;40100000;CompteLib_0003;FAUCHAN;AUCHAN;AJUSTEMENT;20220930;EcritureLib_0570;20230501;142,88;0,00;D;OD/20;U;20230501
OD;Oprations diverses;OD/20;20220930;45500000;CompteLib_0011;;;AJUSTEMENT;20220930;EcritureLib_0570;20230501;0,00;142,88;C;OD/20;;
OD;Oprations diverses;OD/21;20220930;40100000;CompteLib_0003;FBRICODEPOT;BRICO DEPOT;AJUSTEMENT;20220930;EcritureLib_0571;20230501;3410,63;0,00;D;OD/21;P;20230621
OD;Oprations diverses;OD/21;20220930;45500000;CompteLib_0011;;;AJUSTEMENT;20220930;EcritureLib_0571;20230501;0,00;3410,63;C;OD/21;;
RG;REGLEMENT;RG/1;20220531;51100001;CompteLib_0009;;;CA 5;20220531;EcritureLib_0572;20230501;3397,00;0,00;D;RG/1;;
RG;REGLEMENT;RG/1;20220531;51100002;CompteLib_0016;;;CA 5;20220531;EcritureLib_0573;20230501;803,00;0,00;D;RG/1;;
RG;REGLEMENT;RG/1;20220531;51100003;CompteLib_0036;;;CA 5;20220531;EcritureLib_0574;20230501;401,00;0,00;D;RG/1;;
RG;REGLEMENT;RG/1;20220531;51100004;CompteLib_0032;;;CA 5;20220531;EcritureLib_0575;20230501;455,76;0,00;D;RG/1;;
RG;REGLEMENT;RG/1;20220531;53000000;CompteLib_0023;;;CA 5;20220531;EcritureLib_0576;20230501;0,00;5056,76;C;RG/1;B;20231025
RG;REGLEMENT;RG/2;20220630;51100001;CompteLib_0009;;;CA 6;20220630;EcritureLib_0572;20230501;5411,50;0,00;D;RG/2;;
RG;REGLEMENT;RG/2;20220630;51100002;CompteLib_0016;;;CA 6;20220630;EcritureLib_0573;20230501;519,39;0,00;D;RG/2;;
RG;REGLEMENT;RG/2;20220630;51100003;CompteLib_0036;;;CA 6;20220630;EcritureLib_0574;20230501;6039,41;0,00;D;RG/2;;
RG;REGLEMENT;RG/2;20220630;51100004;CompteLib_0032;;;CA 6;20220630;EcritureLib_0575;20230501;518,10;0,00;D;RG/2;;
RG;REGLEMENT;RG/2;20220630;53000000;CompteLib_0023;;;CA 6;20220630;EcritureLib_0577;20230501;0,00;12488,40;C;RG/2;B;20231025
RG;REGLEMENT;RG/3;20220704;42100000;CompteLib_0040;;;22G189;20220704;EcritureLib_0578;20230501;0,86;0,00;D;RG/3;D;20230117
RG;REGLEMENT;RG/3;20220704;75800000;CompteLib_0065;;;22G189;20220704;EcritureLib_0578;20230501;0,00;0,86;C;RG/3;;
RG;REGLEMENT;RG/4;20220731;51100001;CompteLib_0009;;;CA 7;20220731;EcritureLib_0572;20230501;4268,50;0,00;D;RG/4;;
RG;REGLEMENT;RG/4;20220731;51100002;CompteLib_0016;;;CA 7;20220731;EcritureLib_0573;20230501;422,74;0,00;D;RG/4;;
RG;REGLEMENT;RG/4;20220731;51100003;CompteLib_0036;;;CA 7;20220731;EcritureLib_0574;20230501;1144,80;0,00;D;RG/4;;
RG;REGLEMENT;RG/4;20220731;51100004;CompteLib_0032;;;CA 7;20220731;EcritureLib_0575;20230501;655,07;0,00;D;RG/4;;
RG;REGLEMENT;RG/4;20220731;53000000;CompteLib_0023;;;CA 7;20220731;EcritureLib_0579;20230501;0,00;6491,11;C;RG/4;B;20231025
RG;REGLEMENT;RG/5;20220831;51100001;CompteLib_0009;;;CA 8;20220831;EcritureLib_0572;20230501;1942,70;0,00;D;RG/5;;
RG;REGLEMENT;RG/5;20220831;51100003;CompteLib_0036;;;CA 8;20220831;EcritureLib_0574;20230501;1691,00;0,00;D;RG/5;;
RG;REGLEMENT;RG/5;20220831;51100004;CompteLib_0032;;;CA 8;20220831;EcritureLib_0575;20230501;135,60;0,00;D;RG/5;;
RG;REGLEMENT;RG/5;20220831;53000000;CompteLib_0023;;;CA 8;20220831;EcritureLib_0580;20230501;0,00;3769,30;C;RG/5;B;20231025
RG;REGLEMENT;RG/6;20220916;43100000;CompteLib_0042;;;22I494;20220916;EcritureLib_0578;20230501;0,00;2,61;C;RG/6;A;20230217
RG;REGLEMENT;RG/6;20220916;65800000;CompteLib_0066;;;22I494;20220916;EcritureLib_0578;20230501;2,61;0,00;D;RG/6;;
RG;REGLEMENT;RG/7;20220930;51100001;CompteLib_0009;;;CA 9;20220930;EcritureLib_0572;20230501;6536,89;0,00;D;RG/7;;
RG;REGLEMENT;RG/7;20220930;51100003;CompteLib_0036;;;CA 9;20220930;EcritureLib_0574;20230501;5126,67;0,00;D;RG/7;;
RG;REGLEMENT;RG/7;20220930;51100004;CompteLib_0032;;;CA 9;20220930;EcritureLib_0575;20230501;362,70;0,00;D;RG/7;;
RG;REGLEMENT;RG/7;20220930;53000000;CompteLib_0023;;;CA 9;20220930;EcritureLib_0581;20230501;0,00;12026,26;C;RG/7;B;20231025
RG;REGLEMENT;RG/8;20220930;28181000;CompteLib_0067;;;22I521;20220930;EcritureLib_0582;20230501;0,00;241,49;C;RG/8;;
RG;REGLEMENT;RG/8;20220930;68112000;CompteLib_0068;;;22I521;20220930;EcritureLib_0582;20230501;241,49;0,00;D;RG/8;;
RG;REGLEMENT;RG/9;20220930;28181000;CompteLib_0067;;;22I522;20220930;EcritureLib_0583;20230501;0,00;353,94;C;RG/9;;
RG;REGLEMENT;RG/9;20220930;68112000;CompteLib_0068;;;22I522;20220930;EcritureLib_0583;20230501;353,94;0,00;D;RG/9;;
VE;Ventes;VE/1;20220531;70100001;CompteLib_0069;;;CA 5;20220531;EcritureLib_0572;20230501;0,00;3088,18;C;VE/1;;
VE;Ventes;VE/1;20220531;70100002;CompteLib_0070;;;CA 5;20220531;EcritureLib_0573;20230501;0,00;730,00;C;VE/1;;
VE;Ventes;VE/1;20220531;70100003;CompteLib_0071;;;CA 5;20220531;EcritureLib_0574;20230501;0,00;364,55;C;VE/1;;
VE;Ventes;VE/1;20220531;70100005;CompteLib_0072;;;CA 5;20220531;EcritureLib_0575;20230501;0,00;414,33;C;VE/1;;
VE;Ventes;VE/1;20220531;70100006;CompteLib_0073;;;CA 5;20220531;EcritureLib_0584;20230501;0,00;181,82;C;VE/1;;
VE;Ventes;VE/1;20220531;44571200;CompteLib_0063;;;CA 5;20220531;EcritureLib_0556;20230501;0,00;477,89;C;VE/1;B;20230509
VE;Ventes;VE/1;20220531;53000000;CompteLib_0023;;;CA 5;20220531;EcritureLib_0576;20230501;5256,77;0,00;D;VE/1;B;20231025
VE;Ventes;VE/2;20220630;70100001;CompteLib_0069;;;CA 6;20220630;EcritureLib_0572;20230501;0,00;4919,55;C;VE/2;;
VE;Ventes;VE/2;20220630;70100002;CompteLib_0070;;;CA 6;20220630;EcritureLib_0573;20230501;0,00;472,17;C;VE/2;;
VE;Ventes;VE/2;20220630;70100003;CompteLib_0071;;;CA 6;20220630;EcritureLib_0574;20230501;0,00;5490,37;C;VE/2;;
VE;Ventes;VE/2;20220630;70100005;CompteLib_0072;;;CA 6;20220630;EcritureLib_0575;20230501;0,00;471,00;C;VE/2;;
VE;Ventes;VE/2;20220630;70100006;CompteLib_0073;;;CA 6;20220630;EcritureLib_0584;20230501;0,00;200,00;C;VE/2;;
VE;Ventes;VE/2;20220630;44571200;CompteLib_0063;;;CA 6;20220630;EcritureLib_0556;20230501;0,00;1155,31;C;VE/2;B;20230509
VE;Ventes;VE/2;20220630;53000000;CompteLib_0023;;;CA 6;20220630;EcritureLib_0577;20230501;12708,40;0,00;D;VE/2;B;20231025
VE;Ventes;VE/3;20220731;70100001;CompteLib_0069;;;CA 7;20220731;EcritureLib_0572;20230501;0,00;3880,45;C;VE/3;;
VE;Ventes;VE/3;20220731;70100002;CompteLib_0070;;;CA 7;20220731;EcritureLib_0573;20230501;0,00;384,31;C;VE/3;;
VE;Ventes;VE/3;20220731;70100003;CompteLib_0071;;;CA 7;20220731;EcritureLib_0574;20230501;0,00;1040,73;C;VE/3;;
VE;Ventes;VE/3;20220731;70100005;CompteLib_0072;;;CA 7;20220731;EcritureLib_0575;20230501;0,00;595,52;C;VE/3;;
VE;Ventes;VE/3;20220731;70100006;CompteLib_0073;;;CA 7;20220731;EcritureLib_0584;20230501;0,00;136,36;C;VE/3;;
VE;Ventes;VE/3;20220731;44571200;CompteLib_0063;;;CA 7;20220731;EcritureLib_0556;20230501;0,00;603,74;C;VE/3;B;20230509
VE;Ventes;VE/3;20220731;53000000;CompteLib_0023;;;CA 7;20220731;EcritureLib_0579;20230501;6641,11;0,00;D;VE/3;B;20231025
VE;Ventes;VE/4;20220831;70100001;CompteLib_0069;;;CA 8;20220831;EcritureLib_0572;20230501;0,00;1766,09;C;VE/4;;
VE;Ventes;VE/4;20220831;70100003;CompteLib_0071;;;CA 8;20220831;EcritureLib_0574;20230501;0,00;1537,27;C;VE/4;;
VE;Ventes;VE/4;20220831;70100005;CompteLib_0072;;;CA 8;20220831;EcritureLib_0575;20230501;0,00;123,27;C;VE/4;;
VE;Ventes;VE/4;20220831;44571200;CompteLib_0063;;;CA 8;20220831;EcritureLib_0556;20230501;0,00;342,66;C;VE/4;B;20230509
VE;Ventes;VE/4;20220831;53000000;CompteLib_0023;;;CA 8;20220831;EcritureLib_0580;20230501;3769,29;0,00;D;VE/4;B;20231025
VE;Ventes;VE/5;20220930;70100001;CompteLib_0069;;;CA 9;20220930;EcritureLib_0572;20230501;0,00;5942,63;C;VE/5;;
VE;Ventes;VE/5;20220930;70100003;CompteLib_0071;;;CA 9;20220930;EcritureLib_0574;20230501;0,00;4660,61;C;VE/5;;
VE;Ventes;VE/5;20220930;70100005;CompteLib_0072;;;CA 9;20220930;EcritureLib_0575;20230501;0,00;329,73;C;VE/5;;
VE;Ventes;VE/5;20220930;70100006;CompteLib_0073;;;CA 9;20220930;EcritureLib_0584;20230501;0,00;90,91;C;VE/5;;
VE;Ventes;VE/5;20220930;44571200;CompteLib_0063;;;CA 9;20220930;EcritureLib_0556;20230501;0,00;1102,39;C;VE/5;B;20230509
VE;Ventes;VE/5;20220930;53000000;CompteLib_0023;;;CA 9;20220930;EcritureLib_0581;20230501;12126,27;0,00;D;VE/5;B;20231025
