JournalCode;JournalLib;EcritureNum;EcritureDate;CompteNum;CompteLib;CompAuxNum;CompAuxLib;PieceRef;PieceDate;EcritureLib;ValidDate;MontantDebit;MontantCredit;Sens;RefEcriture;EcritureLet;DateLet
AN;A Nouveau;AN/1;20230101;10130000;CompteLib_0001;;;23A22;20230101;EcritureLib_0001;20241009;0,00;5000,00;C;AN/1;;
AN;A Nouveau;AN/1;20230101;10611000;CompteLib_0002;;;23A22;20230101;EcritureLib_0002;20241009;0,00;500,00;C;AN/1;;
AN;A Nouveau;AN/1;20230101;10680000;CompteLib_0003;;;23A22;20230101;EcritureLib_0003;20241009;0,00;32679,46;C;AN/1;;
AN;A Nouveau;AN/1;20230101;16400000;CompteLib_0004;;;23A22;20230101;EcritureLib_0004;20241009;0,00;3388,25;C;AN/1;;
AN;A Nouveau;AN/1;20230101;16401000;CompteLib_0005;;;23A22;20230101;EcritureLib_0005;20241009;0,00;9954,25;C;AN/1;;
AN;A Nouveau;AN/1;20230101;21540000;CompteLib_0006;;;23A22;20230101;EcritureLib_0006;20241009;31725,37;0,00;D;AN/1;;
AN;A Nouveau;AN/1;20230101;21810000;CompteLib_0007;;;23A22;20230101;EcritureLib_0007;20241009;52058,71;0,00;D;AN/1;;
AN;A Nouveau;AN/1;20230101;21830000;CompteLib_0008;;;23A22;20230101;EcritureLib_0008;20241009;2500,00;0,00;D;AN/1;;
AN;A Nouveau;AN/1;20230101;21840000;CompteLib_0009;;;23A22;20230101;EcritureLib_0009;20241009;3296,65;0,00;D;AN/1;;
AN;A Nouveau;AN/1;20230101;27500000;CompteLib_0010;;;23A22;20230101;EcritureLib_0010;20241009;9000,00;0,00;D;AN/1;;
AN;A Nouveau;AN/1;20230101;28154000;CompteLib_0011;;;23A22;20230101;EcritureLib_0011;20241009;0,00;9167,98;C;AN/1;;
AN;A Nouveau;AN/1;20230101;28181000;CompteLib_0012;;;23A22;20230101;EcritureLib_0012;20241009;0,00;43672,88;C;AN/1;;
AN;A Nouveau;AN/1;20230101;28183000;CompteLib_0013;;;23A22;20230101;EcritureLib_0013;20241009;0,00;2500,00;C;AN/1;;
AN;A Nouveau;AN/1;20230101;28184000;CompteLib_0014;;;23A22;20230101;EcritureLib_0014;20241009;0,00;2036,47;C;AN/1;;
AN;A Nouveau;AN/1;20230101;37000000;CompteLib_0015;;;23A22;20230101;EcritureLib_0015;20241009;21946,50;0,00;D;AN/1;;
AN;A Nouveau;AN/1;20230101;40910000;CompteLib_0016;;;23A22;20230101;EcritureLib_0016;20241009;25000,00;0,00;D;AN/1;A;20240917
AN;A Nouveau;AN/1;20230101;41100000;CompteLib_0017;ATOM;ATOM CITY ;23A22;20230101;EcritureLib_0017;20241009;1681,07;0,00;D;AN/1;A;20240503
AN;A Nouveau;AN/1;20230101;41100000;CompteLib_0017;BRATS;LES PETITS BRATS ;23A22;20230101;EcritureLib_0018;20241009;24701,80;0,00;D;AN/1;B;20240503
AN;A Nouveau;AN/1;20230101;41100000;CompteLib_0017;CHEMINROUGE;MAISON DU CHEMIN ROUGE;23A22;20230101;EcritureLib_0019;20241009;450,00;0,00;D;AN/1;A;20240503
AN;A Nouveau;AN/1;20230101;41100000;CompteLib_0017;COMINES;VILLE DE COMINES ;23A22;20230101;EcritureLib_0020;20241009;273,00;0,00;D;AN/1;A;20240503
AN;A Nouveau;AN/1;20230101;41100000;CompteLib_0017;CYSOING;MAIRIE DE CYSOING;23A22;20230101;EcritureLib_0021;20241009;300,00;0,00;D;AN/1;A;20240503
AN;A Nouveau;AN/1;20230101;41100000;CompteLib_0017;DIVERS;RIFFEATER;23A22;20230101;EcritureLib_0022;20241009;35,00;0,00;D;AN/1;U;20240507
AN;A Nouveau;AN/1;20230101;41100000;CompteLib_0017;LINSELLES;MAIRIE DE LINSELLES;23A22;20230101;EcritureLib_0023;20241009;175,00;0,00;D;AN/1;A;20240503
AN;A Nouveau;AN/1;20230101;41100000;CompteLib_0017;VDASCQ;VILLENEUVE D'ASCQ;23A22;20230101;EcritureLib_0024;20241009;210,00;0,00;D;AN/1;A;20240503
AN;A Nouveau;AN/1;20230101;43860000;CompteLib_0018;;;23A22;20230101;EcritureLib_0025;20241009;0,00;13028,00;C;AN/1;;
AN;A Nouveau;AN/1;20230101;44551000;CompteLib_0019;;;23A22;20230101;EcritureLib_0026;20241009;0,00;11819,00;C;AN/1;;
AN;A Nouveau;AN/1;20230101;44566100;CompteLib_0020;;;23A22;20230101;EcritureLib_0027;20241009;0,22;0,00;D;AN/1;;
AN;A Nouveau;AN/1;20230101;44567000;CompteLib_0021;;;23A22;20230101;EcritureLib_0028;20241009;111,00;0,00;D;AN/1;;
AN;A Nouveau;AN/1;20230101;44571700;CompteLib_0022;;;23A22;20230101;EcritureLib_0029;20241009;0,00;4637,81;C;AN/1;;
AN;A Nouveau;AN/1;20230101;44571800;CompteLib_0023;;;23A22;20230101;EcritureLib_0030;20241009;0,00;0,24;C;AN/1;;
AN;A Nouveau;AN/1;20230101;45500000;CompteLib_0024;;;23A22;20230101;EcritureLib_0031;20241009;0,00;3942,88;C;AN/1;;
AN;A Nouveau;AN/1;20230101;45512000;CompteLib_0025;;;23A22;20230101;EcritureLib_0032;20241009;0,00;8405,98;C;AN/1;;
AN;A Nouveau;AN/1;20230101;45513000;CompteLib_0026;;;23A22;20230101;EcritureLib_0033;20241009;0,00;8801,32;C;AN/1;;
AN;A Nouveau;AN/1;20230101;46700000;CompteLib_0027;;;23A22;20230101;EcritureLib_0034;20241009;500,00;0,00;D;AN/1;;
AN;A Nouveau;AN/1;20230101;48600000;CompteLib_0028;;;23A22;20230101;EcritureLib_0035;20241009;165,00;0,00;D;AN/1;;
AN;A Nouveau;AN/1;20230101;51200000;CompteLib_0029;;;23A22;20230101;EcritureLib_0036;20241009;11783,86;0,00;D;AN/1;;
AN;A Nouveau;AN/1;20230101;12000000;CompteLib_0030;;;23A22;20230101;EcritureLib_0037;20241009;0,00;26378,66;C;AN/1;;
AT;Achats Tiime;AT/1;20230101;61100000;CompteLib_0031;;;129;20230101;EcritureLib_0038;20241009;1320,00;0,00;D;AT/1;;
AT;Achats Tiime;AT/1;20230101;40100000;CompteLib_0032;FHERICODE;HERICODE;129;20230101;EcritureLib_0038;20241009;0,00;1320,00;C;AT/1;A;20240921
AT;Achats Tiime;AT/2;20230105;62260000;CompteLib_0033;;;FACT-20230101-05445;20230105;EcritureLib_0039;20241009;199,00;0,00;D;AT/2;;
AT;Achats Tiime;AT/2;20230105;44566100;CompteLib_0020;;;FACT-20230101-05445;20230105;EcritureLib_0039;20241009;39,80;0,00;D;AT/2;;
AT;Achats Tiime;AT/2;20230105;40100000;CompteLib_0032;FSTC;STC;FACT-20230101-05445;20230105;EcritureLib_0039;20241009;0,00;238,80;C;AT/2;A;20240427
AT;Achats Tiime;AT/3;20230110;60100000;CompteLib_0034;;;0/0(013)0006/00122402;20230110;EcritureLib_0040;20241009;327,77;0,00;D;AT/3;;
AT;Achats Tiime;AT/3;20230110;44566100;CompteLib_0020;;;0/0(013)0006/00122402;20230110;EcritureLib_0040;20241009;37,97;0,00;D;AT/3;;
AT;Achats Tiime;AT/3;20230110;40100000;CompteLib_0032;FMETRO;METRO;0/0(013)0006/00122402;20230110;EcritureLib_0040;20241009;0,00;365,74;C;AT/3;A;20240430
AT;Achats Tiime;AT/4;20230205;62260000;CompteLib_0033;;;FACT-20230201-05744;20230205;EcritureLib_0039;20241009;199,00;0,00;D;AT/4;;
AT;Achats Tiime;AT/4;20230205;44566100;CompteLib_0020;;;FACT-20230201-05744;20230205;EcritureLib_0039;20241009;39,80;0,00;D;AT/4;;
AT;Achats Tiime;AT/4;20230205;40100000;CompteLib_0032;FSTC;STC;FACT-20230201-05744;20230205;EcritureLib_0039;20241009;0,00;238,80;C;AT/4;B;20240427
AT;Achats Tiime;AT/5;20230221;60100000;CompteLib_0034;;;0/0(013)0010/00592402;20230221;EcritureLib_0040;20241009;392,63;0,00;D;AT/5;;
AT;Achats Tiime;AT/5;20230221;44566100;CompteLib_0020;;;0/0(013)0010/00592402;20230221;EcritureLib_0040;20241009;45,33;0,00;D;AT/5;;
AT;Achats Tiime;AT/5;20230221;40100000;CompteLib_0032;FMETRO;METRO;0/0(013)0010/00592402;20230221;EcritureLib_0040;20241009;0,00;437,96;C;AT/5;D;20240430
AT;Achats Tiime;AT/6;20230228;62410000;CompteLib_0035;;;23020129;20230228;EcritureLib_0041;20241009;210,00;0,00;D;AT/6;;
AT;Achats Tiime;AT/6;20230228;44566100;CompteLib_0020;;;23020129;20230228;EcritureLib_0041;20241009;42,00;0,00;D;AT/6;;
AT;Achats Tiime;AT/6;20230228;40100000;CompteLib_0032;FELOISE;ELOISE TRANSPORT;23020129;20230228;EcritureLib_0041;20241009;0,00;252,00;C;AT/6;A;20240816
AT;Achats Tiime;AT/7;20230305;62260000;CompteLib_0033;;;FACT-20230301-06033;20230305;EcritureLib_0042;20241009;199,00;0,00;D;AT/7;;
AT;Achats Tiime;AT/7;20230305;44566100;CompteLib_0020;;;FACT-20230301-06033;20230305;EcritureLib_0042;20241009;39,80;0,00;D;AT/7;;
AT;Achats Tiime;AT/7;20230305;40100000;CompteLib_0032;FSTC;STC;FACT-20230301-06033;20230305;EcritureLib_0042;20241009;0,00;238,80;C;AT/7;C;20240427
AT;Achats Tiime;AT/8;20230305;62260000;CompteLib_0033;;;FACT-20230313-06289;20230305;EcritureLib_0039;20241009;450,00;0,00;D;AT/8;;
AT;Achats Tiime;AT/8;20230305;44566100;CompteLib_0020;;;FACT-20230313-06289;20230305;EcritureLib_0039;20241009;90,00;0,00;D;AT/8;;
AT;Achats Tiime;AT/8;20230305;40100000;CompteLib_0032;FSTC;STC;FACT-20230313-06289;20230305;EcritureLib_0039;20241009;0,00;540,00;C;AT/8;C;20240427
AT;Achats Tiime;AT/9;20230310;60630000;CompteLib_0036;;;1937797;20230310;EcritureLib_0043;20241009;59,48;0,00;D;AT/9;;
AT;Achats Tiime;AT/9;20230310;44566100;CompteLib_0020;;;1937797;20230310;EcritureLib_0043;20241009;11,90;0,00;D;AT/9;;
AT;Achats Tiime;AT/9;20230310;40100000;CompteLib_0032;FBRICO;BRICO DEPOT;1937797;20230310;EcritureLib_0043;20241009;0,00;71,38;C;AT/9;B;20240430
AT;Achats Tiime;AT/10;20230324;60100000;CompteLib_0034;;;0/0(013)0009/010836:2;20230324;EcritureLib_0040;20241009;380,47;0,00;D;AT/10;;
AT;Achats Tiime;AT/10;20230324;44566100;CompteLib_0020;;;0/0(013)0009/010836:2;20230324;EcritureLib_0040;20241009;50,55;0,00;D;AT/10;;
AT;Achats Tiime;AT/10;20230324;40100000;CompteLib_0032;FMETRO;METRO;0/0(013)0009/010836:2;20230324;EcritureLib_0040;20241009;0,00;431,02;C;AT/10;B;20240430
AT;Achats Tiime;AT/11;20230327;61500000;CompteLib_0037;;;TC037204;20230327;EcritureLib_0044;20241009;27,66;0,00;D;AT/11;;
AT;Achats Tiime;AT/11;20230327;44566100;CompteLib_0020;;;TC037204;20230327;EcritureLib_0044;20241009;5,54;0,00;D;AT/11;;
AT;Achats Tiime;AT/11;20230327;40100000;CompteLib_0032;FNPM;NPM;TC037204;20230327;EcritureLib_0044;20241009;0,00;33,20;C;AT/11;A;20240430
AT;Achats Tiime;AT/12;20230403;61352000;CompteLib_0038;;;1856602233;20230403;EcritureLib_0045;20241009;164,00;0,00;D;AT/12;;
AT;Achats Tiime;AT/12;20230403;44566100;CompteLib_0020;;;1856602233;20230403;EcritureLib_0045;20241009;32,80;0,00;D;AT/12;;
AT;Achats Tiime;AT/12;20230403;40100000;CompteLib_0032;FRENT;RENT AND DROP;1856602233;20230403;EcritureLib_0045;20241009;0,00;196,80;C;AT/12;A;20240816
AT;Achats Tiime;AT/13;20230405;62260000;CompteLib_0033;;;FACT-20230401-06325;20230405;EcritureLib_0039;20241009;199,00;0,00;D;AT/13;;
AT;Achats Tiime;AT/13;20230405;44566100;CompteLib_0020;;;FACT-20230401-06325;20230405;EcritureLib_0039;20241009;39,80;0,00;D;AT/13;;
AT;Achats Tiime;AT/13;20230405;40100000;CompteLib_0032;FSTC;STC;FACT-20230401-06325;20230405;EcritureLib_0039;20241009;0,00;238,80;C;AT/13;D;20240427
AT;Achats Tiime;AT/14;20230427;60100000;CompteLib_0034;;;0/0(01300010/0137612;20230427;EcritureLib_0040;20241009;410,54;0,00;D;AT/14;;
AT;Achats Tiime;AT/14;20230427;44566100;CompteLib_0020;;;0/0(01300010/0137612;20230427;EcritureLib_0040;20241009;51,70;0,00;D;AT/14;;
AT;Achats Tiime;AT/14;20230427;40100000;CompteLib_0032;FMETRO;METRO;0/0(01300010/0137612;20230427;EcritureLib_0040;20241009;0,00;462,24;C;AT/14;C;20240430
AT;Achats Tiime;AT/15;20230505;62260000;CompteLib_0033;;;FACT-20230501-06615;20230505;EcritureLib_0042;20241009;199,00;0,00;D;AT/15;;
AT;Achats Tiime;AT/15;20230505;44566100;CompteLib_0020;;;FACT-20230501-06615;20230505;EcritureLib_0042;20241009;39,80;0,00;D;AT/15;;
AT;Achats Tiime;AT/15;20230505;40100000;CompteLib_0032;FSTC;STC;FACT-20230501-06615;20230505;EcritureLib_0042;20241009;0,00;238,80;C;AT/15;E;20240427
AT;Achats Tiime;AT/16;20230507;62260000;CompteLib_0033;;;FACT-20230701-07189;20230507;EcritureLib_0046;20241009;199,00;0,00;D;AT/16;;
AT;Achats Tiime;AT/16;20230507;44566100;CompteLib_0020;;;FACT-20230701-07189;20230507;EcritureLib_0046;20241009;39,80;0,00;D;AT/16;;
AT;Achats Tiime;AT/16;20230507;40100000;CompteLib_0032;FSTC;STC;FACT-20230701-07189;20230507;EcritureLib_0046;20241009;0,00;238,80;C;AT/16;E;20240427
AT;Achats Tiime;AT/17;20230512;62260000;CompteLib_0033;;;FACT-20231201-08804;20230512;EcritureLib_0042;20241009;199,00;0,00;D;AT/17;;
AT;Achats Tiime;AT/17;20230512;44566100;CompteLib_0020;;;FACT-20231201-08804;20230512;EcritureLib_0042;20241009;39,80;0,00;D;AT/17;;
AT;Achats Tiime;AT/17;20230512;40100000;CompteLib_0032;FSTC;STC;FACT-20231201-08804;20230512;EcritureLib_0042;20241009;0,00;238,80;C;AT/17;E;20240427
AT;Achats Tiime;AT/18;20230512;60630000;CompteLib_0036;;;23F180217;20230512;EcritureLib_0047;20241009;249,10;0,00;D;AT/18;;
AT;Achats Tiime;AT/18;20230512;44566100;CompteLib_0020;;;23F180217;20230512;EcritureLib_0047;20241009;49,82;0,00;D;AT/18;;
AT;Achats Tiime;AT/18;20230512;40100000;CompteLib_0032;FRAJA;RAJA;23F180217;20230512;EcritureLib_0047;20241009;0,00;298,92;C;AT/18;A;20240430
AT;Achats Tiime;AT/19;20230515;62410000;CompteLib_0035;;;23050024;20230515;EcritureLib_0041;20241009;1355,00;0,00;D;AT/19;;
AT;Achats Tiime;AT/19;20230515;44566100;CompteLib_0020;;;23050024;20230515;EcritureLib_0041;20241009;271,00;0,00;D;AT/19;;
AT;Achats Tiime;AT/19;20230515;40100000;CompteLib_0032;FELOISE;ELOISE TRANSPORT;23050024;20230515;EcritureLib_0041;20241009;0,00;1626,00;C;AT/19;;
AT;Achats Tiime;AT/20;20230523;61352000;CompteLib_0038;;;F580576;20230523;EcritureLib_0045;20241009;44,00;0,00;D;AT/20;;
AT;Achats Tiime;AT/20;20230523;44566100;CompteLib_0020;;;F580576;20230523;EcritureLib_0045;20241009;8,80;0,00;D;AT/20;;
AT;Achats Tiime;AT/20;20230523;40100000;CompteLib_0032;FRENT;RENT AND DROP;F580576;20230523;EcritureLib_0045;20241009;0,00;52,80;C;AT/20;;
AT;Achats Tiime;AT/21;20230529;61352000;CompteLib_0038;;;F581296;20230529;EcritureLib_0045;20241009;147,00;0,00;D;AT/21;;
AT;Achats Tiime;AT/21;20230529;44566100;CompteLib_0020;;;F581296;20230529;EcritureLib_0045;20241009;29,40;0,00;D;AT/21;;
AT;Achats Tiime;AT/21;20230529;40100000;CompteLib_0032;FRENT;RENT AND DROP;F581296;20230529;EcritureLib_0045;20241009;0,00;176,40;C;AT/21;B;20240816
AT;Achats Tiime;AT/22;20230529;60630000;CompteLib_0036;;;1953545;20230529;EcritureLib_0043;20241009;143,32;0,00;D;AT/22;;
AT;Achats Tiime;AT/22;20230529;44566100;CompteLib_0020;;;1953545;20230529;EcritureLib_0043;20241009;28,66;0,00;D;AT/22;;
AT;Achats Tiime;AT/22;20230529;40100000;CompteLib_0032;FBRICO;BRICO DEPOT;1953545;20230529;EcritureLib_0043;20241009;0,00;171,98;C;AT/22;E;20240430
AT;Achats Tiime;AT/23;20230530;21830000;CompteLib_0008;;;FV202300111289;20230530;EcritureLib_0048;20241009;630,79;0,00;D;AT/23;;
AT;Achats Tiime;AT/23;20230530;44562000;CompteLib_0039;;;FV202300111289;20230530;EcritureLib_0048;20241009;126,16;0,00;D;AT/23;;
AT;Achats Tiime;AT/23;20230530;40100000;CompteLib_0032;FLDLC;LDLC;FV202300111289;20230530;EcritureLib_0048;20241009;0,00;756,95;C;AT/23;A;20240430
AT;Achats Tiime;AT/24;20230605;62260000;CompteLib_0033;;;FACT-20230601-06915;20230605;EcritureLib_0042;20241009;199,00;0,00;D;AT/24;;
AT;Achats Tiime;AT/24;20230605;44566100;CompteLib_0020;;;FACT-20230601-06915;20230605;EcritureLib_0042;20241009;39,80;0,00;D;AT/24;;
AT;Achats Tiime;AT/24;20230605;40100000;CompteLib_0032;FSTC;STC;FACT-20230601-06915;20230605;EcritureLib_0042;20241009;0,00;238,80;C;AT/24;E;20240427
AT;Achats Tiime;AT/25;20230607;60630000;CompteLib_0036;;;1955225;20230607;EcritureLib_0043;20241009;22,32;0,00;D;AT/25;;
AT;Achats Tiime;AT/25;20230607;44566100;CompteLib_0020;;;1955225;20230607;EcritureLib_0043;20241009;4,46;0,00;D;AT/25;;
AT;Achats Tiime;AT/25;20230607;40100000;CompteLib_0032;FBRICO;BRICO DEPOT;1955225;20230607;EcritureLib_0043;20241009;0,00;26,78;C;AT/25;C;20240430
AT;Achats Tiime;AT/26;20230609;61353000;CompteLib_0040;;;FR57746788;20230609;EcritureLib_0049;20241009;46,47;0,00;D;AT/26;;
AT;Achats Tiime;AT/26;20230609;44566100;CompteLib_0020;;;FR57746788;20230609;EcritureLib_0049;20241009;9,29;0,00;D;AT/26;;
AT;Achats Tiime;AT/26;20230609;40100000;CompteLib_0032;FOVH;OVH;FR57746788;20230609;EcritureLib_0049;20241009;0,00;55,76;C;AT/26;A;20240430
AT;Achats Tiime;AT/27;20230619;60630000;CompteLib_0036;;;FA369993;20230619;EcritureLib_0050;20241009;338,67;0,00;D;AT/27;;
AT;Achats Tiime;AT/27;20230619;44566100;CompteLib_0020;;;FA369993;20230619;EcritureLib_0050;20241009;67,73;0,00;D;AT/27;;
AT;Achats Tiime;AT/27;20230619;40100000;CompteLib_0032;FCULTURE;CULTURE INDOOR;FA369993;20230619;EcritureLib_0050;20241009;0,00;406,40;C;AT/27;;
AT;Achats Tiime;AT/28;20230619;60630000;CompteLib_0036;;;96180104;20230619;EcritureLib_0051;20241009;35,24;0,00;D;AT/28;;
AT;Achats Tiime;AT/28;20230619;44566100;CompteLib_0020;;;96180104;20230619;EcritureLib_0051;20241009;7,05;0,00;D;AT/28;;
AT;Achats Tiime;AT/28;20230619;40100000;CompteLib_0032;FWILTEC;WILTEC;96180104;20230619;EcritureLib_0051;20241009;0,00;42,29;C;AT/28;;
AT;Achats Tiime;AT/29;20230620;60630000;CompteLib_0036;;;00130723;20230620;EcritureLib_0052;20241009;18,97;0,00;D;AT/29;;
AT;Achats Tiime;AT/29;20230620;44566100;CompteLib_0020;;;00130723;20230620;EcritureLib_0052;20241009;3,76;0,00;D;AT/29;;
AT;Achats Tiime;AT/29;20230620;40100000;CompteLib_0032;FMISTER;MISTER MATERIAUX;00130723;20230620;EcritureLib_0052;20241009;0,00;22,73;C;AT/29;;
AT;Achats Tiime;AT/30;20230620;60630000;CompteLib_0036;;;2020296617;20230620;EcritureLib_0053;20241009;430,21;0,00;D;AT/30;;
AT;Achats Tiime;AT/30;20230620;44566100;CompteLib_0020;;;2020296617;20230620;EcritureLib_0053;20241009;86,04;0,00;D;AT/30;;
AT;Achats Tiime;AT/30;20230620;40100000;CompteLib_0032;FCREOVEN;CREOVEN;2020296617;20230620;EcritureLib_0053;20241009;0,00;516,25;C;AT/30;;
AT;Achats Tiime;AT/31;20230621;60630000;CompteLib_0036;;;23F57;20230621;EcritureLib_0054;20241009;98,99;0,00;D;AT/31;;
AT;Achats Tiime;AT/31;20230621;40100000;CompteLib_0032;FSANVEN;SANVEN;23F57;20230621;EcritureLib_0054;20241009;0,00;98,99;C;AT/31;;
AT;Achats Tiime;AT/32;20230627;60630000;CompteLib_0036;;;23F62;20230627;EcritureLib_0043;20241009;31,46;0,00;D;AT/32;;
AT;Achats Tiime;AT/32;20230627;44566100;CompteLib_0020;;;23F62;20230627;EcritureLib_0043;20241009;6,29;0,00;D;AT/32;;
AT;Achats Tiime;AT/32;20230627;40100000;CompteLib_0032;FBRICO;BRICO DEPOT;23F62;20230627;EcritureLib_0043;20241009;0,00;37,75;C;AT/32;D;20240430
AT;Achats Tiime;AT/33;20230629;62410000;CompteLib_0035;;;23060036;20230629;EcritureLib_0041;20241009;1250,00;0,00;D;AT/33;;
AT;Achats Tiime;AT/33;20230629;44566100;CompteLib_0020;;;23060036;20230629;EcritureLib_0041;20241009;250,00;0,00;D;AT/33;;
AT;Achats Tiime;AT/33;20230629;40100000;CompteLib_0032;FELOISE;ELOISE TRANSPORT;23060036;20230629;EcritureLib_0041;20241009;0,00;1500,00;C;AT/33;B;20240816
AT;Achats Tiime;AT/34;20230706;61352000;CompteLib_0038;;;F588057;20230706;EcritureLib_0055;20241009;35,20;0,00;D;AT/34;;
AT;Achats Tiime;AT/34;20230706;44566100;CompteLib_0020;;;F588057;20230706;EcritureLib_0055;20241009;7,04;0,00;D;AT/34;;
AT;Achats Tiime;AT/34;20230706;40100000;CompteLib_0032;FRENT;RENT AND DROP;F588057;20230706;EcritureLib_0055;20241009;0,00;42,24;C;AT/34;C;20240816
AT;Achats Tiime;AT/35;20230706;60100000;CompteLib_0034;;;0/0(013)0009/024767/2;20230706;EcritureLib_0056;20241009;626,86;0,00;D;AT/35;;
AT;Achats Tiime;AT/35;20230706;44566100;CompteLib_0020;;;0/0(013)0009/024767/2;20230706;EcritureLib_0056;20241009;74,87;0,00;D;AT/35;;
AT;Achats Tiime;AT/35;20230706;40100000;CompteLib_0032;FMETRO;METRO;0/0(013)0009/024767/2;20230706;EcritureLib_0056;20241009;0,00;701,73;C;AT/35;E;20240430
AT;Achats Tiime;AT/36;20230723;60630000;CompteLib_0036;;;1965596;20230723;EcritureLib_0057;20241009;50,92;0,00;D;AT/36;;
AT;Achats Tiime;AT/36;20230723;44566100;CompteLib_0020;;;1965596;20230723;EcritureLib_0057;20241009;10,18;0,00;D;AT/36;;
AT;Achats Tiime;AT/36;20230723;40100000;CompteLib_0032;FBRICO;BRICO DEPOT;1965596;20230723;EcritureLib_0057;20241009;0,00;61,10;C;AT/36;F;20240430
AT;Achats Tiime;AT/37;20230726;60630000;CompteLib_0036;;;1965334;20230726;EcritureLib_0058;20241009;70,99;0,00;D;AT/37;;
AT;Achats Tiime;AT/37;20230726;44566100;CompteLib_0020;;;1965334;20230726;EcritureLib_0058;20241009;14,20;0,00;D;AT/37;;
AT;Achats Tiime;AT/37;20230726;40100000;CompteLib_0032;FBRICO;BRICO DEPOT;1965334;20230726;EcritureLib_0058;20241009;0,00;85,19;C;AT/37;G;20240430
AT;Achats Tiime;AT/38;20230729;61352000;CompteLib_0038;;;F592707;20230729;EcritureLib_0059;20241009;35,00;0,00;D;AT/38;;
AT;Achats Tiime;AT/38;20230729;44566100;CompteLib_0020;;;F592707;20230729;EcritureLib_0059;20241009;7,00;0,00;D;AT/38;;
AT;Achats Tiime;AT/38;20230729;40100000;CompteLib_0032;FRENT;RENT AND DROP;F592707;20230729;EcritureLib_0059;20241009;0,00;42,00;C;AT/38;D;20240816
AT;Achats Tiime;AT/39;20230805;62260000;CompteLib_0033;;;FACT-20230810-07710;20230805;EcritureLib_0039;20241009;199,00;0,00;D;AT/39;;
AT;Achats Tiime;AT/39;20230805;44566100;CompteLib_0020;;;FACT-20230810-07710;20230805;EcritureLib_0039;20241009;39,80;0,00;D;AT/39;;
AT;Achats Tiime;AT/39;20230805;40100000;CompteLib_0032;FSTC;STC;FACT-20230810-07710;20230805;EcritureLib_0039;20241009;0,00;238,80;C;AT/39;E;20240427
AT;Achats Tiime;AT/40;20230821;62420000;CompteLib_0041;;;2105939496;20230821;EcritureLib_0060;20241009;170,97;0,00;D;AT/40;;
AT;Achats Tiime;AT/40;20230821;44566100;CompteLib_0020;;;2105939496;20230821;EcritureLib_0060;20241009;34,19;0,00;D;AT/40;;
AT;Achats Tiime;AT/40;20230821;40100000;CompteLib_0032;FGEODIS;GEODIS;2105939496;20230821;EcritureLib_0060;20241009;0,00;205,16;C;AT/40;A;20240917
AT;Achats Tiime;AT/41;20230905;60100000;CompteLib_0034;;;0/0(013)0009/031341:2;20230905;EcritureLib_0061;20241009;726,69;0,00;D;AT/41;;
AT;Achats Tiime;AT/41;20230905;44566100;CompteLib_0020;;;0/0(013)0009/031341:2;20230905;EcritureLib_0061;20241009;80,74;0,00;D;AT/41;;
AT;Achats Tiime;AT/41;20230905;40100000;CompteLib_0032;FMETRO;METRO;0/0(013)0009/031341:2;20230905;EcritureLib_0061;20241009;0,00;807,43;C;AT/41;F;20240430
AT;Achats Tiime;AT/42;20230905;62260000;CompteLib_0033;;;FACT-20230901-07969;20230905;EcritureLib_0042;20241009;199,00;0,00;D;AT/42;;
AT;Achats Tiime;AT/42;20230905;44566100;CompteLib_0020;;;FACT-20230901-07969;20230905;EcritureLib_0042;20241009;39,80;0,00;D;AT/42;;
AT;Achats Tiime;AT/42;20230905;40100000;CompteLib_0032;FSTC;STC;FACT-20230901-07969;20230905;EcritureLib_0042;20241009;0,00;238,80;C;AT/42;E;20240427
AT;Achats Tiime;AT/43;20231005;62260000;CompteLib_0033;;;FACT-20231001-08252;20231005;EcritureLib_0039;20241009;199,00;0,00;D;AT/43;;
AT;Achats Tiime;AT/43;20231005;44566100;CompteLib_0020;;;FACT-20231001-08252;20231005;EcritureLib_0039;20241009;39,80;0,00;D;AT/43;;
AT;Achats Tiime;AT/43;20231005;40100000;CompteLib_0032;FSTC;STC;FACT-20231001-08252;20231005;EcritureLib_0039;20241009;0,00;238,80;C;AT/43;E;20240427
AT;Achats Tiime;AT/44;20231017;60100000;CompteLib_0034;;;0/0(013)0011/029060:2;20231017;EcritureLib_0062;20241009;505,94;0,00;D;AT/44;;
AT;Achats Tiime;AT/44;20231017;44566100;CompteLib_0020;;;0/0(013)0011/029060:2;20231017;EcritureLib_0062;20241009;84,81;0,00;D;AT/44;;
AT;Achats Tiime;AT/44;20231017;40100000;CompteLib_0032;FMETRO;METRO;0/0(013)0011/029060:2;20231017;EcritureLib_0062;20241009;0,00;590,75;C;AT/44;G;20240430
AT;Achats Tiime;AT/45;20231017;60100000;CompteLib_0034;;;0/0(013)0003/03422702;20231017;EcritureLib_0062;20241009;414,17;0,00;D;AT/45;;
AT;Achats Tiime;AT/45;20231017;44566100;CompteLib_0020;;;0/0(013)0003/03422702;20231017;EcritureLib_0062;20241009;22,78;0,00;D;AT/45;;
AT;Achats Tiime;AT/45;20231017;40100000;CompteLib_0032;FMETRO;METRO;0/0(013)0003/03422702;20231017;EcritureLib_0062;20241009;0,00;436,95;C;AT/45;H;20240430
AT;Achats Tiime;AT/46;20231018;62420000;CompteLib_0041;;;2105942101;20231018;EcritureLib_0063;20241009;204,00;0,00;D;AT/46;;
AT;Achats Tiime;AT/46;20231018;44566100;CompteLib_0020;;;2105942101;20231018;EcritureLib_0063;20241009;40,80;0,00;D;AT/46;;
AT;Achats Tiime;AT/46;20231018;40100000;CompteLib_0032;FGEODIS;GEODIS;2105942101;20231018;EcritureLib_0063;20241009;0,00;244,80;C;AT/46;B;20240917
AT;Achats Tiime;AT/47;20231020;60630000;CompteLib_0036;;;23J36;20231020;EcritureLib_0043;20241009;616,72;0,00;D;AT/47;;
AT;Achats Tiime;AT/47;20231020;44566100;CompteLib_0020;;;23J36;20231020;EcritureLib_0043;20241009;123,34;0,00;D;AT/47;;
AT;Achats Tiime;AT/47;20231020;40100000;CompteLib_0032;FBRICO;BRICO DEPOT;23J36;20231020;EcritureLib_0043;20241009;0,00;740,06;C;AT/47;J;20240430
AT;Achats Tiime;AT/48;20231020;61352000;CompteLib_0038;;;F607487;20231020;EcritureLib_0055;20241009;44,00;0,00;D;AT/48;;
AT;Achats Tiime;AT/48;20231020;44566100;CompteLib_0020;;;F607487;20231020;EcritureLib_0055;20241009;8,80;0,00;D;AT/48;;
AT;Achats Tiime;AT/48;20231020;40100000;CompteLib_0032;FRENT;RENT AND DROP;F607487;20231020;EcritureLib_0055;20241009;0,00;52,80;C;AT/48;E;20240816
AT;Achats Tiime;AT/49;20231020;60630000;CompteLib_0036;;;23J35;20231020;EcritureLib_0043;20241009;20,33;0,00;D;AT/49;;
AT;Achats Tiime;AT/49;20231020;44566100;CompteLib_0020;;;23J35;20231020;EcritureLib_0043;20241009;4,07;0,00;D;AT/49;;
AT;Achats Tiime;AT/49;20231020;40100000;CompteLib_0032;FBRICO;BRICO DEPOT;23J35;20231020;EcritureLib_0043;20241009;0,00;24,40;C;AT/49;I;20240430
AT;Achats Tiime;AT/50;20231030;61352000;CompteLib_0038;;;F609194;20231030;EcritureLib_0045;20241009;50,00;0,00;D;AT/50;;
AT;Achats Tiime;AT/50;20231030;44566100;CompteLib_0020;;;F609194;20231030;EcritureLib_0045;20241009;10,00;0,00;D;AT/50;;
AT;Achats Tiime;AT/50;20231030;40100000;CompteLib_0032;FRENT;RENT AND DROP;F609194;20231030;EcritureLib_0045;20241009;0,00;60,00;C;AT/50;;
AT;Achats Tiime;AT/51;20231103;62420000;CompteLib_0041;;;2105943254;20231103;EcritureLib_0063;20241009;210,00;0,00;D;AT/51;;
AT;Achats Tiime;AT/51;20231103;44566100;CompteLib_0020;;;2105943254;20231103;EcritureLib_0063;20241009;42,00;0,00;D;AT/51;;
AT;Achats Tiime;AT/51;20231103;40100000;CompteLib_0032;FGEODIS;GEODIS;2105943254;20231103;EcritureLib_0063;20241009;0,00;252,00;C;AT/51;B;20240917
AT;Achats Tiime;AT/52;20231105;62260000;CompteLib_0033;;;FACT-20231101-08552;20231105;EcritureLib_0042;20241009;199,00;0,00;D;AT/52;;
AT;Achats Tiime;AT/52;20231105;44566100;CompteLib_0020;;;FACT-20231101-08552;20231105;EcritureLib_0042;20241009;39,80;0,00;D;AT/52;;
AT;Achats Tiime;AT/52;20231105;40100000;CompteLib_0032;FSTC;STC;FACT-20231101-08552;20231105;EcritureLib_0042;20241009;0,00;238,80;C;AT/52;E;20240427
AT;Achats Tiime;AT/53;20231129;60630000;CompteLib_0036;;;23K28;20231129;EcritureLib_0064;20241009;35,23;0,00;D;AT/53;;
AT;Achats Tiime;AT/53;20231129;44566100;CompteLib_0020;;;23K28;20231129;EcritureLib_0064;20241009;7,05;0,00;D;AT/53;;
AT;Achats Tiime;AT/53;20231129;40100000;CompteLib_0032;FACTION;ACTION;23K28;20231129;EcritureLib_0064;20241009;0,00;42,28;C;AT/53;A;20240430
AT;Achats Tiime;AT/54;20231202;60630000;CompteLib_0036;;;000239600012183;20231202;EcritureLib_0065;20241009;108,46;0,00;D;AT/54;;
AT;Achats Tiime;AT/54;20231202;44566100;CompteLib_0020;;;000239600012183;20231202;EcritureLib_0065;20241009;21,69;0,00;D;AT/54;;
AT;Achats Tiime;AT/54;20231202;40100000;CompteLib_0032;FBRICO;BRICO DEPOT;000239600012183;20231202;EcritureLib_0065;20241009;0,00;130,15;C;AT/54;H;20240430
AT;Achats Tiime;AT/55;20231204;61352000;CompteLib_0038;;;F613878;20231204;EcritureLib_0045;20241009;168,00;0,00;D;AT/55;;
AT;Achats Tiime;AT/55;20231204;44566100;CompteLib_0020;;;F613878;20231204;EcritureLib_0045;20241009;33,60;0,00;D;AT/55;;
AT;Achats Tiime;AT/55;20231204;40100000;CompteLib_0032;FRENT;RENT AND DROP;F613878;20231204;EcritureLib_0045;20241009;0,00;201,60;C;AT/55;F;20240816
AT;Achats Tiime;AT/56;20231207;60100000;CompteLib_0034;;;0/0(013)0009/04455212;20231207;EcritureLib_0062;20241009;464,76;0,00;D;AT/56;;
AT;Achats Tiime;AT/56;20231207;44566100;CompteLib_0020;;;0/0(013)0009/04455212;20231207;EcritureLib_0062;20241009;60,32;0,00;D;AT/56;;
AT;Achats Tiime;AT/56;20231207;40100000;CompteLib_0032;FMETRO;METRO;0/0(013)0009/04455212;20231207;EcritureLib_0062;20241009;0,00;525,08;C;AT/56;I;20240430
AT;Achats Tiime;AT/57;20231214;61352000;CompteLib_0038;;;F615588;20231214;EcritureLib_0055;20241009;50,00;0,00;D;AT/57;;
AT;Achats Tiime;AT/57;20231214;44566100;CompteLib_0020;;;F615588;20231214;EcritureLib_0055;20241009;10,00;0,00;D;AT/57;;
AT;Achats Tiime;AT/57;20231214;40100000;CompteLib_0032;FRENT;RENT AND DROP;F615588;20231214;EcritureLib_0055;20241009;0,00;60,00;C;AT/57;G;20240816
BQ;Banque BQ;BQ/1;20230104;41100000;CompteLib_0017;CHEMINROUGE;MAISON DU CHEMIN ROUGE;23A1;20230104;EcritureLib_0066;20241009;0,00;450,00;C;BQ/1;A;20240503
BQ;Banque BQ;BQ/1;20230104;51200000;CompteLib_0029;;;23A1;20230104;EcritureLib_0066;20241009;450,00;0,00;D;BQ/1;;
BQ;Banque BQ;BQ/2;20230105;41100000;CompteLib_0017;CADEO;ADEO;23A27;20230105;EcritureLib_0067;20241009;0,00;200,00;C;BQ/2;A;20240506
BQ;Banque BQ;BQ/2;20230105;51200000;CompteLib_0029;;;23A27;20230105;EcritureLib_0067;20241009;200,00;0,00;D;BQ/2;;
BQ;Banque BQ;BQ/3;20230106;66100000;CompteLib_0042;;;23A5;20230106;EcritureLib_0068;20241009;3,11;0,00;D;BQ/3;;
BQ;Banque BQ;BQ/3;20230106;51200000;CompteLib_0029;;;23A5;20230106;EcritureLib_0068;20241009;0,00;3,11;C;BQ/3;;
BQ;Banque BQ;BQ/4;20230106;66100000;CompteLib_0042;;;23A4;20230106;EcritureLib_0069;20241009;11,04;0,00;D;BQ/4;;
BQ;Banque BQ;BQ/4;20230106;51200000;CompteLib_0029;;;23A4;20230106;EcritureLib_0069;20241009;0,00;11,04;C;BQ/4;;
BQ;Banque BQ;BQ/5;20230106;16400000;CompteLib_0004;;;23A3;20230106;EcritureLib_0070;20241009;633,89;0,00;D;BQ/5;;
BQ;Banque BQ;BQ/5;20230106;51200000;CompteLib_0029;;;23A3;20230106;EcritureLib_0070;20241009;0,00;633,89;C;BQ/5;;
BQ;Banque BQ;BQ/6;20230110;62700000;CompteLib_0043;;;23A29;20230110;EcritureLib_0071;20241009;75,86;0,00;D;BQ/6;;
BQ;Banque BQ;BQ/6;20230110;51200000;CompteLib_0029;;;23A29;20230110;EcritureLib_0071;20241009;0,00;75,86;C;BQ/6;;
BQ;Banque BQ;BQ/7;20230110;64100000;CompteLib_0044;;;23A30;20230110;EcritureLib_0072;20241009;500,00;0,00;D;BQ/7;;
BQ;Banque BQ;BQ/7;20230110;51200000;CompteLib_0029;;;23A30;20230110;EcritureLib_0072;20241009;0,00;500,00;C;BQ/7;;
BQ;Banque BQ;BQ/8;20230111;40100000;CompteLib_0032;FMETRO;METRO;23A33;20230111;EcritureLib_0073;20241009;365,74;0,00;D;BQ/8;A;20240430
BQ;Banque BQ;BQ/8;20230111;51200000;CompteLib_0029;;;23A33;20230111;EcritureLib_0073;20241009;0,00;365,74;C;BQ/8;;
BQ;Banque BQ;BQ/9;20230111;64660000;CompteLib_0045;;;23A8;20230111;EcritureLib_0074;20241009;44,39;0,00;D;BQ/9;;
BQ;Banque BQ;BQ/9;20230111;51200000;CompteLib_0029;;;23A8;20230111;EcritureLib_0074;20241009;0,00;44,39;C;BQ/9;;
BQ;Banque BQ;BQ/10;20230111;40100000;CompteLib_0032;FHERICODE;HERICODE;23A34;20230111;EcritureLib_0075;20241009;1320,00;0,00;D;BQ/10;A;20240921
BQ;Banque BQ;BQ/10;20230111;51200000;CompteLib_0029;;;23A34;20230111;EcritureLib_0075;20241009;0,00;1320,00;C;BQ/10;;
BQ;Banque BQ;BQ/11;20230111;41100000;CompteLib_0017;ATOM;ATOM CITY ;23A32;20230111;EcritureLib_0076;20241009;0,00;499,75;C;BQ/11;A;20240503
BQ;Banque BQ;BQ/11;20230111;51200000;CompteLib_0029;;;23A32;20230111;EcritureLib_0076;20241009;499,75;0,00;D;BQ/11;;
BQ;Banque BQ;BQ/11;20230111;41100000;CompteLib_0017;ATOM;ATOM CITY ;23A32;20230111;EcritureLib_0076;20241009;0,00;950,25;C;BQ/11;A;20240503
BQ;Banque BQ;BQ/11;20230111;51200000;CompteLib_0029;;;23A32;20230111;EcritureLib_0076;20241009;950,25;0,00;D;BQ/11;;
BQ;Banque BQ;BQ/12;20230111;61321000;CompteLib_0046;;;23A11;20230111;EcritureLib_0077;20241009;4037,00;0,00;D;BQ/12;;
BQ;Banque BQ;BQ/12;20230111;44566100;CompteLib_0020;;;23A11;20230111;EcritureLib_0077;20241009;807,40;0,00;D;BQ/12;;
BQ;Banque BQ;BQ/12;20230111;51200000;CompteLib_0029;;;23A11;20230111;EcritureLib_0077;20241009;0,00;4844,40;C;BQ/12;;
BQ;Banque BQ;BQ/13;20230116;60100000;CompteLib_0034;;;23A37;20230116;EcritureLib_0078;20241009;10,87;0,00;D;BQ/13;;
BQ;Banque BQ;BQ/13;20230116;44566100;CompteLib_0020;;;23A37;20230116;EcritureLib_0078;20241009;0,60;0,00;D;BQ/13;;
BQ;Banque BQ;BQ/13;20230116;51200000;CompteLib_0029;;;23A37;20230116;EcritureLib_0078;20241009;0,00;11,47;C;BQ/13;;
BQ;Banque BQ;BQ/14;20230116;41100000;CompteLib_0017;CDIVERS;DIVERS;23A36;20230116;EcritureLib_0076;20241009;0,00;450,00;C;BQ/14;A;20240506
BQ;Banque BQ;BQ/14;20230116;51200000;CompteLib_0029;;;23A36;20230116;EcritureLib_0076;20241009;450,00;0,00;D;BQ/14;;
BQ;Banque BQ;BQ/15;20230116;41100000;CompteLib_0017;ATOM;ATOM CITY ;23A35;20230116;EcritureLib_0076;20241009;0,00;231,07;C;BQ/15;A;20240503
BQ;Banque BQ;BQ/15;20230116;51200000;CompteLib_0029;;;23A35;20230116;EcritureLib_0076;20241009;231,07;0,00;D;BQ/15;;
BQ;Banque BQ;BQ/15;20230116;41100000;CompteLib_0017;ATOM;ATOM CITY ;23A35;20230116;EcritureLib_0076;20241009;0,00;968,93;C;BQ/15;H;20240507
BQ;Banque BQ;BQ/15;20230116;51200000;CompteLib_0029;;;23A35;20230116;EcritureLib_0076;20241009;968,93;0,00;D;BQ/15;;
BQ;Banque BQ;BQ/16;20230117;41100000;CompteLib_0017;BRATS;LES PETITS BRATS ;23A40;20230117;EcritureLib_0079;20241009;0,00;3864,00;C;BQ/16;B;20240503
BQ;Banque BQ;BQ/16;20230117;51200000;CompteLib_0029;;;23A40;20230117;EcritureLib_0079;20241009;3864,00;0,00;D;BQ/16;;
BQ;Banque BQ;BQ/17;20230117;41100000;CompteLib_0017;BRATS;LES PETITS BRATS ;23A38;20230117;EcritureLib_0080;20241009;0,00;329,87;C;BQ/17;B;20240503
BQ;Banque BQ;BQ/17;20230117;51200000;CompteLib_0029;;;23A38;20230117;EcritureLib_0080;20241009;329,87;0,00;D;BQ/17;;
BQ;Banque BQ;BQ/18;20230117;41100000;CompteLib_0017;BRATS;LES PETITS BRATS ;23A39;20230117;EcritureLib_0081;20241009;0,00;124,95;C;BQ/18;B;20240503
BQ;Banque BQ;BQ/18;20230117;51200000;CompteLib_0029;;;23A39;20230117;EcritureLib_0081;20241009;124,95;0,00;D;BQ/18;;
BQ;Banque BQ;BQ/19;20230119;41100000;CompteLib_0017;CADEO;ADEO;23A42;20230119;EcritureLib_0082;20241009;0,00;800,00;C;BQ/19;A;20240506
BQ;Banque BQ;BQ/19;20230119;51200000;CompteLib_0029;;;23A42;20230119;EcritureLib_0082;20241009;800,00;0,00;D;BQ/19;;
BQ;Banque BQ;BQ/20;20230120;16401000;CompteLib_0005;;;23A21;20230120;EcritureLib_0083;20241009;304,45;0,00;D;BQ/20;;
BQ;Banque BQ;BQ/20;20230120;51200000;CompteLib_0029;;;23A21;20230120;EcritureLib_0083;20241009;0,00;304,45;C;BQ/20;;
BQ;Banque BQ;BQ/21;20230120;41100000;CompteLib_0017;CYSOING;MAIRIE DE CYSOING;23A20;20230120;EcritureLib_0084;20241009;0,00;300,00;C;BQ/21;A;20240503
BQ;Banque BQ;BQ/21;20230120;51200000;CompteLib_0029;;;23A20;20230120;EcritureLib_0084;20241009;300,00;0,00;D;BQ/21;;
BQ;Banque BQ;BQ/22;20230125;62600000;CompteLib_0047;;;23A45;20230125;EcritureLib_0085;20241009;26,98;0,00;D;BQ/22;;
BQ;Banque BQ;BQ/22;20230125;51200000;CompteLib_0029;;;23A45;20230125;EcritureLib_0085;20241009;0,00;26,98;C;BQ/22;;
BQ;Banque BQ;BQ/23;20230125;40100000;CompteLib_0032;FSTC;STC;23A44;20230125;EcritureLib_0086;20241009;238,80;0,00;D;BQ/23;A;20240427
BQ;Banque BQ;BQ/23;20230125;51200000;CompteLib_0029;;;23A44;20230125;EcritureLib_0086;20241009;0,00;238,80;C;BQ/23;;
BQ;Banque BQ;BQ/24;20230125;41100000;CompteLib_0017;ATOM;ATOM CITY ;23A46;20230125;EcritureLib_0076;20241009;0,00;850,00;C;BQ/24;H;20240507
BQ;Banque BQ;BQ/24;20230125;51200000;CompteLib_0029;;;23A46;20230125;EcritureLib_0076;20241009;850,00;0,00;D;BQ/24;;
BQ;Banque BQ;BQ/25;20230125;60610000;CompteLib_0048;;;23A43;20230125;EcritureLib_0087;20241009;538,19;0,00;D;BQ/25;;
BQ;Banque BQ;BQ/25;20230125;44566100;CompteLib_0020;;;23A43;20230125;EcritureLib_0087;20241009;107,64;0,00;D;BQ/25;;
BQ;Banque BQ;BQ/25;20230125;51200000;CompteLib_0029;;;23A43;20230125;EcritureLib_0087;20241009;0,00;645,83;C;BQ/25;;
BQ;Banque BQ;BQ/26;20230201;41100000;CompteLib_0017;ATOM;ATOM CITY ;23B22;20230201;EcritureLib_0076;20241009;0,00;1050,00;C;BQ/26;H;20240507
BQ;Banque BQ;BQ/26;20230201;51200000;CompteLib_0029;;;23B22;20230201;EcritureLib_0076;20241009;1050,00;0,00;D;BQ/26;;
BQ;Banque BQ;BQ/27;20230201;41100000;CompteLib_0017;LINSELLES;MAIRIE DE LINSELLES;23B2;20230201;EcritureLib_0088;20241009;0,00;175,00;C;BQ/27;A;20240503
BQ;Banque BQ;BQ/27;20230201;51200000;CompteLib_0029;;;23B2;20230201;EcritureLib_0088;20241009;175,00;0,00;D;BQ/27;;
BQ;Banque BQ;BQ/28;20230201;41100000;CompteLib_0017;VDASCQ;VILLENEUVE D'ASCQ;23B1;20230201;EcritureLib_0089;20241009;0,00;210,00;C;BQ/28;A;20240503
BQ;Banque BQ;BQ/28;20230201;51200000;CompteLib_0029;;;23B1;20230201;EcritureLib_0089;20241009;210,00;0,00;D;BQ/28;;
BQ;Banque BQ;BQ/29;20230201;41100000;CompteLib_0017;CDIVERS;DIVERS;23B23;20230201;EcritureLib_0076;20241009;0,00;300,00;C;BQ/29;A;20240506
BQ;Banque BQ;BQ/29;20230201;51200000;CompteLib_0029;;;23B23;20230201;EcritureLib_0076;20241009;300,00;0,00;D;BQ/29;;
BQ;Banque BQ;BQ/30;20230204;66100000;CompteLib_0042;;;23B7;20230204;EcritureLib_0068;20241009;2,52;0,00;D;BQ/30;;
BQ;Banque BQ;BQ/30;20230204;51200000;CompteLib_0029;;;23B7;20230204;EcritureLib_0068;20241009;0,00;2,52;C;BQ/30;;
BQ;Banque BQ;BQ/31;20230204;16400000;CompteLib_0004;;;23B5;20230204;EcritureLib_0070;20241009;634,47;0,00;D;BQ/31;;
BQ;Banque BQ;BQ/31;20230204;51200000;CompteLib_0029;;;23B5;20230204;EcritureLib_0070;20241009;0,00;634,47;C;BQ/31;;
BQ;Banque BQ;BQ/32;20230204;66100000;CompteLib_0042;;;23B6;20230204;EcritureLib_0069;20241009;11,04;0,00;D;BQ/32;;
BQ;Banque BQ;BQ/32;20230204;51200000;CompteLib_0029;;;23B6;20230204;EcritureLib_0069;20241009;0,00;11,04;C;BQ/32;;
BQ;Banque BQ;BQ/33;20230206;41100000;CompteLib_0017;COMINES;VILLE DE COMINES ;23B27;20230206;EcritureLib_0090;20241009;0,00;273,00;C;BQ/33;A;20240503
BQ;Banque BQ;BQ/33;20230206;51200000;CompteLib_0029;;;23B27;20230206;EcritureLib_0090;20241009;273,00;0,00;D;BQ/33;;
BQ;Banque BQ;BQ/34;20230208;64100000;CompteLib_0044;;;23B28;20230208;EcritureLib_0091;20241009;500,00;0,00;D;BQ/34;;
BQ;Banque BQ;BQ/34;20230208;51200000;CompteLib_0029;;;23B28;20230208;EcritureLib_0091;20241009;0,00;500,00;C;BQ/34;;
BQ;Banque BQ;BQ/35;20230208;60700000;CompteLib_0049;;;23B29;20230208;EcritureLib_0092;20241009;5000,00;0,00;D;BQ/35;;
BQ;Banque BQ;BQ/35;20230208;51200000;CompteLib_0029;;;23B29;20230208;EcritureLib_0092;20241009;0,00;5000,00;C;BQ/35;;
BQ;Banque BQ;BQ/36;20230209;41100000;CompteLib_0017;CBRICEG;MR BRICE G;23B30;20230209;EcritureLib_0093;20241009;0,00;2512,00;C;BQ/36;A;20240506
BQ;Banque BQ;BQ/36;20230209;51200000;CompteLib_0029;;;23B30;20230209;EcritureLib_0093;20241009;2512,00;0,00;D;BQ/36;;
BQ;Banque BQ;BQ/37;20230210;62700000;CompteLib_0043;;;23B31;20230210;EcritureLib_0094;20241009;57,31;0,00;D;BQ/37;;
BQ;Banque BQ;BQ/37;20230210;51200000;CompteLib_0029;;;23B31;20230210;EcritureLib_0094;20241009;0,00;57,31;C;BQ/37;;
BQ;Banque BQ;BQ/38;20230210;64660000;CompteLib_0045;;;23B13;20230210;EcritureLib_0074;20241009;44,39;0,00;D;BQ/38;;
BQ;Banque BQ;BQ/38;20230210;51200000;CompteLib_0029;;;23B13;20230210;EcritureLib_0074;20241009;0,00;44,39;C;BQ/38;;
BQ;Banque BQ;BQ/39;20230210;41100000;CompteLib_0017;CDAVIDC;DAVID C;23B32;20230210;EcritureLib_0095;20241009;0,00;2150,00;C;BQ/39;A;20240506
BQ;Banque BQ;BQ/39;20230210;51200000;CompteLib_0029;;;23B32;20230210;EcritureLib_0095;20241009;2150,00;0,00;D;BQ/39;;
BQ;Banque BQ;BQ/40;20230213;41100000;CompteLib_0017;ATOM;ATOM CITY ;23B33;20230213;EcritureLib_0076;20241009;0,00;1415,07;C;BQ/40;H;20240507
BQ;Banque BQ;BQ/40;20230213;51200000;CompteLib_0029;;;23B33;20230213;EcritureLib_0076;20241009;1415,07;0,00;D;BQ/40;;
BQ;Banque BQ;BQ/40;20230213;41100000;CompteLib_0017;ATOM;ATOM CITY ;23B33;20230213;EcritureLib_0076;20241009;0,00;484,93;C;BQ/40;I;20240507
BQ;Banque BQ;BQ/40;20230213;51200000;CompteLib_0029;;;23B33;20230213;EcritureLib_0076;20241009;484,93;0,00;D;BQ/40;;
BQ;Banque BQ;BQ/41;20230213;41100000;CompteLib_0017;CDIVERS;DIVERS;23B34;20230213;EcritureLib_0076;20241009;0,00;300,00;C;BQ/41;B;20240506
BQ;Banque BQ;BQ/41;20230213;51200000;CompteLib_0029;;;23B34;20230213;EcritureLib_0076;20241009;300,00;0,00;D;BQ/41;;
BQ;Banque BQ;BQ/42;20230215;40100000;CompteLib_0032;FSTC;STC;23B37;20230215;EcritureLib_0086;20241009;238,80;0,00;D;BQ/42;B;20240427
BQ;Banque BQ;BQ/42;20230215;51200000;CompteLib_0029;;;23B37;20230215;EcritureLib_0086;20241009;0,00;238,80;C;BQ/42;;
BQ;Banque BQ;BQ/43;20230220;16401000;CompteLib_0005;;;23B18;20230220;EcritureLib_0083;20241009;304,45;0,00;D;BQ/43;;
BQ;Banque BQ;BQ/43;20230220;51200000;CompteLib_0029;;;23B18;20230220;EcritureLib_0083;20241009;0,00;304,45;C;BQ/43;;
BQ;Banque BQ;BQ/44;20230222;41100000;CompteLib_0017;BRATS;LES PETITS BRATS ;23B41;20230222;EcritureLib_0096;20241009;0,00;3864,00;C;BQ/44;B;20240503
BQ;Banque BQ;BQ/44;20230222;51200000;CompteLib_0029;;;23B41;20230222;EcritureLib_0096;20241009;3864,00;0,00;D;BQ/44;;
BQ;Banque BQ;BQ/45;20230222;40100000;CompteLib_0032;FMETRO;METRO;23B42;20230222;EcritureLib_0097;20241009;437,96;0,00;D;BQ/45;D;20240430
BQ;Banque BQ;BQ/45;20230222;51200000;CompteLib_0029;;;23B42;20230222;EcritureLib_0097;20241009;0,00;437,96;C;BQ/45;;
BQ;Banque BQ;BQ/46;20230222;41100000;CompteLib_0017;ATOM;ATOM CITY ;23B40;20230222;EcritureLib_0076;20241009;0,00;1350,00;C;BQ/46;I;20240507
BQ;Banque BQ;BQ/46;20230222;51200000;CompteLib_0029;;;23B40;20230222;EcritureLib_0076;20241009;1350,00;0,00;D;BQ/46;;
BQ;Banque BQ;BQ/47;20230222;61321000;CompteLib_0046;;;23B21;20230222;EcritureLib_0098;20241009;4037,00;0,00;D;BQ/47;;
BQ;Banque BQ;BQ/47;20230222;44566100;CompteLib_0020;;;23B21;20230222;EcritureLib_0098;20241009;807,40;0,00;D;BQ/47;;
BQ;Banque BQ;BQ/47;20230222;51200000;CompteLib_0029;;;23B21;20230222;EcritureLib_0098;20241009;0,00;4844,40;C;BQ/47;;
BQ;Banque BQ;BQ/48;20230222;41100000;CompteLib_0017;CDIVERS;DIVERS;23B39;20230222;EcritureLib_0076;20241009;0,00;400,00;C;BQ/48;C;20240506
BQ;Banque BQ;BQ/48;20230222;51200000;CompteLib_0029;;;23B39;20230222;EcritureLib_0076;20241009;400,00;0,00;D;BQ/48;;
BQ;Banque BQ;BQ/49;20230224;60610000;CompteLib_0048;;;23B44;20230224;EcritureLib_0099;20241009;636,13;0,00;D;BQ/49;;
BQ;Banque BQ;BQ/49;20230224;44566100;CompteLib_0020;;;23B44;20230224;EcritureLib_0099;20241009;127,23;0,00;D;BQ/49;;
BQ;Banque BQ;BQ/49;20230224;51200000;CompteLib_0029;;;23B44;20230224;EcritureLib_0099;20241009;0,00;763,36;C;BQ/49;;
BQ;Banque BQ;BQ/50;20230225;41100000;CompteLib_0017;CAFC;A.F.C BATIMENT PIECE BROUETTE;23B45;20230225;EcritureLib_0100;20241009;0,00;1000,00;C;BQ/50;A;20240506
BQ;Banque BQ;BQ/50;20230225;51200000;CompteLib_0029;;;23B45;20230225;EcritureLib_0100;20241009;1000,00;0,00;D;BQ/50;;
BQ;Banque BQ;BQ/51;20230226;41100000;CompteLib_0017;CTDE;TDE  CONSULTING & MANAGEMENT;23B47;20230226;EcritureLib_0101;20241009;0,00;500,00;C;BQ/51;A;20240506
BQ;Banque BQ;BQ/51;20230226;51200000;CompteLib_0029;;;23B47;20230226;EcritureLib_0101;20241009;500,00;0,00;D;BQ/51;;
BQ;Banque BQ;BQ/52;20230227;41100000;CompteLib_0017;CAYAD;AYAD PATRICK;23B50;20230227;EcritureLib_0102;20241009;0,00;500,00;C;BQ/52;A;20240506
BQ;Banque BQ;BQ/52;20230227;51200000;CompteLib_0029;;;23B50;20230227;EcritureLib_0102;20241009;500,00;0,00;D;BQ/52;;
BQ;Banque BQ;BQ/53;20230227;62600000;CompteLib_0047;;;23B49;20230227;EcritureLib_0103;20241009;22,48;0,00;D;BQ/53;;
BQ;Banque BQ;BQ/53;20230227;44566100;CompteLib_0020;;;23B49;20230227;EcritureLib_0103;20241009;4,50;0,00;D;BQ/53;;
BQ;Banque BQ;BQ/53;20230227;51200000;CompteLib_0029;;;23B49;20230227;EcritureLib_0103;20241009;0,00;26,98;C;BQ/53;;
BQ;Banque BQ;BQ/54;20230227;41100000;CompteLib_0017;CNICOLETTI;DORIAN NICOLETTI;23B51;20230227;EcritureLib_0104;20241009;0,00;500,00;C;BQ/54;A;20240506
BQ;Banque BQ;BQ/54;20230227;51200000;CompteLib_0029;;;23B51;20230227;EcritureLib_0104;20241009;500,00;0,00;D;BQ/54;;
BQ;Banque BQ;BQ/55;20230228;41100000;CompteLib_0017;CPETITQUEUX;Stephane Petitqueux;23B58;20230228;EcritureLib_0105;20241009;0,00;500,00;C;BQ/55;A;20240506
BQ;Banque BQ;BQ/55;20230228;51200000;CompteLib_0029;;;23B58;20230228;EcritureLib_0105;20241009;500,00;0,00;D;BQ/55;;
BQ;Banque BQ;BQ/56;20230228;41100000;CompteLib_0017;CBOURSICOT;MICKAEL BOURSICOT;23B55;20230228;EcritureLib_0106;20241009;0,00;500,00;C;BQ/56;B;20240506
BQ;Banque BQ;BQ/56;20230228;51200000;CompteLib_0029;;;23B55;20230228;EcritureLib_0106;20241009;500,00;0,00;D;BQ/56;;
BQ;Banque BQ;BQ/57;20230228;41100000;CompteLib_0017;CDIVERS;DIVERS;23B57;20230228;EcritureLib_0076;20241009;0,00;420,00;C;BQ/57;D;20240506
BQ;Banque BQ;BQ/57;20230228;51200000;CompteLib_0029;;;23B57;20230228;EcritureLib_0076;20241009;420,00;0,00;D;BQ/57;;
BQ;Banque BQ;BQ/58;20230228;41100000;CompteLib_0017;ATOM;ATOM CITY ;23B56;20230228;EcritureLib_0076;20241009;0,00;1300,00;C;BQ/58;I;20240507
BQ;Banque BQ;BQ/58;20230228;51200000;CompteLib_0029;;;23B56;20230228;EcritureLib_0076;20241009;1300,00;0,00;D;BQ/58;;
BQ;Banque BQ;BQ/59;20230301;41100000;CompteLib_0017;CDIBELLA;CARMELO DI BELLA;23C1;20230301;EcritureLib_0107;20241009;0,00;500,00;C;BQ/59;A;20240506
BQ;Banque BQ;BQ/59;20230301;51200000;CompteLib_0029;;;23C1;20230301;EcritureLib_0107;20241009;500,00;0,00;D;BQ/59;;
BQ;Banque BQ;BQ/60;20230302;41100000;CompteLib_0017;CBELLAIZE;BELLAIZE;23C3;20230302;EcritureLib_0108;20241009;0,00;500,00;C;BQ/60;A;20240506
BQ;Banque BQ;BQ/60;20230302;51200000;CompteLib_0029;;;23C3;20230302;EcritureLib_0108;20241009;500,00;0,00;D;BQ/60;;
BQ;Banque BQ;BQ/61;20230302;41100000;CompteLib_0017;CENAAIM;HAFID ENAAIM;23C4;20230302;EcritureLib_0109;20241009;0,00;500,00;C;BQ/61;A;20240506
BQ;Banque BQ;BQ/61;20230302;51200000;CompteLib_0029;;;23C4;20230302;EcritureLib_0109;20241009;500,00;0,00;D;BQ/61;;
BQ;Banque BQ;BQ/62;20230303;41100000;CompteLib_0017;CRAGONNET;RAGONNET ADRIEN;23C6;20230303;EcritureLib_0110;20241009;0,00;500,00;C;BQ/62;A;20240506
BQ;Banque BQ;BQ/62;20230303;51200000;CompteLib_0029;;;23C6;20230303;EcritureLib_0110;20241009;500,00;0,00;D;BQ/62;;
BQ;Banque BQ;BQ/63;20230304;66100000;CompteLib_0042;;;23C10;20230304;EcritureLib_0068;20241009;1,94;0,00;D;BQ/63;;
BQ;Banque BQ;BQ/63;20230304;51200000;CompteLib_0029;;;23C10;20230304;EcritureLib_0068;20241009;0,00;1,94;C;BQ/63;;
BQ;Banque BQ;BQ/64;20230304;66100000;CompteLib_0042;;;23C9;20230304;EcritureLib_0069;20241009;11,04;0,00;D;BQ/64;;
BQ;Banque BQ;BQ/64;20230304;51200000;CompteLib_0029;;;23C9;20230304;EcritureLib_0069;20241009;0,00;11,04;C;BQ/64;;
BQ;Banque BQ;BQ/65;20230304;41100000;CompteLib_0017;CDELEBASSEE;DAVID DELABASSEE;23C11;20230304;EcritureLib_0111;20241009;0,00;500,00;C;BQ/65;A;20240506
BQ;Banque BQ;BQ/65;20230304;51200000;CompteLib_0029;;;23C11;20230304;EcritureLib_0111;20241009;500,00;0,00;D;BQ/65;;
BQ;Banque BQ;BQ/66;20230304;16400000;CompteLib_0004;;;23C8;20230304;EcritureLib_0070;20241009;635,05;0,00;D;BQ/66;;
BQ;Banque BQ;BQ/66;20230304;51200000;CompteLib_0029;;;23C8;20230304;EcritureLib_0070;20241009;0,00;635,05;C;BQ/66;;
BQ;Banque BQ;BQ/67;20230305;41100000;CompteLib_0017;CJOSSEAUME;JOSSEAUME BENJAMIN;23C13;20230305;EcritureLib_0112;20241009;0,00;500,00;C;BQ/67;A;20240506
BQ;Banque BQ;BQ/67;20230305;51200000;CompteLib_0029;;;23C13;20230305;EcritureLib_0112;20241009;500,00;0,00;D;BQ/67;;
BQ;Banque BQ;BQ/68;20230305;64100000;CompteLib_0044;;;23C14;20230305;EcritureLib_0091;20241009;500,00;0,00;D;BQ/68;;
BQ;Banque BQ;BQ/68;20230305;51200000;CompteLib_0029;;;23C14;20230305;EcritureLib_0091;20241009;0,00;500,00;C;BQ/68;;
BQ;Banque BQ;BQ/69;20230306;60700000;CompteLib_0049;;;23C18;20230306;EcritureLib_0113;20241009;5000,00;0,00;D;BQ/69;;
BQ;Banque BQ;BQ/69;20230306;51200000;CompteLib_0029;;;23C18;20230306;EcritureLib_0113;20241009;0,00;5000,00;C;BQ/69;;
BQ;Banque BQ;BQ/70;20230307;40100000;CompteLib_0032;FELOISE;ELOISE TRANSPORT;23C19;20230307;EcritureLib_0114;20241009;252,00;0,00;D;BQ/70;A;20240816
BQ;Banque BQ;BQ/70;20230307;51200000;CompteLib_0029;;;23C19;20230307;EcritureLib_0114;20241009;0,00;252,00;C;BQ/70;;
BQ;Banque BQ;BQ/71;20230308;41100000;CompteLib_0017;CGIANNETTI;PATRICE GIANNETTI;23C20;20230308;EcritureLib_0115;20241009;0,00;500,00;C;BQ/71;A;20240506
BQ;Banque BQ;BQ/71;20230308;51200000;CompteLib_0029;;;23C20;20230308;EcritureLib_0115;20241009;500,00;0,00;D;BQ/71;;
BQ;Banque BQ;BQ/72;20230308;41100000;CompteLib_0017;ATOM;ATOM CITY ;23C21;20230308;EcritureLib_0076;20241009;0,00;1100,00;C;BQ/72;I;20240507
BQ;Banque BQ;BQ/72;20230308;51200000;CompteLib_0029;;;23C21;20230308;EcritureLib_0076;20241009;1100,00;0,00;D;BQ/72;;
BQ;Banque BQ;BQ/73;20230309;41100000;CompteLib_0017;CCAMUS;CAMUS THIBAULT;23C23;20230309;EcritureLib_0116;20241009;0,00;500,00;C;BQ/73;A;20240506
BQ;Banque BQ;BQ/73;20230309;51200000;CompteLib_0029;;;23C23;20230309;EcritureLib_0116;20241009;500,00;0,00;D;BQ/73;;
BQ;Banque BQ;BQ/74;20230310;62700000;CompteLib_0043;;;23C25;20230310;EcritureLib_0117;20241009;74,60;0,00;D;BQ/74;;
BQ;Banque BQ;BQ/74;20230310;51200000;CompteLib_0029;;;23C25;20230310;EcritureLib_0117;20241009;0,00;74,60;C;BQ/74;;
BQ;Banque BQ;BQ/75;20230310;64660000;CompteLib_0045;;;23C26;20230310;EcritureLib_0074;20241009;44,39;0,00;D;BQ/75;;
BQ;Banque BQ;BQ/75;20230310;51200000;CompteLib_0029;;;23C26;20230310;EcritureLib_0074;20241009;0,00;44,39;C;BQ/75;;
BQ;Banque BQ;BQ/76;20230313;40100000;CompteLib_0032;FBRICO;BRICO DEPOT;23C28;20230313;EcritureLib_0118;20241009;71,38;0,00;D;BQ/76;B;20240430
BQ;Banque BQ;BQ/76;20230313;51200000;CompteLib_0029;;;23C28;20230313;EcritureLib_0118;20241009;0,00;71,38;C;BQ/76;;
BQ;Banque BQ;BQ/77;20230315;41100000;CompteLib_0017;DIVERS;RIFFEATER;23C32;20230315;EcritureLib_0076;20241009;0,00;35,00;C;BQ/77;U;20240507
BQ;Banque BQ;BQ/77;20230315;51200000;CompteLib_0029;;;23C32;20230315;EcritureLib_0076;20241009;35,00;0,00;D;BQ/77;;
BQ;Banque BQ;BQ/78;20230315;40100000;CompteLib_0032;FSTC;STC;23C30;20230315;EcritureLib_0086;20241009;540,00;0,00;D;BQ/78;C;20240427
BQ;Banque BQ;BQ/78;20230315;51200000;CompteLib_0029;;;23C30;20230315;EcritureLib_0086;20241009;0,00;540,00;C;BQ/78;;
BQ;Banque BQ;BQ/79;20230315;41100000;CompteLib_0017;ATOM;ATOM CITY ;23C31;20230315;EcritureLib_0076;20241009;0,00;49,07;C;BQ/79;I;20240507
BQ;Banque BQ;BQ/79;20230315;51200000;CompteLib_0029;;;23C31;20230315;EcritureLib_0076;20241009;49,07;0,00;D;BQ/79;;
BQ;Banque BQ;BQ/79;20230315;41100000;CompteLib_0017;ATOM;ATOM CITY ;23C31;20230315;EcritureLib_0076;20241009;0,00;1000,93;C;BQ/79;B;20240506
BQ;Banque BQ;BQ/79;20230315;51200000;CompteLib_0029;;;23C31;20230315;EcritureLib_0076;20241009;1000,93;0,00;D;BQ/79;;
BQ;Banque BQ;BQ/80;20230315;40100000;CompteLib_0032;FSTC;STC;23C29;20230315;EcritureLib_0086;20241009;238,80;0,00;D;BQ/80;C;20240427
BQ;Banque BQ;BQ/80;20230315;51200000;CompteLib_0029;;;23C29;20230315;EcritureLib_0086;20241009;0,00;238,80;C;BQ/80;;
BQ;Banque BQ;BQ/81;20230315;60616000;CompteLib_0048;;;23C33;20230315;EcritureLib_0119;20241009;24,37;0,00;D;BQ/81;;
BQ;Banque BQ;BQ/81;20230315;51200000;CompteLib_0029;;;23C33;20230315;EcritureLib_0119;20241009;0,00;24,37;C;BQ/81;;
BQ;Banque BQ;BQ/82;20230320;16401000;CompteLib_0005;;;23C35;20230320;EcritureLib_0083;20241009;304,45;0,00;D;BQ/82;;
BQ;Banque BQ;BQ/82;20230320;51200000;CompteLib_0029;;;23C35;20230320;EcritureLib_0083;20241009;0,00;304,45;C;BQ/82;;
BQ;Banque BQ;BQ/83;20230320;60700000;CompteLib_0049;;;23C34;20230320;EcritureLib_0120;20241009;10000,00;0,00;D;BQ/83;;
BQ;Banque BQ;BQ/83;20230320;51200000;CompteLib_0029;;;23C34;20230320;EcritureLib_0120;20241009;0,00;10000,00;C;BQ/83;;
BQ;Banque BQ;BQ/84;20230321;61321000;CompteLib_0046;;;23C37;20230321;EcritureLib_0121;20241009;4037,00;0,00;D;BQ/84;;
BQ;Banque BQ;BQ/84;20230321;44566100;CompteLib_0020;;;23C37;20230321;EcritureLib_0121;20241009;807,40;0,00;D;BQ/84;;
BQ;Banque BQ;BQ/84;20230321;51200000;CompteLib_0029;;;23C37;20230321;EcritureLib_0121;20241009;0,00;4844,40;C;BQ/84;;
BQ;Banque BQ;BQ/85;20230321;41100000;CompteLib_0017;CKADDOUR;KADDOUR RANI;23C36;20230321;EcritureLib_0122;20241009;0,00;400,00;C;BQ/85;A;20240506
BQ;Banque BQ;BQ/85;20230321;51200000;CompteLib_0029;;;23C36;20230321;EcritureLib_0122;20241009;400,00;0,00;D;BQ/85;;
BQ;Banque BQ;BQ/86;20230322;41100000;CompteLib_0017;CBOURSICOT;MICKAEL BOURSICOT;23C40;20230322;EcritureLib_0123;20241009;0,00;400,00;C;BQ/86;B;20240506
BQ;Banque BQ;BQ/86;20230322;51200000;CompteLib_0029;;;23C40;20230322;EcritureLib_0123;20241009;400,00;0,00;D;BQ/86;;
BQ;Banque BQ;BQ/87;20230322;41100000;CompteLib_0017;CROSSETTI;ROSSETTI GIAN-CARLO;23C41;20230322;EcritureLib_0124;20241009;0,00;400,00;C;BQ/87;A;20240506
BQ;Banque BQ;BQ/87;20230322;51200000;CompteLib_0029;;;23C41;20230322;EcritureLib_0124;20241009;400,00;0,00;D;BQ/87;;
BQ;Banque BQ;BQ/88;20230322;41100000;CompteLib_0017;ATOM;ATOM CITY ;23C39;20230322;EcritureLib_0076;20241009;0,00;1100,00;C;BQ/88;B;20240506
BQ;Banque BQ;BQ/88;20230322;51200000;CompteLib_0029;;;23C39;20230322;EcritureLib_0076;20241009;1100,00;0,00;D;BQ/88;;
BQ;Banque BQ;BQ/89;20230322;41100000;CompteLib_0017;CFERNANDES;JIMMY FERNANDES;23C43;20230322;EcritureLib_0125;20241009;0,00;400,00;C;BQ/89;A;20240506
BQ;Banque BQ;BQ/89;20230322;51200000;CompteLib_0029;;;23C43;20230322;EcritureLib_0125;20241009;400,00;0,00;D;BQ/89;;
BQ;Banque BQ;BQ/90;20230322;41100000;CompteLib_0017;CLOPEZ;MICHAEL LOPEZ;23C42;20230322;EcritureLib_0126;20241009;0,00;400,00;C;BQ/90;A;20240506
BQ;Banque BQ;BQ/90;20230322;51200000;CompteLib_0029;;;23C42;20230322;EcritureLib_0126;20241009;400,00;0,00;D;BQ/90;;
BQ;Banque BQ;BQ/91;20230323;41100000;CompteLib_0017;CGRAUL;GRAUL JULIEN;23C45;20230323;EcritureLib_0127;20241009;0,00;400,00;C;BQ/91;A;20240506
BQ;Banque BQ;BQ/91;20230323;51200000;CompteLib_0029;;;23C45;20230323;EcritureLib_0127;20241009;400,00;0,00;D;BQ/91;;
BQ;Banque BQ;BQ/92;20230323;41100000;CompteLib_0017;CKADDOUR;KADDOUR RANI;23C46;20230323;EcritureLib_0128;20241009;0,00;400,00;C;BQ/92;B;20240506
BQ;Banque BQ;BQ/92;20230323;51200000;CompteLib_0029;;;23C46;20230323;EcritureLib_0128;20241009;400,00;0,00;D;BQ/92;;
BQ;Banque BQ;BQ/93;20230323;41100000;CompteLib_0017;CHANIKEN;LAURENT HANIKEN;23C47;20230323;EcritureLib_0129;20241009;0,00;400,00;C;BQ/93;A;20240507
BQ;Banque BQ;BQ/93;20230323;51200000;CompteLib_0029;;;23C47;20230323;EcritureLib_0129;20241009;400,00;0,00;D;BQ/93;;
BQ;Banque BQ;BQ/94;20230324;41100000;CompteLib_0017;CTOURTEAU;FRANCK TOURTEAU;23C49;20230324;EcritureLib_0130;20241009;0,00;800,00;C;BQ/94;A;20240506
BQ;Banque BQ;BQ/94;20230324;51200000;CompteLib_0029;;;23C49;20230324;EcritureLib_0130;20241009;800,00;0,00;D;BQ/94;;
BQ;Banque BQ;BQ/95;20230324;41100000;CompteLib_0017;CBEDOGNI;BEDOGNI NICOLAS;23C50;20230324;EcritureLib_0131;20241009;0,00;400,00;C;BQ/95;A;20240507
BQ;Banque BQ;BQ/95;20230324;51200000;CompteLib_0029;;;23C50;20230324;EcritureLib_0131;20241009;400,00;0,00;D;BQ/95;;
BQ;Banque BQ;BQ/96;20230326;41100000;CompteLib_0017;CVANDERHEY;VANDERHEYDEN OLIVIER;23C53;20230326;EcritureLib_0132;20241009;0,00;400,00;C;BQ/96;A;20240506
BQ;Banque BQ;BQ/96;20230326;51200000;CompteLib_0029;;;23C53;20230326;EcritureLib_0132;20241009;400,00;0,00;D;BQ/96;;
BQ;Banque BQ;BQ/97;20230326;41100000;CompteLib_0017;CLIBOT;GUILLAUME LIBOT;23C54;20230326;EcritureLib_0133;20241009;0,00;400,00;C;BQ/97;A;20240506
BQ;Banque BQ;BQ/97;20230326;51200000;CompteLib_0029;;;23C54;20230326;EcritureLib_0133;20241009;400,00;0,00;D;BQ/97;;
BQ;Banque BQ;BQ/98;20230327;40100000;CompteLib_0032;FMETRO;METRO;23C60;20230327;EcritureLib_0134;20241009;431,02;0,00;D;BQ/98;B;20240430
BQ;Banque BQ;BQ/98;20230327;51200000;CompteLib_0029;;;23C60;20230327;EcritureLib_0134;20241009;0,00;431,02;C;BQ/98;;
BQ;Banque BQ;BQ/99;20230327;41100000;CompteLib_0017;CPERROT;THOMAS PERROT;23C56;20230327;EcritureLib_0135;20241009;0,00;400,00;C;BQ/99;A;20240506
BQ;Banque BQ;BQ/99;20230327;51200000;CompteLib_0029;;;23C56;20230327;EcritureLib_0135;20241009;400,00;0,00;D;BQ/99;;
BQ;Banque BQ;BQ/100;20230327;60610000;CompteLib_0048;;;23C57;20230327;EcritureLib_0136;20241009;575,31;0,00;D;BQ/100;;
BQ;Banque BQ;BQ/100;20230327;44566100;CompteLib_0020;;;23C57;20230327;EcritureLib_0136;20241009;115,06;0,00;D;BQ/100;;
BQ;Banque BQ;BQ/100;20230327;51200000;CompteLib_0029;;;23C57;20230327;EcritureLib_0136;20241009;0,00;690,37;C;BQ/100;;
BQ;Banque BQ;BQ/101;20230327;62600000;CompteLib_0047;;;23C58;20230327;EcritureLib_0137;20241009;22,48;0,00;D;BQ/101;;
BQ;Banque BQ;BQ/101;20230327;44566100;CompteLib_0020;;;23C58;20230327;EcritureLib_0137;20241009;4,50;0,00;D;BQ/101;;
BQ;Banque BQ;BQ/101;20230327;51200000;CompteLib_0029;;;23C58;20230327;EcritureLib_0137;20241009;0,00;26,98;C;BQ/101;;
BQ;Banque BQ;BQ/102;20230327;41100000;CompteLib_0017;CCHIPO;JEAN BAPTISTE CHIPO;23C59;20230327;EcritureLib_0138;20241009;0,00;400,00;C;BQ/102;A;20240506
BQ;Banque BQ;BQ/102;20230327;51200000;CompteLib_0029;;;23C59;20230327;EcritureLib_0138;20241009;400,00;0,00;D;BQ/102;;
BQ;Banque BQ;BQ/103;20230328;40100000;CompteLib_0032;FNPM;NPM;23C64;20230328;EcritureLib_0139;20241009;33,20;0,00;D;BQ/103;A;20240430
BQ;Banque BQ;BQ/103;20230328;51200000;CompteLib_0029;;;23C64;20230328;EcritureLib_0139;20241009;0,00;33,20;C;BQ/103;;
BQ;Banque BQ;BQ/104;20230328;41100000;CompteLib_0017;CGIUDICE;GIUDICE FRANCOIS;23C63;20230328;EcritureLib_0140;20241009;0,00;1800,00;C;BQ/104;A;20240506
BQ;Banque BQ;BQ/104;20230328;51200000;CompteLib_0029;;;23C63;20230328;EcritureLib_0140;20241009;1800,00;0,00;D;BQ/104;;
BQ;Banque BQ;BQ/105;20230330;41100000;CompteLib_0017;CBOUACHIBA;Bilel Bouachiba;23C66;20230330;EcritureLib_0141;20241009;0,00;400,00;C;BQ/105;A;20240506
BQ;Banque BQ;BQ/105;20230330;51200000;CompteLib_0029;;;23C66;20230330;EcritureLib_0141;20241009;400,00;0,00;D;BQ/105;;
BQ;Banque BQ;BQ/106;20230331;40100000;CompteLib_0032;FRENT;RENT AND DROP;23C68;20230331;EcritureLib_0142;20241009;196,80;0,00;D;BQ/106;A;20240816
BQ;Banque BQ;BQ/106;20230331;51200000;CompteLib_0029;;;23C68;20230331;EcritureLib_0142;20241009;0,00;196,80;C;BQ/106;;
BQ;Banque BQ;BQ/107;20230403;61351000;CompteLib_0050;;;23D3;20230403;EcritureLib_0143;20241009;197,94;0,00;D;BQ/107;;
BQ;Banque BQ;BQ/107;20230403;44566100;CompteLib_0020;;;23D3;20230403;EcritureLib_0143;20241009;39,59;0,00;D;BQ/107;;
BQ;Banque BQ;BQ/107;20230403;51200000;CompteLib_0029;;;23D3;20230403;EcritureLib_0143;20241009;0,00;237,53;C;BQ/107;;
BQ;Banque BQ;BQ/108;20230403;64100000;CompteLib_0044;;;23D1;20230403;EcritureLib_0144;20241009;500,00;0,00;D;BQ/108;;
BQ;Banque BQ;BQ/108;20230403;51200000;CompteLib_0029;;;23D1;20230403;EcritureLib_0144;20241009;0,00;500,00;C;BQ/108;;
BQ;Banque BQ;BQ/109;20230403;60700000;CompteLib_0049;;;23D2;20230403;EcritureLib_0145;20241009;3000,00;0,00;D;BQ/109;;
BQ;Banque BQ;BQ/109;20230403;51200000;CompteLib_0029;;;23D2;20230403;EcritureLib_0145;20241009;0,00;3000,00;C;BQ/109;;
BQ;Banque BQ;BQ/110;20230404;60630000;CompteLib_0036;;;23D7;20230404;EcritureLib_0146;20241009;113,88;0,00;D;BQ/110;;
BQ;Banque BQ;BQ/110;20230404;44566100;CompteLib_0020;;;23D7;20230404;EcritureLib_0146;20241009;22,78;0,00;D;BQ/110;;
BQ;Banque BQ;BQ/110;20230404;51200000;CompteLib_0029;;;23D7;20230404;EcritureLib_0146;20241009;0,00;136,66;C;BQ/110;;
BQ;Banque BQ;BQ/111;20230405;41100000;CompteLib_0017;CCOLLECTOR;COLLECTOR PINBALL INDUSTRIE;23D10;20230405;EcritureLib_0147;20241009;0,00;1800,00;C;BQ/111;A;20240506
BQ;Banque BQ;BQ/111;20230405;51200000;CompteLib_0029;;;23D10;20230405;EcritureLib_0147;20241009;1800,00;0,00;D;BQ/111;;
BQ;Banque BQ;BQ/112;20230405;60630000;CompteLib_0036;;;23D9;20230405;EcritureLib_0148;20241009;15,73;0,00;D;BQ/112;;
BQ;Banque BQ;BQ/112;20230405;44566100;CompteLib_0020;;;23D9;20230405;EcritureLib_0148;20241009;3,15;0,00;D;BQ/112;;
BQ;Banque BQ;BQ/112;20230405;51200000;CompteLib_0029;;;23D9;20230405;EcritureLib_0148;20241009;0,00;18,88;C;BQ/112;;
BQ;Banque BQ;BQ/113;20230405;60616000;CompteLib_0048;;;23D8;20230405;EcritureLib_0149;20241009;45,45;0,00;D;BQ/113;;
BQ;Banque BQ;BQ/113;20230405;51200000;CompteLib_0029;;;23D8;20230405;EcritureLib_0149;20241009;0,00;45,45;C;BQ/113;;
BQ;Banque BQ;BQ/114;20230406;66100000;CompteLib_0042;;;23D14;20230406;EcritureLib_0069;20241009;11,04;0,00;D;BQ/114;;
BQ;Banque BQ;BQ/114;20230406;51200000;CompteLib_0029;;;23D14;20230406;EcritureLib_0069;20241009;0,00;11,04;C;BQ/114;;
BQ;Banque BQ;BQ/115;20230406;66100000;CompteLib_0042;;;23D15;20230406;EcritureLib_0068;20241009;1,36;0,00;D;BQ/115;;
BQ;Banque BQ;BQ/115;20230406;51200000;CompteLib_0029;;;23D15;20230406;EcritureLib_0068;20241009;0,00;1,36;C;BQ/115;;
BQ;Banque BQ;BQ/116;20230406;16400000;CompteLib_0004;;;23D13;20230406;EcritureLib_0070;20241009;635,64;0,00;D;BQ/116;;
BQ;Banque BQ;BQ/116;20230406;51200000;CompteLib_0029;;;23D13;20230406;EcritureLib_0070;20241009;0,00;635,64;C;BQ/116;;
BQ;Banque BQ;BQ/117;20230407;41100000;CompteLib_0017;BRATS;LES PETITS BRATS ;23D22;20230407;EcritureLib_0150;20241009;0,00;3864,00;C;BQ/117;B;20240503
BQ;Banque BQ;BQ/117;20230407;51200000;CompteLib_0029;;;23D22;20230407;EcritureLib_0150;20241009;3864,00;0,00;D;BQ/117;;
BQ;Banque BQ;BQ/118;20230407;41100000;CompteLib_0017;ATOM;ATOM CITY ;23D16;20230407;EcritureLib_0076;20241009;0,00;2150,00;C;BQ/118;B;20240506
BQ;Banque BQ;BQ/118;20230407;51200000;CompteLib_0029;;;23D16;20230407;EcritureLib_0076;20241009;2150,00;0,00;D;BQ/118;;
BQ;Banque BQ;BQ/119;20230407;41100000;CompteLib_0017;CDAVIDC;DAVID C;23D17;20230407;EcritureLib_0076;20241009;0,00;400,00;C;BQ/119;B;20240506
BQ;Banque BQ;BQ/119;20230407;51200000;CompteLib_0029;;;23D17;20230407;EcritureLib_0076;20241009;400,00;0,00;D;BQ/119;;
BQ;Banque BQ;BQ/120;20230407;41100000;CompteLib_0017;CLECLERCQ;BENOIT LECLERCQ;23D18;20230407;EcritureLib_0076;20241009;0,00;400,00;C;BQ/120;A;20240506
BQ;Banque BQ;BQ/120;20230407;51200000;CompteLib_0029;;;23D18;20230407;EcritureLib_0076;20241009;400,00;0,00;D;BQ/120;;
BQ;Banque BQ;BQ/121;20230407;41100000;CompteLib_0017;CGIUDICE;GIUDICE FRANCOIS;23D19;20230407;EcritureLib_0076;20241009;0,00;400,00;C;BQ/121;A;20240506
BQ;Banque BQ;BQ/121;20230407;51200000;CompteLib_0029;;;23D19;20230407;EcritureLib_0076;20241009;400,00;0,00;D;BQ/121;;
BQ;Banque BQ;BQ/122;20230407;41100000;CompteLib_0017;CCARBENAY;CARBENAY BENJAMIN;23D23;20230407;EcritureLib_0151;20241009;0,00;400,00;C;BQ/122;A;20240507
BQ;Banque BQ;BQ/122;20230407;51200000;CompteLib_0029;;;23D23;20230407;EcritureLib_0151;20241009;400,00;0,00;D;BQ/122;;
BQ;Banque BQ;BQ/123;20230407;41100000;CompteLib_0017;CDIVERS;DIVERS;23D20;20230407;EcritureLib_0076;20241009;0,00;400,00;C;BQ/123;E;20240506
BQ;Banque BQ;BQ/123;20230407;51200000;CompteLib_0029;;;23D20;20230407;EcritureLib_0076;20241009;400,00;0,00;D;BQ/123;;
BQ;Banque BQ;BQ/124;20230407;60700000;CompteLib_0049;;;23D21;20230407;EcritureLib_0152;20241009;3000,00;0,00;D;BQ/124;;
BQ;Banque BQ;BQ/124;20230407;51200000;CompteLib_0029;;;23D21;20230407;EcritureLib_0152;20241009;0,00;3000,00;C;BQ/124;;
BQ;Banque BQ;BQ/125;20230410;62700000;CompteLib_0043;;;23D25;20230410;EcritureLib_0153;20241009;92,31;0,00;D;BQ/125;;
BQ;Banque BQ;BQ/125;20230410;51200000;CompteLib_0029;;;23D25;20230410;EcritureLib_0153;20241009;0,00;92,31;C;BQ/125;;
BQ;Banque BQ;BQ/126;20230411;64660000;CompteLib_0045;;;23D26;20230411;EcritureLib_0074;20241009;44,39;0,00;D;BQ/126;;
BQ;Banque BQ;BQ/126;20230411;51200000;CompteLib_0029;;;23D26;20230411;EcritureLib_0074;20241009;0,00;44,39;C;BQ/126;;
BQ;Banque BQ;BQ/127;20230414;41100000;CompteLib_0017;ATOM;ATOM CITY ;23D27;20230414;EcritureLib_0076;20241009;0,00;33,07;C;BQ/127;B;20240506
BQ;Banque BQ;BQ/127;20230414;51200000;CompteLib_0029;;;23D27;20230414;EcritureLib_0076;20241009;33,07;0,00;D;BQ/127;;
BQ;Banque BQ;BQ/127;20230414;41100000;CompteLib_0017;ATOM;ATOM CITY ;23D27;20230414;EcritureLib_0076;20241009;0,00;441,14;C;BQ/127;C;20240506
BQ;Banque BQ;BQ/127;20230414;51200000;CompteLib_0029;;;23D27;20230414;EcritureLib_0076;20241009;441,14;0,00;D;BQ/127;;
BQ;Banque BQ;BQ/127;20230414;41100000;CompteLib_0017;ATOM;ATOM CITY ;23D27;20230414;EcritureLib_0076;20241009;0,00;825,79;C;BQ/127;D;20240506
BQ;Banque BQ;BQ/127;20230414;51200000;CompteLib_0029;;;23D27;20230414;EcritureLib_0076;20241009;825,79;0,00;D;BQ/127;;
BQ;Banque BQ;BQ/128;20230417;62510000;CompteLib_0051;;;23D29;20230417;EcritureLib_0154;20241009;1,00;0,00;D;BQ/128;;
BQ;Banque BQ;BQ/128;20230417;51200000;CompteLib_0029;;;23D29;20230417;EcritureLib_0154;20241009;0,00;1,00;C;BQ/128;;
BQ;Banque BQ;BQ/129;20230417;62310000;CompteLib_0052;;;23D28;20230417;EcritureLib_0155;20241009;153,33;0,00;D;BQ/129;;
BQ;Banque BQ;BQ/129;20230417;44566100;CompteLib_0020;;;23D28;20230417;EcritureLib_0155;20241009;30,67;0,00;D;BQ/129;;
BQ;Banque BQ;BQ/129;20230417;51200000;CompteLib_0029;;;23D28;20230417;EcritureLib_0155;20241009;0,00;184,00;C;BQ/129;;
BQ;Banque BQ;BQ/130;20230419;60616000;CompteLib_0048;;;23D30;20230419;EcritureLib_0156;20241009;52,27;0,00;D;BQ/130;;
BQ;Banque BQ;BQ/130;20230419;51200000;CompteLib_0029;;;23D30;20230419;EcritureLib_0156;20241009;0,00;52,27;C;BQ/130;;
BQ;Banque BQ;BQ/131;20230420;40100000;CompteLib_0032;FSTC;STC;23D31;20230420;EcritureLib_0086;20241009;238,80;0,00;D;BQ/131;D;20240427
BQ;Banque BQ;BQ/131;20230420;51200000;CompteLib_0029;;;23D31;20230420;EcritureLib_0086;20241009;0,00;238,80;C;BQ/131;;
BQ;Banque BQ;BQ/132;20230420;16401000;CompteLib_0005;;;23D32;20230420;EcritureLib_0157;20241009;304,45;0,00;D;BQ/132;;
BQ;Banque BQ;BQ/132;20230420;51200000;CompteLib_0029;;;23D32;20230420;EcritureLib_0157;20241009;0,00;304,45;C;BQ/132;;
BQ;Banque BQ;BQ/133;20230422;41100000;CompteLib_0017;ATOM;ATOM CITY ;23D33;20230422;EcritureLib_0076;20241009;0,00;800,00;C;BQ/133;D;20240506
BQ;Banque BQ;BQ/133;20230422;51200000;CompteLib_0029;;;23D33;20230422;EcritureLib_0076;20241009;800,00;0,00;D;BQ/133;;
BQ;Banque BQ;BQ/134;20230425;62600000;CompteLib_0047;;;23D34;20230425;EcritureLib_0158;20241009;22,48;0,00;D;BQ/134;;
BQ;Banque BQ;BQ/134;20230425;44566100;CompteLib_0020;;;23D34;20230425;EcritureLib_0158;20241009;4,50;0,00;D;BQ/134;;
BQ;Banque BQ;BQ/134;20230425;51200000;CompteLib_0029;;;23D34;20230425;EcritureLib_0158;20241009;0,00;26,98;C;BQ/134;;
BQ;Banque BQ;BQ/135;20230427;60610000;CompteLib_0048;;;23D36;20230427;EcritureLib_0159;20241009;470,74;0,00;D;BQ/135;;
BQ;Banque BQ;BQ/135;20230427;44566100;CompteLib_0020;;;23D36;20230427;EcritureLib_0159;20241009;94,15;0,00;D;BQ/135;;
BQ;Banque BQ;BQ/135;20230427;51200000;CompteLib_0029;;;23D36;20230427;EcritureLib_0159;20241009;0,00;564,89;C;BQ/135;;
BQ;Banque BQ;BQ/136;20230428;40100000;CompteLib_0032;FMETRO;METRO;23D41;20230428;EcritureLib_0160;20241009;462,24;0,00;D;BQ/136;C;20240430
BQ;Banque BQ;BQ/136;20230428;51200000;CompteLib_0029;;;23D41;20230428;EcritureLib_0160;20241009;0,00;462,24;C;BQ/136;;
BQ;Banque BQ;BQ/137;20230428;41100000;CompteLib_0017;ATOM;ATOM CITY ;23D39;20230428;EcritureLib_0076;20241009;0,00;1200,00;C;BQ/137;D;20240506
BQ;Banque BQ;BQ/137;20230428;51200000;CompteLib_0029;;;23D39;20230428;EcritureLib_0076;20241009;1200,00;0,00;D;BQ/137;;
BQ;Banque BQ;BQ/138;20230428;41100000;CompteLib_0017;BRATS;LES PETITS BRATS ;23D40;20230428;EcritureLib_0161;20241009;0,00;4044,00;C;BQ/138;B;20240503
BQ;Banque BQ;BQ/138;20230428;51200000;CompteLib_0029;;;23D40;20230428;EcritureLib_0161;20241009;4044,00;0,00;D;BQ/138;;
BQ;Banque BQ;BQ/139;20230504;41100000;CompteLib_0017;CLIMA;LIMA BENOIT;23E2;20230504;EcritureLib_0162;20241009;0,00;1251,00;C;BQ/139;A;20240506
BQ;Banque BQ;BQ/139;20230504;51200000;CompteLib_0029;;;23E2;20230504;EcritureLib_0162;20241009;1251,00;0,00;D;BQ/139;;
BQ;Banque BQ;BQ/140;20230504;44551000;CompteLib_0019;;;23E1;20230504;EcritureLib_0163;20241009;11819,00;0,00;D;BQ/140;;
BQ;Banque BQ;BQ/140;20230504;51200000;CompteLib_0029;;;23E1;20230504;EcritureLib_0163;20241009;0,00;11819,00;C;BQ/140;;
BQ;Banque BQ;BQ/141;20230505;41100000;CompteLib_0017;VENDIN;VILLE DE VENDIN LE VIEIL;23E5;20230505;EcritureLib_0095;20241009;0,00;315,00;C;BQ/141;B;20240507
BQ;Banque BQ;BQ/141;20230505;51200000;CompteLib_0029;;;23E5;20230505;EcritureLib_0095;20241009;315,00;0,00;D;BQ/141;;
BQ;Banque BQ;BQ/142;20230505;41100000;CompteLib_0017;ATOM;ATOM CITY ;23E6;20230505;EcritureLib_0076;20241009;0,00;1100,00;C;BQ/142;D;20240506
BQ;Banque BQ;BQ/142;20230505;51200000;CompteLib_0029;;;23E6;20230505;EcritureLib_0076;20241009;1100,00;0,00;D;BQ/142;;
BQ;Banque BQ;BQ/143;20230505;41100000;CompteLib_0017;CDIVERS;DIVERS;23E4;20230505;EcritureLib_0076;20241009;0,00;300,00;C;BQ/143;F;20240506
BQ;Banque BQ;BQ/143;20230505;51200000;CompteLib_0029;;;23E4;20230505;EcritureLib_0076;20241009;300,00;0,00;D;BQ/143;;
BQ;Banque BQ;BQ/144;20230506;66100000;CompteLib_0042;;;23E9;20230506;EcritureLib_0069;20241009;11,04;0,00;D;BQ/144;;
BQ;Banque BQ;BQ/144;20230506;51200000;CompteLib_0029;;;23E9;20230506;EcritureLib_0069;20241009;0,00;11,04;C;BQ/144;;
BQ;Banque BQ;BQ/145;20230506;66100000;CompteLib_0042;;;23E10;20230506;EcritureLib_0068;20241009;0,78;0,00;D;BQ/145;;
BQ;Banque BQ;BQ/145;20230506;51200000;CompteLib_0029;;;23E10;20230506;EcritureLib_0068;20241009;0,00;0,78;C;BQ/145;;
BQ;Banque BQ;BQ/146;20230506;64100000;CompteLib_0044;;;23E11;20230506;EcritureLib_0091;20241009;500,00;0,00;D;BQ/146;;
BQ;Banque BQ;BQ/146;20230506;51200000;CompteLib_0029;;;23E11;20230506;EcritureLib_0091;20241009;0,00;500,00;C;BQ/146;;
BQ;Banque BQ;BQ/147;20230506;16400000;CompteLib_0004;;;23E8;20230506;EcritureLib_0070;20241009;636,22;0,00;D;BQ/147;;
BQ;Banque BQ;BQ/147;20230506;51200000;CompteLib_0029;;;23E8;20230506;EcritureLib_0070;20241009;0,00;636,22;C;BQ/147;;
BQ;Banque BQ;BQ/148;20230508;41100000;CompteLib_0017;CSGARD;SGARD ARNAUD;23E14;20230508;EcritureLib_0164;20241009;0,00;2252,00;C;BQ/148;A;20240506
BQ;Banque BQ;BQ/148;20230508;51200000;CompteLib_0029;;;23E14;20230508;EcritureLib_0164;20241009;2252,00;0,00;D;BQ/148;;
BQ;Banque BQ;BQ/149;20230510;64660000;CompteLib_0045;;;23E16;20230510;EcritureLib_0074;20241009;44,39;0,00;D;BQ/149;;
BQ;Banque BQ;BQ/149;20230510;51200000;CompteLib_0029;;;23E16;20230510;EcritureLib_0074;20241009;0,00;44,39;C;BQ/149;;
BQ;Banque BQ;BQ/150;20230510;62700000;CompteLib_0043;;;23E15;20230510;EcritureLib_0165;20241009;92,10;0,00;D;BQ/150;;
BQ;Banque BQ;BQ/150;20230510;51200000;CompteLib_0029;;;23E15;20230510;EcritureLib_0165;20241009;0,00;92,10;C;BQ/150;;
BQ;Banque BQ;BQ/151;20230511;41100000;CompteLib_0017;ATOM;ATOM CITY ;23E21;20230511;EcritureLib_0076;20241009;0,00;1500,00;C;BQ/151;D;20240506
BQ;Banque BQ;BQ/151;20230511;51200000;CompteLib_0029;;;23E21;20230511;EcritureLib_0076;20241009;1500,00;0,00;D;BQ/151;;
BQ;Banque BQ;BQ/152;20230511;41100000;CompteLib_0017;CCOLLECTOR;COLLECTOR PINBALL INDUSTRIE;23E19;20230511;EcritureLib_0147;20241009;0,00;900,00;C;BQ/152;B;20240506
BQ;Banque BQ;BQ/152;20230511;51200000;CompteLib_0029;;;23E19;20230511;EcritureLib_0147;20241009;900,00;0,00;D;BQ/152;;
BQ;Banque BQ;BQ/153;20230511;61321000;CompteLib_0046;;;23E20;20230511;EcritureLib_0166;20241009;4037,00;0,00;D;BQ/153;;
BQ;Banque BQ;BQ/153;20230511;44566100;CompteLib_0020;;;23E20;20230511;EcritureLib_0166;20241009;807,40;0,00;D;BQ/153;;
BQ;Banque BQ;BQ/153;20230511;51200000;CompteLib_0029;;;23E20;20230511;EcritureLib_0166;20241009;0,00;4844,40;C;BQ/153;;
BQ;Banque BQ;BQ/154;20230511;41100000;CompteLib_0017;BRATS;LES PETITS BRATS ;23E22;20230511;EcritureLib_0167;20241009;0,00;4044,00;C;BQ/154;G;20240507
BQ;Banque BQ;BQ/154;20230511;51200000;CompteLib_0029;;;23E22;20230511;EcritureLib_0167;20241009;4044,00;0,00;D;BQ/154;;
BQ;Banque BQ;BQ/155;20230512;41100000;CompteLib_0017;CSANDELION;SANDELION PIERRE;23E26;20230512;EcritureLib_0168;20241009;0,00;1728,00;C;BQ/155;A;20240506
BQ;Banque BQ;BQ/155;20230512;51200000;CompteLib_0029;;;23E26;20230512;EcritureLib_0168;20241009;1728,00;0,00;D;BQ/155;;
BQ;Banque BQ;BQ/156;20230512;41100000;CompteLib_0017;CLIBOT;GUILLAUME LIBOT;23E29;20230512;EcritureLib_0169;20241009;0,00;704,00;C;BQ/156;A;20240506
BQ;Banque BQ;BQ/156;20230512;51200000;CompteLib_0029;;;23E29;20230512;EcritureLib_0169;20241009;704,00;0,00;D;BQ/156;;
BQ;Banque BQ;BQ/157;20230512;41100000;CompteLib_0017;CAMISMANDELA;LES AMIS DE MANDELA;23E24;20230512;EcritureLib_0170;20241009;0,00;800,00;C;BQ/157;A;20240506
BQ;Banque BQ;BQ/157;20230512;51200000;CompteLib_0029;;;23E24;20230512;EcritureLib_0170;20241009;800,00;0,00;D;BQ/157;;
BQ;Banque BQ;BQ/158;20230512;41100000;CompteLib_0017;CAYAD;AYAD PATRICK;23E27;20230512;EcritureLib_0171;20241009;0,00;1472,00;C;BQ/158;A;20240506
BQ;Banque BQ;BQ/158;20230512;51200000;CompteLib_0029;;;23E27;20230512;EcritureLib_0171;20241009;1472,00;0,00;D;BQ/158;;
BQ;Banque BQ;BQ/159;20230512;16410000;CompteLib_0053;;;23E28;20230512;EcritureLib_0172;20241009;0,00;10000,00;C;BQ/159;;
BQ;Banque BQ;BQ/159;20230512;51200000;CompteLib_0029;;;23E28;20230512;EcritureLib_0172;20241009;10000,00;0,00;D;BQ/159;;
BQ;Banque BQ;BQ/160;20230512;41100000;CompteLib_0017;CASSOORDI;ASSO ORDI RETRO;23E25;20230512;EcritureLib_0173;20241009;0,00;1300,00;C;BQ/160;A;20240506
BQ;Banque BQ;BQ/160;20230512;51200000;CompteLib_0029;;;23E25;20230512;EcritureLib_0173;20241009;1300,00;0,00;D;BQ/160;;
BQ;Banque BQ;BQ/161;20230513;41100000;CompteLib_0017;CLIBOT;GUILLAUME LIBOT;23E33;20230513;EcritureLib_0174;20241009;0,00;50,00;C;BQ/161;A;20240506
BQ;Banque BQ;BQ/161;20230513;51200000;CompteLib_0029;;;23E33;20230513;EcritureLib_0174;20241009;50,00;0,00;D;BQ/161;;
BQ;Banque BQ;BQ/162;20230515;41100000;CompteLib_0017;CAFC;A.F.C BATIMENT PIECE BROUETTE;23E34;20230515;EcritureLib_0175;20241009;0,00;2788,00;C;BQ/162;A;20240506
BQ;Banque BQ;BQ/162;20230515;51200000;CompteLib_0029;;;23E34;20230515;EcritureLib_0175;20241009;2788,00;0,00;D;BQ/162;;
BQ;Banque BQ;BQ/163;20230515;40100000;CompteLib_0032;FRAJA;RAJA;23E36;20230515;EcritureLib_0176;20241009;298,92;0,00;D;BQ/163;A;20240430
BQ;Banque BQ;BQ/163;20230515;51200000;CompteLib_0029;;;23E36;20230515;EcritureLib_0176;20241009;0,00;298,92;C;BQ/163;;
BQ;Banque BQ;BQ/164;20230515;41100000;CompteLib_0017;ATOM;ATOM CITY ;23E35;20230515;EcritureLib_0076;20241009;0,00;1000,00;C;BQ/164;D;20240506
BQ;Banque BQ;BQ/164;20230515;51200000;CompteLib_0029;;;23E35;20230515;EcritureLib_0076;20241009;1000,00;0,00;D;BQ/164;;
BQ;Banque BQ;BQ/165;20230516;45100000;CompteLib_0054;;;23E38;20230516;EcritureLib_0177;20241009;23000,00;0,00;D;BQ/165;;
BQ;Banque BQ;BQ/165;20230516;51200000;CompteLib_0029;;;23E38;20230516;EcritureLib_0177;20241009;0,00;23000,00;C;BQ/165;;
BQ;Banque BQ;BQ/166;20230517;62600000;CompteLib_0047;;;23E44;20230517;EcritureLib_0178;20241009;5,58;0,00;D;BQ/166;;
BQ;Banque BQ;BQ/166;20230517;44566100;CompteLib_0020;;;23E44;20230517;EcritureLib_0178;20241009;1,12;0,00;D;BQ/166;;
BQ;Banque BQ;BQ/166;20230517;51200000;CompteLib_0029;;;23E44;20230517;EcritureLib_0178;20241009;0,00;6,70;C;BQ/166;;
BQ;Banque BQ;BQ/167;20230517;40910000;CompteLib_0016;;;23E43;20230517;EcritureLib_0179;20241009;5000,00;0,00;D;BQ/167;;
BQ;Banque BQ;BQ/167;20230517;51200000;CompteLib_0029;;;23E43;20230517;EcritureLib_0179;20241009;0,00;5000,00;C;BQ/167;;
BQ;Banque BQ;BQ/168;20230520;16401000;CompteLib_0005;;;23E45;20230520;EcritureLib_0180;20241009;304,45;0,00;D;BQ/168;;
BQ;Banque BQ;BQ/168;20230520;51200000;CompteLib_0029;;;23E45;20230520;EcritureLib_0180;20241009;0,00;304,45;C;BQ/168;;
BQ;Banque BQ;BQ/169;20230522;41100000;CompteLib_0017;CBELLAIZE;BELLAIZE;23E46;20230522;EcritureLib_0181;20241009;0,00;1200,00;C;BQ/169;A;20240506
BQ;Banque BQ;BQ/169;20230522;51200000;CompteLib_0029;;;23E46;20230522;EcritureLib_0181;20241009;1200,00;0,00;D;BQ/169;;
BQ;Banque BQ;BQ/170;20230524;41100000;CompteLib_0017;CPERROT;THOMAS PERROT;23E48;20230524;EcritureLib_0182;20241009;0,00;1014,00;C;BQ/170;A;20240506
BQ;Banque BQ;BQ/170;20230524;51200000;CompteLib_0029;;;23E48;20230524;EcritureLib_0182;20241009;1014,00;0,00;D;BQ/170;;
BQ;Banque BQ;BQ/171;20230524;40100000;CompteLib_0032;FELOISE;ELOISE TRANSPORT;23E50;20230524;EcritureLib_0183;20241009;1626,00;0,00;D;BQ/171;;
BQ;Banque BQ;BQ/171;20230524;51200000;CompteLib_0029;;;23E50;20230524;EcritureLib_0183;20241009;0,00;1626,00;C;BQ/171;;
BQ;Banque BQ;BQ/172;20230524;41100000;CompteLib_0017;CCHIPO;JEAN BAPTISTE CHIPO;23E49;20230524;EcritureLib_0184;20241009;0,00;992,00;C;BQ/172;A;20240506
BQ;Banque BQ;BQ/172;20230524;51200000;CompteLib_0029;;;23E49;20230524;EcritureLib_0184;20241009;992,00;0,00;D;BQ/172;;
BQ;Banque BQ;BQ/173;20230524;60616000;CompteLib_0048;;;23E51;20230524;EcritureLib_0185;20241009;16,54;0,00;D;BQ/173;;
BQ;Banque BQ;BQ/173;20230524;51200000;CompteLib_0029;;;23E51;20230524;EcritureLib_0185;20241009;0,00;16,54;C;BQ/173;;
BQ;Banque BQ;BQ/174;20230525;41100000;CompteLib_0017;CVANDERHEY;VANDERHEYDEN OLIVIER;23E53;20230525;EcritureLib_0132;20241009;0,00;742,00;C;BQ/174;A;20240506
BQ;Banque BQ;BQ/174;20230525;51200000;CompteLib_0029;;;23E53;20230525;EcritureLib_0132;20241009;742,00;0,00;D;BQ/174;;
BQ;Banque BQ;BQ/175;20230525;62600000;CompteLib_0047;;;23E52;20230525;EcritureLib_0186;20241009;22,48;0,00;D;BQ/175;;
BQ;Banque BQ;BQ/175;20230525;44566100;CompteLib_0020;;;23E52;20230525;EcritureLib_0186;20241009;4,50;0,00;D;BQ/175;;
BQ;Banque BQ;BQ/175;20230525;51200000;CompteLib_0029;;;23E52;20230525;EcritureLib_0186;20241009;0,00;26,98;C;BQ/175;;
BQ;Banque BQ;BQ/176;20230525;41100000;CompteLib_0017;CTDE;TDE  CONSULTING & MANAGEMENT;23E56;20230525;EcritureLib_0187;20241009;0,00;1622,00;C;BQ/176;A;20240506
BQ;Banque BQ;BQ/176;20230525;51200000;CompteLib_0029;;;23E56;20230525;EcritureLib_0187;20241009;1622,00;0,00;D;BQ/176;;
BQ;Banque BQ;BQ/177;20230525;62510000;CompteLib_0051;;;23E54;20230525;EcritureLib_0188;20241009;15,40;0,00;D;BQ/177;;
BQ;Banque BQ;BQ/177;20230525;51200000;CompteLib_0029;;;23E54;20230525;EcritureLib_0188;20241009;0,00;15,40;C;BQ/177;;
BQ;Banque BQ;BQ/178;20230525;40100000;CompteLib_0032;FRENT;RENT AND DROP;23E55;20230525;EcritureLib_0189;20241009;60,00;0,00;D;BQ/178;;
BQ;Banque BQ;BQ/178;20230525;51200000;CompteLib_0029;;;23E55;20230525;EcritureLib_0189;20241009;0,00;60,00;C;BQ/178;;
BQ;Banque BQ;BQ/179;20230526;41100000;CompteLib_0017;CROSSETTI;ROSSETTI GIAN-CARLO;23E59;20230526;EcritureLib_0190;20241009;0,00;800,00;C;BQ/179;A;20240506
BQ;Banque BQ;BQ/179;20230526;51200000;CompteLib_0029;;;23E59;20230526;EcritureLib_0190;20241009;800,00;0,00;D;BQ/179;;
BQ;Banque BQ;BQ/180;20230526;40100000;CompteLib_0032;FRENT;RENT AND DROP;23E60;20230526;EcritureLib_0191;20241009;176,40;0,00;D;BQ/180;B;20240816
BQ;Banque BQ;BQ/180;20230526;51200000;CompteLib_0029;;;23E60;20230526;EcritureLib_0191;20241009;0,00;176,40;C;BQ/180;;
BQ;Banque BQ;BQ/181;20230526;60610000;CompteLib_0048;;;23E58;20230526;EcritureLib_0192;20241009;301,83;0,00;D;BQ/181;;
BQ;Banque BQ;BQ/181;20230526;44566100;CompteLib_0020;;;23E58;20230526;EcritureLib_0192;20241009;60,37;0,00;D;BQ/181;;
BQ;Banque BQ;BQ/181;20230526;51200000;CompteLib_0029;;;23E58;20230526;EcritureLib_0192;20241009;0,00;362,20;C;BQ/181;;
BQ;Banque BQ;BQ/182;20230526;61351000;CompteLib_0050;;;23E61;20230526;EcritureLib_0189;20241009;116,00;0,00;D;BQ/182;;
BQ;Banque BQ;BQ/182;20230526;44566100;CompteLib_0020;;;23E61;20230526;EcritureLib_0189;20241009;23,20;0,00;D;BQ/182;;
BQ;Banque BQ;BQ/182;20230526;51200000;CompteLib_0029;;;23E61;20230526;EcritureLib_0189;20241009;0,00;139,20;C;BQ/182;;
BQ;Banque BQ;BQ/183;20230529;40100000;CompteLib_0032;FLDLC;LDLC;23E63;20230529;EcritureLib_0193;20241009;756,95;0,00;D;BQ/183;A;20240430
BQ;Banque BQ;BQ/183;20230529;51200000;CompteLib_0029;;;23E63;20230529;EcritureLib_0193;20241009;0,00;756,95;C;BQ/183;;
BQ;Banque BQ;BQ/184;20230529;41100000;CompteLib_0017;CDIBELLA;CARMELO DI BELLA;23E62;20230529;EcritureLib_0107;20241009;0,00;1250,00;C;BQ/184;A;20240506
BQ;Banque BQ;BQ/184;20230529;51200000;CompteLib_0029;;;23E62;20230529;EcritureLib_0107;20241009;1250,00;0,00;D;BQ/184;;
BQ;Banque BQ;BQ/185;20230530;40100000;CompteLib_0032;FSTC;STC;23E66;20230530;EcritureLib_0086;20241009;238,80;0,00;D;BQ/185;E;20240427
BQ;Banque BQ;BQ/185;20230530;51200000;CompteLib_0029;;;23E66;20230530;EcritureLib_0086;20241009;0,00;238,80;C;BQ/185;;
BQ;Banque BQ;BQ/186;20230531;60616000;CompteLib_0048;;;23E71;20230531;EcritureLib_0194;20241009;20,31;0,00;D;BQ/186;;
BQ;Banque BQ;BQ/186;20230531;51200000;CompteLib_0029;;;23E71;20230531;EcritureLib_0194;20241009;0,00;20,31;C;BQ/186;;
BQ;Banque BQ;BQ/187;20230531;40100000;CompteLib_0032;FBRICO;BRICO DEPOT;23E70;20230531;EcritureLib_0195;20241009;171,98;0,00;D;BQ/187;E;20240430
BQ;Banque BQ;BQ/187;20230531;51200000;CompteLib_0029;;;23E70;20230531;EcritureLib_0195;20241009;0,00;171,98;C;BQ/187;;
BQ;Banque BQ;BQ/188;20230531;40910000;CompteLib_0016;;;23E69;20230531;EcritureLib_0196;20241009;5000,00;0,00;D;BQ/188;;
BQ;Banque BQ;BQ/188;20230531;51200000;CompteLib_0029;;;23E69;20230531;EcritureLib_0196;20241009;0,00;5000,00;C;BQ/188;;
BQ;Banque BQ;BQ/189;20230531;41100000;CompteLib_0017;CTOURTEAU;FRANCK TOURTEAU;23E68;20230531;EcritureLib_0197;20241009;0,00;1500,00;C;BQ/189;A;20240506
BQ;Banque BQ;BQ/189;20230531;51200000;CompteLib_0029;;;23E68;20230531;EcritureLib_0197;20241009;1500,00;0,00;D;BQ/189;;
BQ;Banque BQ;BQ/190;20230601;64100000;CompteLib_0044;;;23F1;20230601;EcritureLib_0091;20241009;500,00;0,00;D;BQ/190;;
BQ;Banque BQ;BQ/190;20230601;51200000;CompteLib_0029;;;23F1;20230601;EcritureLib_0091;20241009;0,00;500,00;C;BQ/190;;
BQ;Banque BQ;BQ/191;20230602;41100000;CompteLib_0017;ATOM;ATOM CITY ;23F4;20230602;EcritureLib_0076;20241009;0,00;1420,00;C;BQ/191;D;20240506
BQ;Banque BQ;BQ/191;20230602;51200000;CompteLib_0029;;;23F4;20230602;EcritureLib_0076;20241009;1420,00;0,00;D;BQ/191;;
BQ;Banque BQ;BQ/192;20230602;41100000;CompteLib_0017;CKADDOUR;KADDOUR RANI;23F10;20230602;EcritureLib_0076;20241009;0,00;550,00;C;BQ/192;B;20240506
BQ;Banque BQ;BQ/192;20230602;51200000;CompteLib_0029;;;23F10;20230602;EcritureLib_0076;20241009;550,00;0,00;D;BQ/192;;
BQ;Banque BQ;BQ/193;20230602;41100000;CompteLib_0017;CCARBENAY;CARBENAY BENJAMIN;23F8;20230602;EcritureLib_0076;20241009;0,00;600,00;C;BQ/193;A;20240507
BQ;Banque BQ;BQ/193;20230602;51200000;CompteLib_0029;;;23F8;20230602;EcritureLib_0076;20241009;600,00;0,00;D;BQ/193;;
BQ;Banque BQ;BQ/194;20230602;41100000;CompteLib_0017;CLECLERCQ;BENOIT LECLERCQ;23F5;20230602;EcritureLib_0076;20241009;0,00;700,00;C;BQ/194;A;20240506
BQ;Banque BQ;BQ/194;20230602;51200000;CompteLib_0029;;;23F5;20230602;EcritureLib_0076;20241009;700,00;0,00;D;BQ/194;;
BQ;Banque BQ;BQ/195;20230602;41100000;CompteLib_0017;CKADDOUR;KADDOUR RANI;23F9;20230602;EcritureLib_0076;20241009;0,00;750,00;C;BQ/195;A;20240506
BQ;Banque BQ;BQ/195;20230602;51200000;CompteLib_0029;;;23F9;20230602;EcritureLib_0076;20241009;750,00;0,00;D;BQ/195;;
BQ;Banque BQ;BQ/196;20230602;41100000;CompteLib_0017;CGRAUL;GRAUL JULIEN;23F3;20230602;EcritureLib_0198;20241009;0,00;730,00;C;BQ/196;A;20240506
BQ;Banque BQ;BQ/196;20230602;51200000;CompteLib_0029;;;23F3;20230602;EcritureLib_0198;20241009;730,00;0,00;D;BQ/196;;
BQ;Banque BQ;BQ/197;20230602;41100000;CompteLib_0017;CMEMOIRE;MEMOIRE MORTE;23F6;20230602;EcritureLib_0076;20241009;0,00;400,00;C;BQ/197;A;20240506
BQ;Banque BQ;BQ/197;20230602;51200000;CompteLib_0029;;;23F6;20230602;EcritureLib_0076;20241009;400,00;0,00;D;BQ/197;;
BQ;Banque BQ;BQ/198;20230602;41100000;CompteLib_0017;CHANIKEN;LAURENT HANIKEN;23F7;20230602;EcritureLib_0076;20241009;0,00;600,00;C;BQ/198;A;20240507
BQ;Banque BQ;BQ/198;20230602;51200000;CompteLib_0029;;;23F7;20230602;EcritureLib_0076;20241009;600,00;0,00;D;BQ/198;;
BQ;Banque BQ;BQ/199;20230603;27500000;CompteLib_0010;;;23F12;20230603;EcritureLib_0199;20241009;750,00;0,00;D;BQ/199;;
BQ;Banque BQ;BQ/199;20230603;51200000;CompteLib_0029;;;23F12;20230603;EcritureLib_0199;20241009;0,00;750,00;C;BQ/199;;
BQ;Banque BQ;BQ/200;20230603;41100000;CompteLib_0017;CENAAIM;HAFID ENAAIM;23F15;20230603;EcritureLib_0200;20241009;0,00;1350,00;C;BQ/200;A;20240506
BQ;Banque BQ;BQ/200;20230603;51200000;CompteLib_0029;;;23F15;20230603;EcritureLib_0200;20241009;1350,00;0,00;D;BQ/200;;
BQ;Banque BQ;BQ/201;20230603;61321000;CompteLib_0046;;;23F14;20230603;EcritureLib_0201;20241009;750,00;0,00;D;BQ/201;;
BQ;Banque BQ;BQ/201;20230603;51200000;CompteLib_0029;;;23F14;20230603;EcritureLib_0201;20241009;0,00;750,00;C;BQ/201;;
BQ;Banque BQ;BQ/202;20230603;61321000;CompteLib_0046;;;23F13;20230603;EcritureLib_0202;20241009;750,00;0,00;D;BQ/202;;
BQ;Banque BQ;BQ/202;20230603;51200000;CompteLib_0029;;;23F13;20230603;EcritureLib_0202;20241009;0,00;750,00;C;BQ/202;;
BQ;Banque BQ;BQ/203;20230605;40100000;CompteLib_0032;FFREE;FREE;23F17;20230605;EcritureLib_0203;20241009;190,00;0,00;D;BQ/203;;
BQ;Banque BQ;BQ/203;20230605;51200000;CompteLib_0029;;;23F17;20230605;EcritureLib_0203;20241009;0,00;190,00;C;BQ/203;;
BQ;Banque BQ;BQ/204;20230605;41100000;CompteLib_0017;CFERNANDES;JIMMY FERNANDES;23F16;20230605;EcritureLib_0204;20241009;0,00;800,00;C;BQ/204;A;20240506
BQ;Banque BQ;BQ/204;20230605;51200000;CompteLib_0029;;;23F16;20230605;EcritureLib_0204;20241009;800,00;0,00;D;BQ/204;;
BQ;Banque BQ;BQ/205;20230606;45513000;CompteLib_0026;;;23F24;20230606;EcritureLib_0205;20241009;500,00;0,00;D;BQ/205;;
BQ;Banque BQ;BQ/205;20230606;51200000;CompteLib_0029;;;23F24;20230606;EcritureLib_0205;20241009;0,00;500,00;C;BQ/205;;
BQ;Banque BQ;BQ/206;20230606;62420000;CompteLib_0041;;;23F22;20230606;EcritureLib_0206;20241009;850,00;0,00;D;BQ/206;;
BQ;Banque BQ;BQ/206;20230606;44566100;CompteLib_0020;;;23F22;20230606;EcritureLib_0206;20241009;170,00;0,00;D;BQ/206;;
BQ;Banque BQ;BQ/206;20230606;51200000;CompteLib_0029;;;23F22;20230606;EcritureLib_0206;20241009;0,00;1020,00;C;BQ/206;;
BQ;Banque BQ;BQ/207;20230606;40100000;CompteLib_0032;FFREE;FREE;23F21;20230606;EcritureLib_0207;20241009;0,00;190,00;C;BQ/207;;
BQ;Banque BQ;BQ/207;20230606;51200000;CompteLib_0029;;;23F21;20230606;EcritureLib_0207;20241009;190,00;0,00;D;BQ/207;;
BQ;Banque BQ;BQ/208;20230606;66100000;CompteLib_0042;;;23F20;20230606;EcritureLib_0208;20241009;11,24;0,00;D;BQ/208;;
BQ;Banque BQ;BQ/208;20230606;51200000;CompteLib_0029;;;23F20;20230606;EcritureLib_0208;20241009;0,00;11,24;C;BQ/208;;
BQ;Banque BQ;BQ/209;20230606;16410000;CompteLib_0053;;;23F19;20230606;EcritureLib_0209;20241009;426,25;0,00;D;BQ/209;;
BQ;Banque BQ;BQ/209;20230606;51200000;CompteLib_0029;;;23F19;20230606;EcritureLib_0209;20241009;0,00;426,25;C;BQ/209;;
BQ;Banque BQ;BQ/210;20230606;45512000;CompteLib_0025;;;23F23;20230606;EcritureLib_0210;20241009;500,00;0,00;D;BQ/210;;
BQ;Banque BQ;BQ/210;20230606;51200000;CompteLib_0029;;;23F23;20230606;EcritureLib_0210;20241009;0,00;500,00;C;BQ/210;;
BQ;Banque BQ;BQ/211;20230607;41100000;CompteLib_0017;CJOSSEAUME;JOSSEAUME BENJAMIN;23F26;20230607;EcritureLib_0211;20241009;0,00;1546,00;C;BQ/211;A;20240506
BQ;Banque BQ;BQ/211;20230607;51200000;CompteLib_0029;;;23F26;20230607;EcritureLib_0211;20241009;1546,00;0,00;D;BQ/211;;
BQ;Banque BQ;BQ/212;20230607;41100000;CompteLib_0017;CLOPEZ;MICHAEL LOPEZ;23F25;20230607;EcritureLib_0212;20241009;0,00;1103,00;C;BQ/212;A;20240506
BQ;Banque BQ;BQ/212;20230607;51200000;CompteLib_0029;;;23F25;20230607;EcritureLib_0212;20241009;1103,00;0,00;D;BQ/212;;
BQ;Banque BQ;BQ/213;20230607;60630000;CompteLib_0036;;;23F29;20230607;EcritureLib_0213;20241009;10,64;0,00;D;BQ/213;;
BQ;Banque BQ;BQ/213;20230607;44566100;CompteLib_0020;;;23F29;20230607;EcritureLib_0213;20241009;2,13;0,00;D;BQ/213;;
BQ;Banque BQ;BQ/213;20230607;51200000;CompteLib_0029;;;23F29;20230607;EcritureLib_0213;20241009;0,00;12,77;C;BQ/213;;
BQ;Banque BQ;BQ/214;20230607;41100000;CompteLib_0017;CCAMUS;CAMUS THIBAULT;23F27;20230607;EcritureLib_0214;20241009;0,00;1295,00;C;BQ/214;A;20240506
BQ;Banque BQ;BQ/214;20230607;51200000;CompteLib_0029;;;23F27;20230607;EcritureLib_0214;20241009;1295,00;0,00;D;BQ/214;;
BQ;Banque BQ;BQ/215;20230607;60630000;CompteLib_0036;;;23F28;20230607;EcritureLib_0215;20241009;11,44;0,00;D;BQ/215;;
BQ;Banque BQ;BQ/215;20230607;44566100;CompteLib_0020;;;23F28;20230607;EcritureLib_0215;20241009;2,29;0,00;D;BQ/215;;
BQ;Banque BQ;BQ/215;20230607;51200000;CompteLib_0029;;;23F28;20230607;EcritureLib_0215;20241009;0,00;13,73;C;BQ/215;;
BQ;Banque BQ;BQ/216;20230608;41100000;CompteLib_0017;CCENTRESOCIA;CENTRE SOCIAL FRESNOY;23F32;20230608;EcritureLib_0216;20241009;0,00;360,00;C;BQ/216;A;20240506
BQ;Banque BQ;BQ/216;20230608;51200000;CompteLib_0029;;;23F32;20230608;EcritureLib_0216;20241009;360,00;0,00;D;BQ/216;;
BQ;Banque BQ;BQ/217;20230608;60630000;CompteLib_0036;;;23F34;20230608;EcritureLib_0217;20241009;4,09;0,00;D;BQ/217;;
BQ;Banque BQ;BQ/217;20230608;44566100;CompteLib_0020;;;23F34;20230608;EcritureLib_0217;20241009;0,82;0,00;D;BQ/217;;
BQ;Banque BQ;BQ/217;20230608;51200000;CompteLib_0029;;;23F34;20230608;EcritureLib_0217;20241009;0,00;4,91;C;BQ/217;;
BQ;Banque BQ;BQ/218;20230608;41100000;CompteLib_0017;CPETITQUEUX;Stephane Petitqueux;23F35;20230608;EcritureLib_0218;20241009;0,00;2590,00;C;BQ/218;A;20240506
BQ;Banque BQ;BQ/218;20230608;51200000;CompteLib_0029;;;23F35;20230608;EcritureLib_0218;20241009;2590,00;0,00;D;BQ/218;;
BQ;Banque BQ;BQ/219;20230608;60870000;CompteLib_0055;;;23F33;20230608;EcritureLib_0219;20241009;4197,50;0,00;D;BQ/219;;
BQ;Banque BQ;BQ/219;20230608;44566100;CompteLib_0020;;;23F33;20230608;EcritureLib_0219;20241009;839,50;0,00;D;BQ/219;;
BQ;Banque BQ;BQ/219;20230608;51200000;CompteLib_0029;;;23F33;20230608;EcritureLib_0219;20241009;0,00;5037,00;C;BQ/219;;
BQ;Banque BQ;BQ/220;20230609;40100000;CompteLib_0032;FBRICO;BRICO DEPOT;23F36;20230609;EcritureLib_0220;20241009;26,78;0,00;D;BQ/220;C;20240430
BQ;Banque BQ;BQ/220;20230609;51200000;CompteLib_0029;;;23F36;20230609;EcritureLib_0220;20241009;0,00;26,78;C;BQ/220;;
BQ;Banque BQ;BQ/221;20230610;41100000;CompteLib_0017;CDIVERS;DIVERS;23F40;20230610;EcritureLib_0076;20241009;0,00;300,00;C;BQ/221;G;20240507
BQ;Banque BQ;BQ/221;20230610;51200000;CompteLib_0029;;;23F40;20230610;EcritureLib_0076;20241009;300,00;0,00;D;BQ/221;;
BQ;Banque BQ;BQ/222;20230610;41100000;CompteLib_0017;CDELEBASSEE;DAVID DELABASSEE;23F39;20230610;EcritureLib_0076;20241009;0,00;1250,00;C;BQ/222;A;20240506
BQ;Banque BQ;BQ/222;20230610;51200000;CompteLib_0029;;;23F39;20230610;EcritureLib_0076;20241009;1250,00;0,00;D;BQ/222;;
BQ;Banque BQ;BQ/223;20230612;62700000;CompteLib_0043;;;23F42;20230612;EcritureLib_0221;20241009;74,81;0,00;D;BQ/223;;
BQ;Banque BQ;BQ/223;20230612;51200000;CompteLib_0029;;;23F42;20230612;EcritureLib_0221;20241009;0,00;74,81;C;BQ/223;;
BQ;Banque BQ;BQ/224;20230612;41100000;CompteLib_0017;CBAILLEUL;VILLE DE BAILLEUL;23F44;20230612;EcritureLib_0222;20241009;0,00;95,00;C;BQ/224;A;20240506
BQ;Banque BQ;BQ/224;20230612;51200000;CompteLib_0029;;;23F44;20230612;EcritureLib_0222;20241009;95,00;0,00;D;BQ/224;;
BQ;Banque BQ;BQ/225;20230612;40100000;CompteLib_0032;FOVH;OVH;23F45;20230612;EcritureLib_0223;20241009;55,76;0,00;D;BQ/225;A;20240430
BQ;Banque BQ;BQ/225;20230612;51200000;CompteLib_0029;;;23F45;20230612;EcritureLib_0223;20241009;0,00;55,76;C;BQ/225;;
BQ;Banque BQ;BQ/226;20230612;64660000;CompteLib_0045;;;23F43;20230612;EcritureLib_0074;20241009;44,39;0,00;D;BQ/226;;
BQ;Banque BQ;BQ/226;20230612;51200000;CompteLib_0029;;;23F43;20230612;EcritureLib_0074;20241009;0,00;44,39;C;BQ/226;;
BQ;Banque BQ;BQ/227;20230613;41100000;CompteLib_0017;CNICOLETTI;DORIAN NICOLETTI;23F46;20230613;EcritureLib_0104;20241009;0,00;1490,00;C;BQ/227;A;20240506
BQ;Banque BQ;BQ/227;20230613;51200000;CompteLib_0029;;;23F46;20230613;EcritureLib_0104;20241009;1490,00;0,00;D;BQ/227;;
BQ;Banque BQ;BQ/228;20230615;41100000;CompteLib_0017;CLAMBERSART;VILLE DE LAMBERSART;23F47;20230615;EcritureLib_0224;20241009;0,00;280,00;C;BQ/228;A;20240506
BQ;Banque BQ;BQ/228;20230615;51200000;CompteLib_0029;;;23F47;20230615;EcritureLib_0224;20241009;280,00;0,00;D;BQ/228;;
BQ;Banque BQ;BQ/229;20230620;60630000;CompteLib_0036;;;23F50;20230620;EcritureLib_0225;20241009;884,72;0,00;D;BQ/229;;
BQ;Banque BQ;BQ/229;20230620;44566100;CompteLib_0020;;;23F50;20230620;EcritureLib_0225;20241009;176,95;0,00;D;BQ/229;;
BQ;Banque BQ;BQ/229;20230620;51200000;CompteLib_0029;;;23F50;20230620;EcritureLib_0225;20241009;0,00;1061,67;C;BQ/229;;
BQ;Banque BQ;BQ/230;20230620;16401000;CompteLib_0005;;;23F51;20230620;EcritureLib_0226;20241009;304,45;0,00;D;BQ/230;;
BQ;Banque BQ;BQ/230;20230620;51200000;CompteLib_0029;;;23F51;20230620;EcritureLib_0226;20241009;0,00;304,45;C;BQ/230;;
BQ;Banque BQ;BQ/231;20230621;41100000;CompteLib_0017;CCLSH;CLSH;23F54;20230621;EcritureLib_0227;20241009;0,00;105,00;C;BQ/231;A;20240506
BQ;Banque BQ;BQ/231;20230621;51200000;CompteLib_0029;;;23F54;20230621;EcritureLib_0227;20241009;105,00;0,00;D;BQ/231;;
BQ;Banque BQ;BQ/232;20230621;27500000;CompteLib_0010;;;23F56;20230621;EcritureLib_0228;20241009;0,00;8001,03;C;BQ/232;;
BQ;Banque BQ;BQ/232;20230621;51200000;CompteLib_0029;;;23F56;20230621;EcritureLib_0228;20241009;8001,03;0,00;D;BQ/232;;
BQ;Banque BQ;BQ/233;20230621;41100000;CompteLib_0017;CBOURSICOT;MICKAEL BOURSICOT;23F55;20230621;EcritureLib_0229;20241009;0,00;464,00;C;BQ/233;B;20240506
BQ;Banque BQ;BQ/233;20230621;51200000;CompteLib_0029;;;23F55;20230621;EcritureLib_0229;20241009;464,00;0,00;D;BQ/233;;
BQ;Banque BQ;BQ/234;20230623;40910000;CompteLib_0016;;;23F58;20230623;EcritureLib_0230;20241009;5000,00;0,00;D;BQ/234;;
BQ;Banque BQ;BQ/234;20230623;51200000;CompteLib_0029;;;23F58;20230623;EcritureLib_0230;20241009;0,00;5000,00;C;BQ/234;;
BQ;Banque BQ;BQ/235;20230626;62600000;CompteLib_0047;;;23F60;20230626;EcritureLib_0231;20241009;22,48;0,00;D;BQ/235;;
BQ;Banque BQ;BQ/235;20230626;44566100;CompteLib_0020;;;23F60;20230626;EcritureLib_0231;20241009;4,50;0,00;D;BQ/235;;
BQ;Banque BQ;BQ/235;20230626;51200000;CompteLib_0029;;;23F60;20230626;EcritureLib_0231;20241009;0,00;26,98;C;BQ/235;;
BQ;Banque BQ;BQ/236;20230626;60610000;CompteLib_0048;;;23F59;20230626;EcritureLib_0232;20241009;245,98;0,00;D;BQ/236;;
BQ;Banque BQ;BQ/236;20230626;44566100;CompteLib_0020;;;23F59;20230626;EcritureLib_0232;20241009;49,20;0,00;D;BQ/236;;
BQ;Banque BQ;BQ/236;20230626;51200000;CompteLib_0029;;;23F59;20230626;EcritureLib_0232;20241009;0,00;295,18;C;BQ/236;;
BQ;Banque BQ;BQ/237;20230627;40100000;CompteLib_0032;FSTC;STC;23F61;20230627;EcritureLib_0086;20241009;238,80;0,00;D;BQ/237;E;20240427
BQ;Banque BQ;BQ/237;20230627;51200000;CompteLib_0029;;;23F61;20230627;EcritureLib_0086;20241009;0,00;238,80;C;BQ/237;;
BQ;Banque BQ;BQ/238;20230628;40100000;CompteLib_0032;FBRICO;BRICO DEPOT;23F63;20230628;EcritureLib_0233;20241009;37,75;0,00;D;BQ/238;D;20240430
BQ;Banque BQ;BQ/238;20230628;51200000;CompteLib_0029;;;23F63;20230628;EcritureLib_0233;20241009;0,00;37,75;C;BQ/238;;
BQ;Banque BQ;BQ/239;20230629;41100000;CompteLib_0017;CBEDOGNI;BEDOGNI NICOLAS;23F65;20230629;EcritureLib_0234;20241009;0,00;830,00;C;BQ/239;A;20240507
BQ;Banque BQ;BQ/239;20230629;51200000;CompteLib_0029;;;23F65;20230629;EcritureLib_0234;20241009;830,00;0,00;D;BQ/239;;
BQ;Banque BQ;BQ/240;20230630;41100000;CompteLib_0017;CLEFLOW;LE FLOW;23F67;20230630;EcritureLib_0235;20241009;0,00;350,00;C;BQ/240;A;20240506
BQ;Banque BQ;BQ/240;20230630;51200000;CompteLib_0029;;;23F67;20230630;EcritureLib_0235;20241009;350,00;0,00;D;BQ/240;;
BQ;Banque BQ;BQ/241;20230630;40100000;CompteLib_0032;FELOISE;ELOISE TRANSPORT;23F68;20230630;EcritureLib_0236;20241009;1500,00;0,00;D;BQ/241;B;20240816
BQ;Banque BQ;BQ/241;20230630;51200000;CompteLib_0029;;;23F68;20230630;EcritureLib_0236;20241009;0,00;1500,00;C;BQ/241;;
BQ;Banque BQ;BQ/242;20230703;64100000;CompteLib_0044;;;23G1;20230703;EcritureLib_0091;20241009;500,00;0,00;D;BQ/242;;
BQ;Banque BQ;BQ/242;20230703;51200000;CompteLib_0029;;;23G1;20230703;EcritureLib_0091;20241009;0,00;500,00;C;BQ/242;;
BQ;Banque BQ;BQ/243;20230703;61321000;CompteLib_0046;;;23G2;20230703;EcritureLib_0237;20241009;750,00;0,00;D;BQ/243;;
BQ;Banque BQ;BQ/243;20230703;51200000;CompteLib_0029;;;23G2;20230703;EcritureLib_0237;20241009;0,00;750,00;C;BQ/243;;
BQ;Banque BQ;BQ/244;20230704;41100000;CompteLib_0017;CCCS;CCS;23G4;20230704;EcritureLib_0095;20241009;0,00;800,00;C;BQ/244;A;20240506
BQ;Banque BQ;BQ/244;20230704;51200000;CompteLib_0029;;;23G4;20230704;EcritureLib_0095;20241009;800,00;0,00;D;BQ/244;;
BQ;Banque BQ;BQ/245;20230704;41100000;CompteLib_0017;CNODELINK;NODELINK;23G3;20230704;EcritureLib_0076;20241009;0,00;65,00;C;BQ/245;A;20240507
BQ;Banque BQ;BQ/245;20230704;51200000;CompteLib_0029;;;23G3;20230704;EcritureLib_0076;20241009;65,00;0,00;D;BQ/245;;
BQ;Banque BQ;BQ/246;20230706;16410000;CompteLib_0053;;;23G6;20230706;EcritureLib_0238;20241009;432,65;0,00;D;BQ/246;;
BQ;Banque BQ;BQ/246;20230706;51200000;CompteLib_0029;;;23G6;20230706;EcritureLib_0238;20241009;0,00;432,65;C;BQ/246;;
BQ;Banque BQ;BQ/247;20230706;66100000;CompteLib_0042;;;23G5;20230706;EcritureLib_0208;20241009;11,24;0,00;D;BQ/247;;
BQ;Banque BQ;BQ/247;20230706;51200000;CompteLib_0029;;;23G5;20230706;EcritureLib_0208;20241009;0,00;11,24;C;BQ/247;;
BQ;Banque BQ;BQ/248;20230706;40100000;CompteLib_0032;FRENT;RENT AND DROP;23G7;20230706;EcritureLib_0239;20241009;42,24;0,00;D;BQ/248;C;20240816
BQ;Banque BQ;BQ/248;20230706;51200000;CompteLib_0029;;;23G7;20230706;EcritureLib_0239;20241009;0,00;42,24;C;BQ/248;;
BQ;Banque BQ;BQ/249;20230707;41100000;CompteLib_0017;CFOURK;SAS FOURK;23G10;20230707;EcritureLib_0240;20241009;0,00;300,00;C;BQ/249;A;20240506
BQ;Banque BQ;BQ/249;20230707;51200000;CompteLib_0029;;;23G10;20230707;EcritureLib_0240;20241009;300,00;0,00;D;BQ/249;;
BQ;Banque BQ;BQ/250;20230707;40100000;CompteLib_0032;FMETRO;METRO;23G11;20230707;EcritureLib_0241;20241009;701,73;0,00;D;BQ/250;E;20240430
BQ;Banque BQ;BQ/250;20230707;51200000;CompteLib_0029;;;23G11;20230707;EcritureLib_0241;20241009;0,00;701,73;C;BQ/250;;
BQ;Banque BQ;BQ/251;20230710;62700000;CompteLib_0043;;;23G12;20230710;EcritureLib_0242;20241009;119,19;0,00;D;BQ/251;;
BQ;Banque BQ;BQ/251;20230710;51200000;CompteLib_0029;;;23G12;20230710;EcritureLib_0242;20241009;0,00;119,19;C;BQ/251;;
BQ;Banque BQ;BQ/252;20230710;64660000;CompteLib_0045;;;23G13;20230710;EcritureLib_0074;20241009;44,39;0,00;D;BQ/252;;
BQ;Banque BQ;BQ/252;20230710;51200000;CompteLib_0029;;;23G13;20230710;EcritureLib_0074;20241009;0,00;44,39;C;BQ/252;;
BQ;Banque BQ;BQ/253;20230711;62600000;CompteLib_0047;;;23G14;20230711;EcritureLib_0243;20241009;5,92;0,00;D;BQ/253;;
BQ;Banque BQ;BQ/253;20230711;44566100;CompteLib_0020;;;23G14;20230711;EcritureLib_0243;20241009;1,18;0,00;D;BQ/253;;
BQ;Banque BQ;BQ/253;20230711;51200000;CompteLib_0029;;;23G14;20230711;EcritureLib_0243;20241009;0,00;7,10;C;BQ/253;;
BQ;Banque BQ;BQ/254;20230716;41100000;CompteLib_0017;CDIVERS;DIVERS;23G15;20230716;EcritureLib_0076;20241009;0,00;300,00;C;BQ/254;H;20240507
BQ;Banque BQ;BQ/254;20230716;51200000;CompteLib_0029;;;23G15;20230716;EcritureLib_0076;20241009;300,00;0,00;D;BQ/254;;
BQ;Banque BQ;BQ/255;20230717;40100000;CompteLib_0032;FSTC;STC;23G17;20230717;EcritureLib_0086;20241009;238,80;0,00;D;BQ/255;E;20240427
BQ;Banque BQ;BQ/255;20230717;51200000;CompteLib_0029;;;23G17;20230717;EcritureLib_0086;20241009;0,00;238,80;C;BQ/255;;
BQ;Banque BQ;BQ/256;20230717;62270000;CompteLib_0056;;;23G18;20230717;EcritureLib_0244;20241009;45,01;0,00;D;BQ/256;;
BQ;Banque BQ;BQ/256;20230717;51200000;CompteLib_0029;;;23G18;20230717;EcritureLib_0244;20241009;0,00;45,01;C;BQ/256;;
BQ;Banque BQ;BQ/257;20230718;41100000;CompteLib_0017;CDERVEAUX;DERVEAUX XAVIER;23G19;20230718;EcritureLib_0245;20241009;0,00;1060,00;C;BQ/257;A;20240507
BQ;Banque BQ;BQ/257;20230718;51200000;CompteLib_0029;;;23G19;20230718;EcritureLib_0245;20241009;1060,00;0,00;D;BQ/257;;
BQ;Banque BQ;BQ/258;20230718;62600000;CompteLib_0047;;;23G20;20230718;EcritureLib_0246;20241009;12,21;0,00;D;BQ/258;;
BQ;Banque BQ;BQ/258;20230718;44566100;CompteLib_0020;;;23G20;20230718;EcritureLib_0246;20241009;2,44;0,00;D;BQ/258;;
BQ;Banque BQ;BQ/258;20230718;51200000;CompteLib_0029;;;23G20;20230718;EcritureLib_0246;20241009;0,00;14,65;C;BQ/258;;
BQ;Banque BQ;BQ/259;20230720;41100000;CompteLib_0017;CMAISON;MAISON FOLIE MOULIN;23G22;20230720;EcritureLib_0247;20241009;0,00;350,00;C;BQ/259;A;20240506
BQ;Banque BQ;BQ/259;20230720;51200000;CompteLib_0029;;;23G22;20230720;EcritureLib_0247;20241009;350,00;0,00;D;BQ/259;;
BQ;Banque BQ;BQ/260;20230720;16401000;CompteLib_0005;;;23G23;20230720;EcritureLib_0248;20241009;304,45;0,00;D;BQ/260;;
BQ;Banque BQ;BQ/260;20230720;51200000;CompteLib_0029;;;23G23;20230720;EcritureLib_0248;20241009;0,00;304,45;C;BQ/260;;
BQ;Banque BQ;BQ/261;20230721;44551000;CompteLib_0019;;;23G24;20230721;EcritureLib_0249;20241009;7366,00;0,00;D;BQ/261;;
BQ;Banque BQ;BQ/261;20230721;51200000;CompteLib_0029;;;23G24;20230721;EcritureLib_0249;20241009;0,00;7366,00;C;BQ/261;;
BQ;Banque BQ;BQ/262;20230725;62600000;CompteLib_0047;;;23G26;20230725;EcritureLib_0231;20241009;22,48;0,00;D;BQ/262;;
BQ;Banque BQ;BQ/262;20230725;44566100;CompteLib_0020;;;23G26;20230725;EcritureLib_0231;20241009;4,50;0,00;D;BQ/262;;
BQ;Banque BQ;BQ/262;20230725;51200000;CompteLib_0029;;;23G26;20230725;EcritureLib_0231;20241009;0,00;26,98;C;BQ/262;;
BQ;Banque BQ;BQ/263;20230726;60610000;CompteLib_0048;;;23G27;20230726;EcritureLib_0250;20241009;255,46;0,00;D;BQ/263;;
BQ;Banque BQ;BQ/263;20230726;44566100;CompteLib_0020;;;23G27;20230726;EcritureLib_0250;20241009;51,09;0,00;D;BQ/263;;
BQ;Banque BQ;BQ/263;20230726;51200000;CompteLib_0029;;;23G27;20230726;EcritureLib_0250;20241009;0,00;306,55;C;BQ/263;;
BQ;Banque BQ;BQ/264;20230728;40100000;CompteLib_0032;FBRICO;BRICO DEPOT;23G30;20230728;EcritureLib_0251;20241009;85,19;0,00;D;BQ/264;G;20240430
BQ;Banque BQ;BQ/264;20230728;51200000;CompteLib_0029;;;23G30;20230728;EcritureLib_0251;20241009;0,00;85,19;C;BQ/264;;
BQ;Banque BQ;BQ/265;20230728;41100000;CompteLib_0017;CRAGONNET;RAGONNET ADRIEN;23G29;20230728;EcritureLib_0252;20241009;0,00;1502,00;C;BQ/265;A;20240506
BQ;Banque BQ;BQ/265;20230728;51200000;CompteLib_0029;;;23G29;20230728;EcritureLib_0252;20241009;1502,00;0,00;D;BQ/265;;
BQ;Banque BQ;BQ/266;20230729;40910000;CompteLib_0016;;;23G31;20230729;EcritureLib_0253;20241009;3000,00;0,00;D;BQ/266;;
BQ;Banque BQ;BQ/266;20230729;51200000;CompteLib_0029;;;23G31;20230729;EcritureLib_0253;20241009;0,00;3000,00;C;BQ/266;;
BQ;Banque BQ;BQ/267;20230731;40100000;CompteLib_0032;FRENT;RENT AND DROP;23G34;20230731;EcritureLib_0254;20241009;42,00;0,00;D;BQ/267;D;20240816
BQ;Banque BQ;BQ/267;20230731;51200000;CompteLib_0029;;;23G34;20230731;EcritureLib_0254;20241009;0,00;42,00;C;BQ/267;;
BQ;Banque BQ;BQ/268;20230731;40100000;CompteLib_0032;FBRICO;BRICO DEPOT;23G33;20230731;EcritureLib_0255;20241009;61,10;0,00;D;BQ/268;F;20240430
BQ;Banque BQ;BQ/268;20230731;51200000;CompteLib_0029;;;23G33;20230731;EcritureLib_0255;20241009;0,00;61,10;C;BQ/268;;
BQ;Banque BQ;BQ/269;20230801;40100000;CompteLib_0032;FGEODIS;GEODIS;23H1;20230801;EcritureLib_0256;20241009;205,16;0,00;D;BQ/269;A;20240917
BQ;Banque BQ;BQ/269;20230801;51200000;CompteLib_0029;;;23H1;20230801;EcritureLib_0256;20241009;0,00;205,16;C;BQ/269;;
BQ;Banque BQ;BQ/270;20230802;41100000;CompteLib_0017;CSTRZELCZYK;STRZELCZYK;23H4;20230802;EcritureLib_0095;20241009;0,00;1000,00;C;BQ/270;A;20240507
BQ;Banque BQ;BQ/270;20230802;51200000;CompteLib_0029;;;23H4;20230802;EcritureLib_0095;20241009;1000,00;0,00;D;BQ/270;;
BQ;Banque BQ;BQ/271;20230802;61321000;CompteLib_0046;;;23H2;20230802;EcritureLib_0257;20241009;750,00;0,00;D;BQ/271;;
BQ;Banque BQ;BQ/271;20230802;51200000;CompteLib_0029;;;23H2;20230802;EcritureLib_0257;20241009;0,00;750,00;C;BQ/271;;
BQ;Banque BQ;BQ/272;20230802;64100000;CompteLib_0044;;;23H3;20230802;EcritureLib_0144;20241009;500,00;0,00;D;BQ/272;;
BQ;Banque BQ;BQ/272;20230802;51200000;CompteLib_0029;;;23H3;20230802;EcritureLib_0144;20241009;0,00;500,00;C;BQ/272;;
BQ;Banque BQ;BQ/273;20230804;62270000;CompteLib_0056;;;23H6;20230804;EcritureLib_0258;20241009;0,00;13,40;C;BQ/273;;
BQ;Banque BQ;BQ/273;20230804;51200000;CompteLib_0029;;;23H6;20230804;EcritureLib_0258;20241009;13,40;0,00;D;BQ/273;;
BQ;Banque BQ;BQ/274;20230804;62270000;CompteLib_0056;;;23H9;20230804;EcritureLib_0258;20241009;0,00;5,45;C;BQ/274;;
BQ;Banque BQ;BQ/274;20230804;51200000;CompteLib_0029;;;23H9;20230804;EcritureLib_0258;20241009;5,45;0,00;D;BQ/274;;
BQ;Banque BQ;BQ/275;20230804;62270000;CompteLib_0056;;;23H8;20230804;EcritureLib_0258;20241009;0,00;21,12;C;BQ/275;;
BQ;Banque BQ;BQ/275;20230804;51200000;CompteLib_0029;;;23H8;20230804;EcritureLib_0258;20241009;21,12;0,00;D;BQ/275;;
BQ;Banque BQ;BQ/276;20230804;62270000;CompteLib_0056;;;23H7;20230804;EcritureLib_0258;20241009;0,00;1,16;C;BQ/276;;
BQ;Banque BQ;BQ/276;20230804;51200000;CompteLib_0029;;;23H7;20230804;EcritureLib_0258;20241009;1,16;0,00;D;BQ/276;;
BQ;Banque BQ;BQ/277;20230805;66100000;CompteLib_0042;;;23H11;20230805;EcritureLib_0208;20241009;11,24;0,00;D;BQ/277;;
BQ;Banque BQ;BQ/277;20230805;51200000;CompteLib_0029;;;23H11;20230805;EcritureLib_0208;20241009;0,00;11,24;C;BQ/277;;
BQ;Banque BQ;BQ/278;20230805;16410000;CompteLib_0053;;;23H10;20230805;EcritureLib_0259;20241009;432,65;0,00;D;BQ/278;;
BQ;Banque BQ;BQ/278;20230805;51200000;CompteLib_0029;;;23H10;20230805;EcritureLib_0259;20241009;0,00;432,65;C;BQ/278;;
BQ;Banque BQ;BQ/279;20230809;60630000;CompteLib_0036;;;23H13;20230809;EcritureLib_0260;20241009;20,56;0,00;D;BQ/279;;
BQ;Banque BQ;BQ/279;20230809;44566100;CompteLib_0020;;;23H13;20230809;EcritureLib_0260;20241009;4,11;0,00;D;BQ/279;;
BQ;Banque BQ;BQ/279;20230809;51200000;CompteLib_0029;;;23H13;20230809;EcritureLib_0260;20241009;0,00;24,67;C;BQ/279;;
BQ;Banque BQ;BQ/280;20230810;64660000;CompteLib_0045;;;23H17;20230810;EcritureLib_0074;20241009;44,39;0,00;D;BQ/280;;
BQ;Banque BQ;BQ/280;20230810;51200000;CompteLib_0029;;;23H17;20230810;EcritureLib_0074;20241009;0,00;44,39;C;BQ/280;;
BQ;Banque BQ;BQ/281;20230810;41100000;CompteLib_0017;CLORANT;PHILIPPE LORANT;23H19;20230810;EcritureLib_0261;20241009;0,00;1840,00;C;BQ/281;A;20240507
BQ;Banque BQ;BQ/281;20230810;51200000;CompteLib_0029;;;23H19;20230810;EcritureLib_0261;20241009;1840,00;0,00;D;BQ/281;;
BQ;Banque BQ;BQ/282;20230810;41100000;CompteLib_0017;CLORANT;PHILIPPE LORANT;23H18;20230810;EcritureLib_0262;20241009;0,00;100,00;C;BQ/282;A;20240507
BQ;Banque BQ;BQ/282;20230810;51200000;CompteLib_0029;;;23H18;20230810;EcritureLib_0262;20241009;100,00;0,00;D;BQ/282;;
BQ;Banque BQ;BQ/283;20230810;62700000;CompteLib_0043;;;23H16;20230810;EcritureLib_0263;20241009;57,10;0,00;D;BQ/283;;
BQ;Banque BQ;BQ/283;20230810;51200000;CompteLib_0029;;;23H16;20230810;EcritureLib_0263;20241009;0,00;57,10;C;BQ/283;;
BQ;Banque BQ;BQ/284;20230816;40100000;CompteLib_0032;FSTC;STC;23H20;20230816;EcritureLib_0086;20241009;238,80;0,00;D;BQ/284;E;20240427
BQ;Banque BQ;BQ/284;20230816;51200000;CompteLib_0029;;;23H20;20230816;EcritureLib_0086;20241009;0,00;238,80;C;BQ/284;;
BQ;Banque BQ;BQ/285;20230819;16401000;CompteLib_0005;;;23H21;20230819;EcritureLib_0264;20241009;304,45;0,00;D;BQ/285;;
BQ;Banque BQ;BQ/285;20230819;51200000;CompteLib_0029;;;23H21;20230819;EcritureLib_0264;20241009;0,00;304,45;C;BQ/285;;
BQ;Banque BQ;BQ/286;20230821;41100000;CompteLib_0017;CDERVEAUX;DERVEAUX XAVIER;23H25;20230821;EcritureLib_0265;20241009;0,00;30,00;C;BQ/286;B;20240507
BQ;Banque BQ;BQ/286;20230821;51200000;CompteLib_0029;;;23H25;20230821;EcritureLib_0265;20241009;30,00;0,00;D;BQ/286;;
BQ;Banque BQ;BQ/287;20230821;41100000;CompteLib_0017;CDERVEAUX;DERVEAUX XAVIER;23H23;20230821;EcritureLib_0266;20241009;0,00;1700,00;C;BQ/287;B;20240507
BQ;Banque BQ;BQ/287;20230821;51200000;CompteLib_0029;;;23H23;20230821;EcritureLib_0266;20241009;1700,00;0,00;D;BQ/287;;
BQ;Banque BQ;BQ/288;20230821;62420000;CompteLib_0041;;;23H24;20230821;EcritureLib_0267;20241009;167,00;0,00;D;BQ/288;;
BQ;Banque BQ;BQ/288;20230821;51200000;CompteLib_0029;;;23H24;20230821;EcritureLib_0267;20241009;0,00;167,00;C;BQ/288;;
BQ;Banque BQ;BQ/289;20230821;41100000;CompteLib_0017;CSOCIALMARCQ;CENTRE SOCIAL MARCQ;23H22;20230821;EcritureLib_0268;20241009;0,00;150,00;C;BQ/289;A;20240507
BQ;Banque BQ;BQ/289;20230821;51200000;CompteLib_0029;;;23H22;20230821;EcritureLib_0268;20241009;150,00;0,00;D;BQ/289;;
BQ;Banque BQ;BQ/290;20230822;40910000;CompteLib_0016;;;23H27;20230822;EcritureLib_0269;20241009;3000,00;0,00;D;BQ/290;;
BQ;Banque BQ;BQ/290;20230822;51200000;CompteLib_0029;;;23H27;20230822;EcritureLib_0269;20241009;0,00;3000,00;C;BQ/290;;
BQ;Banque BQ;BQ/291;20230825;41100000;CompteLib_0017;CPOIGNANT;JEAN MICHEL POIGNANT;23H30;20230825;EcritureLib_0270;20241009;0,00;800,00;C;BQ/291;A;20240507
BQ;Banque BQ;BQ/291;20230825;51200000;CompteLib_0029;;;23H30;20230825;EcritureLib_0270;20241009;800,00;0,00;D;BQ/291;;
BQ;Banque BQ;BQ/292;20230825;62600000;CompteLib_0047;;;23H29;20230825;EcritureLib_0271;20241009;22,48;0,00;D;BQ/292;;
BQ;Banque BQ;BQ/292;20230825;44566100;CompteLib_0020;;;23H29;20230825;EcritureLib_0271;20241009;4,50;0,00;D;BQ/292;;
BQ;Banque BQ;BQ/292;20230825;51200000;CompteLib_0029;;;23H29;20230825;EcritureLib_0271;20241009;0,00;26,98;C;BQ/292;;
BQ;Banque BQ;BQ/293;20230828;62600000;CompteLib_0047;;;23H32;20230828;EcritureLib_0272;20241009;3,08;0,00;D;BQ/293;;
BQ;Banque BQ;BQ/293;20230828;44566100;CompteLib_0020;;;23H32;20230828;EcritureLib_0272;20241009;0,62;0,00;D;BQ/293;;
BQ;Banque BQ;BQ/293;20230828;51200000;CompteLib_0029;;;23H32;20230828;EcritureLib_0272;20241009;0,00;3,70;C;BQ/293;;
BQ;Banque BQ;BQ/294;20230828;60610000;CompteLib_0048;;;23H31;20230828;EcritureLib_0273;20241009;284,88;0,00;D;BQ/294;;
BQ;Banque BQ;BQ/294;20230828;44566100;CompteLib_0020;;;23H31;20230828;EcritureLib_0273;20241009;56,98;0,00;D;BQ/294;;
BQ;Banque BQ;BQ/294;20230828;51200000;CompteLib_0029;;;23H31;20230828;EcritureLib_0273;20241009;0,00;341,86;C;BQ/294;;
BQ;Banque BQ;BQ/295;20230831;41100000;CompteLib_0017;CDESCAMPS;DESCAMPS KEVIN;23H33;20230831;EcritureLib_0095;20241009;0,00;50,00;C;BQ/295;A;20240507
BQ;Banque BQ;BQ/295;20230831;51200000;CompteLib_0029;;;23H33;20230831;EcritureLib_0095;20241009;50,00;0,00;D;BQ/295;;
BQ;Banque BQ;BQ/296;20230831;41100000;CompteLib_0017;CDIVERS;DIVERS;23H34;20230831;EcritureLib_0076;20241009;0,00;250,00;C;BQ/296;M;20240507
BQ;Banque BQ;BQ/296;20230831;51200000;CompteLib_0029;;;23H34;20230831;EcritureLib_0076;20241009;250,00;0,00;D;BQ/296;;
BQ;Banque BQ;BQ/297;20230904;61600000;CompteLib_0057;;;23I2;20230904;EcritureLib_0274;20241009;40,65;0,00;D;BQ/297;;
BQ;Banque BQ;BQ/297;20230904;51200000;CompteLib_0029;;;23I2;20230904;EcritureLib_0274;20241009;0,00;40,65;C;BQ/297;;
BQ;Banque BQ;BQ/298;20230904;61600000;CompteLib_0057;;;23I1;20230904;EcritureLib_0275;20241009;58,45;0,00;D;BQ/298;;
BQ;Banque BQ;BQ/298;20230904;51200000;CompteLib_0029;;;23I1;20230904;EcritureLib_0275;20241009;0,00;58,45;C;BQ/298;;
BQ;Banque BQ;BQ/299;20230905;41100000;CompteLib_0017;VENDIN;VILLE DE VENDIN LE VIEIL;23I3;20230905;EcritureLib_0276;20241009;0,00;122,50;C;BQ/299;A;20240507
BQ;Banque BQ;BQ/299;20230905;51200000;CompteLib_0029;;;23I3;20230905;EcritureLib_0276;20241009;122,50;0,00;D;BQ/299;;
BQ;Banque BQ;BQ/300;20230905;41100000;CompteLib_0017;CLINSELLES;VILLES DE LINSELLES;23I4;20230905;EcritureLib_0277;20241009;0,00;238,00;C;BQ/300;A;20240506
BQ;Banque BQ;BQ/300;20230905;51200000;CompteLib_0029;;;23I4;20230905;EcritureLib_0277;20241009;238,00;0,00;D;BQ/300;;
BQ;Banque BQ;BQ/301;20230906;41100000;CompteLib_0017;ATOM;ATOM CITY ;23I12;20230906;EcritureLib_0278;20241009;0,00;1048,33;C;BQ/301;E;20240507
BQ;Banque BQ;BQ/301;20230906;51200000;CompteLib_0029;;;23I12;20230906;EcritureLib_0278;20241009;1048,33;0,00;D;BQ/301;;
BQ;Banque BQ;BQ/302;20230906;61321000;CompteLib_0046;;;23I9;20230906;EcritureLib_0279;20241009;750,00;0,00;D;BQ/302;;
BQ;Banque BQ;BQ/302;20230906;51200000;CompteLib_0029;;;23I9;20230906;EcritureLib_0279;20241009;0,00;750,00;C;BQ/302;;
BQ;Banque BQ;BQ/303;20230906;66100000;CompteLib_0042;;;23I8;20230906;EcritureLib_0208;20241009;11,24;0,00;D;BQ/303;;
BQ;Banque BQ;BQ/303;20230906;51200000;CompteLib_0029;;;23I8;20230906;EcritureLib_0208;20241009;0,00;11,24;C;BQ/303;;
BQ;Banque BQ;BQ/304;20230906;16410000;CompteLib_0053;;;23I7;20230906;EcritureLib_0280;20241009;432,65;0,00;D;BQ/304;;
BQ;Banque BQ;BQ/304;20230906;51200000;CompteLib_0029;;;23I7;20230906;EcritureLib_0280;20241009;0,00;432,65;C;BQ/304;;
BQ;Banque BQ;BQ/305;20230906;40100000;CompteLib_0032;FMETRO;METRO;23I11;20230906;EcritureLib_0281;20241009;807,43;0,00;D;BQ/305;F;20240430
BQ;Banque BQ;BQ/305;20230906;51200000;CompteLib_0029;;;23I11;20230906;EcritureLib_0281;20241009;0,00;807,43;C;BQ/305;;
BQ;Banque BQ;BQ/306;20230906;64100000;CompteLib_0044;;;23I10;20230906;EcritureLib_0144;20241009;500,00;0,00;D;BQ/306;;
BQ;Banque BQ;BQ/306;20230906;51200000;CompteLib_0029;;;23I10;20230906;EcritureLib_0144;20241009;0,00;500,00;C;BQ/306;;
BQ;Banque BQ;BQ/307;20230906;41100000;CompteLib_0017;CGUILLAMOT;GUILLAMOT TEO;23I14;20230906;EcritureLib_0282;20241009;0,00;580,00;C;BQ/307;A;20240507
BQ;Banque BQ;BQ/307;20230906;51200000;CompteLib_0029;;;23I14;20230906;EcritureLib_0282;20241009;580,00;0,00;D;BQ/307;;
BQ;Banque BQ;BQ/308;20230906;41100000;CompteLib_0017;BRATS;LES PETITS BRATS ;23I13;20230906;EcritureLib_0283;20241009;0,00;382,18;C;BQ/308;D;20240507
BQ;Banque BQ;BQ/308;20230906;51200000;CompteLib_0029;;;23I13;20230906;EcritureLib_0283;20241009;382,18;0,00;D;BQ/308;;
BQ;Banque BQ;BQ/309;20230911;64660000;CompteLib_0045;;;23I20;20230911;EcritureLib_0074;20241009;44,39;0,00;D;BQ/309;;
BQ;Banque BQ;BQ/309;20230911;51200000;CompteLib_0029;;;23I20;20230911;EcritureLib_0074;20241009;0,00;44,39;C;BQ/309;;
BQ;Banque BQ;BQ/310;20230911;62700000;CompteLib_0043;;;23I19;20230911;EcritureLib_0284;20241009;92,10;0,00;D;BQ/310;;
BQ;Banque BQ;BQ/310;20230911;51200000;CompteLib_0029;;;23I19;20230911;EcritureLib_0284;20241009;0,00;92,10;C;BQ/310;;
BQ;Banque BQ;BQ/311;20230911;41100000;CompteLib_0017;CBENJAMIN;BENJAMIN HENRY;23I21;20230911;EcritureLib_0076;20241009;0,00;300,00;C;BQ/311;A;20240507
BQ;Banque BQ;BQ/311;20230911;51200000;CompteLib_0029;;;23I21;20230911;EcritureLib_0076;20241009;300,00;0,00;D;BQ/311;;
BQ;Banque BQ;BQ/312;20230914;41100000;CompteLib_0017;CBOUACHIBA;Bilel Bouachiba;23I22;20230914;EcritureLib_0285;20241009;0,00;800,00;C;BQ/312;A;20240506
BQ;Banque BQ;BQ/312;20230914;51200000;CompteLib_0029;;;23I22;20230914;EcritureLib_0285;20241009;800,00;0,00;D;BQ/312;;
BQ;Banque BQ;BQ/313;20230915;62420000;CompteLib_0041;;;23I23;20230915;EcritureLib_0286;20241009;78,90;0,00;D;BQ/313;;
BQ;Banque BQ;BQ/313;20230915;51200000;CompteLib_0029;;;23I23;20230915;EcritureLib_0286;20241009;0,00;78,90;C;BQ/313;;
BQ;Banque BQ;BQ/314;20230919;62420000;CompteLib_0041;;;23I24;20230919;EcritureLib_0287;20241009;144,48;0,00;D;BQ/314;;
BQ;Banque BQ;BQ/314;20230919;51200000;CompteLib_0029;;;23I24;20230919;EcritureLib_0287;20241009;0,00;144,48;C;BQ/314;;
BQ;Banque BQ;BQ/315;20230920;16401000;CompteLib_0005;;;23I26;20230920;EcritureLib_0288;20241009;304,45;0,00;D;BQ/315;;
BQ;Banque BQ;BQ/315;20230920;51200000;CompteLib_0029;;;23I26;20230920;EcritureLib_0288;20241009;0,00;304,45;C;BQ/315;;
BQ;Banque BQ;BQ/316;20230920;40100000;CompteLib_0032;FSTC;STC;23I25;20230920;EcritureLib_0086;20241009;238,80;0,00;D;BQ/316;E;20240427
BQ;Banque BQ;BQ/316;20230920;51200000;CompteLib_0029;;;23I25;20230920;EcritureLib_0086;20241009;0,00;238,80;C;BQ/316;;
BQ;Banque BQ;BQ/317;20230921;40910000;CompteLib_0016;;;23I27;20230921;EcritureLib_0289;20241009;3000,00;0,00;D;BQ/317;;
BQ;Banque BQ;BQ/317;20230921;51200000;CompteLib_0029;;;23I27;20230921;EcritureLib_0289;20241009;0,00;3000,00;C;BQ/317;;
BQ;Banque BQ;BQ/318;20230921;41100000;CompteLib_0017;BRATS;LES PETITS BRATS ;23I28;20230921;EcritureLib_0290;20241009;0,00;2022,00;C;BQ/318;B;20240503
BQ;Banque BQ;BQ/318;20230921;51200000;CompteLib_0029;;;23I28;20230921;EcritureLib_0290;20241009;2022,00;0,00;D;BQ/318;;
BQ;Banque BQ;BQ/319;20230922;41100000;CompteLib_0017;CLALANNE;LALANNE ARNAUD;23I29;20230922;EcritureLib_0291;20241009;0,00;1270,00;C;BQ/319;A;20240507
BQ;Banque BQ;BQ/319;20230922;51200000;CompteLib_0029;;;23I29;20230922;EcritureLib_0291;20241009;1270,00;0,00;D;BQ/319;;
BQ;Banque BQ;BQ/320;20230925;62600000;CompteLib_0047;;;23I31;20230925;EcritureLib_0292;20241009;22,48;0,00;D;BQ/320;;
BQ;Banque BQ;BQ/320;20230925;44566100;CompteLib_0020;;;23I31;20230925;EcritureLib_0292;20241009;4,50;0,00;D;BQ/320;;
BQ;Banque BQ;BQ/320;20230925;51200000;CompteLib_0029;;;23I31;20230925;EcritureLib_0292;20241009;0,00;26,98;C;BQ/320;;
BQ;Banque BQ;BQ/321;20230926;62420000;CompteLib_0041;;;23I32;20230926;EcritureLib_0293;20241009;205,19;0,00;D;BQ/321;;
BQ;Banque BQ;BQ/321;20230926;51200000;CompteLib_0029;;;23I32;20230926;EcritureLib_0293;20241009;0,00;205,19;C;BQ/321;;
BQ;Banque BQ;BQ/322;20231001;64100000;CompteLib_0044;;;23J1;20231001;EcritureLib_0144;20241009;500,00;0,00;D;BQ/322;;
BQ;Banque BQ;BQ/322;20231001;51200000;CompteLib_0029;;;23J1;20231001;EcritureLib_0144;20241009;0,00;500,00;C;BQ/322;;
BQ;Banque BQ;BQ/323;20231001;61321000;CompteLib_0046;;;23J2;20231001;EcritureLib_0294;20241009;750,00;0,00;D;BQ/323;;
BQ;Banque BQ;BQ/323;20231001;51200000;CompteLib_0029;;;23J2;20231001;EcritureLib_0294;20241009;0,00;750,00;C;BQ/323;;
BQ;Banque BQ;BQ/324;20231004;41100000;CompteLib_0017;BRATS;LES PETITS BRATS ;23J3;20231004;EcritureLib_0295;20241009;0,00;2022,00;C;BQ/324;B;20240503
BQ;Banque BQ;BQ/324;20231004;51200000;CompteLib_0029;;;23J3;20231004;EcritureLib_0295;20241009;2022,00;0,00;D;BQ/324;;
BQ;Banque BQ;BQ/325;20231006;66100000;CompteLib_0042;;;23J5;20231006;EcritureLib_0208;20241009;11,24;0,00;D;BQ/325;;
BQ;Banque BQ;BQ/325;20231006;51200000;CompteLib_0029;;;23J5;20231006;EcritureLib_0208;20241009;0,00;11,24;C;BQ/325;;
BQ;Banque BQ;BQ/326;20231006;16410000;CompteLib_0053;;;23J6;20231006;EcritureLib_0296;20241009;432,65;0,00;D;BQ/326;;
BQ;Banque BQ;BQ/326;20231006;51200000;CompteLib_0029;;;23J6;20231006;EcritureLib_0296;20241009;0,00;432,65;C;BQ/326;;
BQ;Banque BQ;BQ/327;20231009;41100000;CompteLib_0017;CDESOUSA;DE SOUSA FRANCISCO;23J8;20231009;EcritureLib_0297;20241009;0,00;1970,00;C;BQ/327;A;20240507
BQ;Banque BQ;BQ/327;20231009;51200000;CompteLib_0029;;;23J8;20231009;EcritureLib_0297;20241009;1970,00;0,00;D;BQ/327;;
BQ;Banque BQ;BQ/328;20231009;41100000;CompteLib_0017;CFIGEL;FIGEL JEROME;23J9;20231009;EcritureLib_0298;20241009;0,00;80,00;C;BQ/328;A;20240507
BQ;Banque BQ;BQ/328;20231009;51200000;CompteLib_0029;;;23J9;20231009;EcritureLib_0298;20241009;80,00;0,00;D;BQ/328;;
BQ;Banque BQ;BQ/329;20231009;64600000;CompteLib_0058;;;23J10;20231009;EcritureLib_0299;20241009;2436,00;0,00;D;BQ/329;;
BQ;Banque BQ;BQ/329;20231009;51200000;CompteLib_0029;;;23J10;20231009;EcritureLib_0299;20241009;0,00;2436,00;C;BQ/329;;
BQ;Banque BQ;BQ/330;20231009;40910000;CompteLib_0016;;;23J7;20231009;EcritureLib_0300;20241009;3000,00;0,00;D;BQ/330;;
BQ;Banque BQ;BQ/330;20231009;51200000;CompteLib_0029;;;23J7;20231009;EcritureLib_0300;20241009;0,00;3000,00;C;BQ/330;;
BQ;Banque BQ;BQ/331;20231010;62700000;CompteLib_0043;;;23J12;20231010;EcritureLib_0301;20241009;74,60;0,00;D;BQ/331;;
BQ;Banque BQ;BQ/331;20231010;51200000;CompteLib_0029;;;23J12;20231010;EcritureLib_0301;20241009;0,00;74,60;C;BQ/331;;
BQ;Banque BQ;BQ/332;20231010;64660000;CompteLib_0045;;;23J13;20231010;EcritureLib_0074;20241009;44,39;0,00;D;BQ/332;;
BQ;Banque BQ;BQ/332;20231010;51200000;CompteLib_0029;;;23J13;20231010;EcritureLib_0074;20241009;0,00;44,39;C;BQ/332;;
BQ;Banque BQ;BQ/333;20231011;62420000;CompteLib_0041;;;23J17;20231011;EcritureLib_0302;20241009;327,12;0,00;D;BQ/333;;
BQ;Banque BQ;BQ/333;20231011;51200000;CompteLib_0029;;;23J17;20231011;EcritureLib_0302;20241009;0,00;327,12;C;BQ/333;;
BQ;Banque BQ;BQ/334;20231011;41100000;CompteLib_0017;CFIGEL;FIGEL JEROME;23J14;20231011;EcritureLib_0303;20241009;0,00;1100,00;C;BQ/334;A;20240507
BQ;Banque BQ;BQ/334;20231011;51200000;CompteLib_0029;;;23J14;20231011;EcritureLib_0303;20241009;1100,00;0,00;D;BQ/334;;
BQ;Banque BQ;BQ/335;20231011;41100000;CompteLib_0017;CDIVERS;DIVERS;23J16;20231011;EcritureLib_0076;20241009;0,00;200,00;C;BQ/335;I;20240507
BQ;Banque BQ;BQ/335;20231011;51200000;CompteLib_0029;;;23J16;20231011;EcritureLib_0076;20241009;200,00;0,00;D;BQ/335;;
BQ;Banque BQ;BQ/336;20231011;41100000;CompteLib_0017;CDAVIDC;DAVID C;23J15;20231011;EcritureLib_0095;20241009;0,00;750,00;C;BQ/336;B;20240506
BQ;Banque BQ;BQ/336;20231011;51200000;CompteLib_0029;;;23J15;20231011;EcritureLib_0095;20241009;750,00;0,00;D;BQ/336;;
BQ;Banque BQ;BQ/337;20231012;41100000;CompteLib_0017;CTDE;TDE  CONSULTING & MANAGEMENT;23J20;20231012;EcritureLib_0304;20241009;0,00;2252,00;C;BQ/337;B;20240507
BQ;Banque BQ;BQ/337;20231012;51200000;CompteLib_0029;;;23J20;20231012;EcritureLib_0304;20241009;2252,00;0,00;D;BQ/337;;
BQ;Banque BQ;BQ/338;20231012;41100000;CompteLib_0017;CASSONUMRK;ASSOCIATION PROJET NUMERIK;23J19;20231012;EcritureLib_0305;20241009;0,00;450,00;C;BQ/338;A;20240507
BQ;Banque BQ;BQ/338;20231012;51200000;CompteLib_0029;;;23J19;20231012;EcritureLib_0305;20241009;450,00;0,00;D;BQ/338;;
BQ;Banque BQ;BQ/339;20231013;64600000;CompteLib_0058;;;23J21;20231013;EcritureLib_0299;20241009;182,00;0,00;D;BQ/339;;
BQ;Banque BQ;BQ/339;20231013;51200000;CompteLib_0029;;;23J21;20231013;EcritureLib_0299;20241009;0,00;182,00;C;BQ/339;;
BQ;Banque BQ;BQ/340;20231016;40910000;CompteLib_0016;;;23J23;20231016;EcritureLib_0306;20241009;3000,00;0,00;D;BQ/340;;
BQ;Banque BQ;BQ/340;20231016;51200000;CompteLib_0029;;;23J23;20231016;EcritureLib_0306;20241009;0,00;3000,00;C;BQ/340;;
BQ;Banque BQ;BQ/341;20231016;41100000;CompteLib_0017;CCANLERS;FABRICE CANLERS;23J22;20231016;EcritureLib_0307;20241009;0,00;1900,00;C;BQ/341;A;20240507
BQ;Banque BQ;BQ/341;20231016;51200000;CompteLib_0029;;;23J22;20231016;EcritureLib_0307;20241009;1900,00;0,00;D;BQ/341;;
BQ;Banque BQ;BQ/342;20231017;62420000;CompteLib_0041;;;23J25;20231017;EcritureLib_0308;20241009;217,09;0,00;D;BQ/342;;
BQ;Banque BQ;BQ/342;20231017;51200000;CompteLib_0029;;;23J25;20231017;EcritureLib_0308;20241009;0,00;217,09;C;BQ/342;;
BQ;Banque BQ;BQ/343;20231017;40100000;CompteLib_0032;FGEODIS;GEODIS;23J26;20231017;EcritureLib_0308;20241009;244,80;0,00;D;BQ/343;B;20240917
BQ;Banque BQ;BQ/343;20231017;51200000;CompteLib_0029;;;23J26;20231017;EcritureLib_0308;20241009;0,00;244,80;C;BQ/343;;
BQ;Banque BQ;BQ/344;20231018;40100000;CompteLib_0032;FMETRO;METRO;23J29;20231018;EcritureLib_0309;20241009;590,75;0,00;D;BQ/344;G;20240430
BQ;Banque BQ;BQ/344;20231018;51200000;CompteLib_0029;;;23J29;20231018;EcritureLib_0309;20241009;0,00;590,75;C;BQ/344;;
BQ;Banque BQ;BQ/345;20231018;40100000;CompteLib_0032;FMETRO;METRO;23J31;20231018;EcritureLib_0310;20241009;436,95;0,00;D;BQ/345;H;20240430
BQ;Banque BQ;BQ/345;20231018;51200000;CompteLib_0029;;;23J31;20231018;EcritureLib_0310;20241009;0,00;436,95;C;BQ/345;;
BQ;Banque BQ;BQ/346;20231018;62420000;CompteLib_0041;;;23J30;20231018;EcritureLib_0311;20241009;52,25;0,00;D;BQ/346;;
BQ;Banque BQ;BQ/346;20231018;51200000;CompteLib_0029;;;23J30;20231018;EcritureLib_0311;20241009;0,00;52,25;C;BQ/346;;
BQ;Banque BQ;BQ/347;20231020;16401000;CompteLib_0005;;;23J34;20231020;EcritureLib_0312;20241009;304,45;0,00;D;BQ/347;;
BQ;Banque BQ;BQ/347;20231020;51200000;CompteLib_0029;;;23J34;20231020;EcritureLib_0312;20241009;0,00;304,45;C;BQ/347;;
BQ;Banque BQ;BQ/348;20231020;40100000;CompteLib_0032;FSTC;STC;23J33;20231020;EcritureLib_0086;20241009;238,80;0,00;D;BQ/348;E;20240427
BQ;Banque BQ;BQ/348;20231020;51200000;CompteLib_0029;;;23J33;20231020;EcritureLib_0086;20241009;0,00;238,80;C;BQ/348;;
BQ;Banque BQ;BQ/349;20231023;40100000;CompteLib_0032;FRENT;RENT AND DROP;23J39;20231023;EcritureLib_0313;20241009;52,80;0,00;D;BQ/349;E;20240816
BQ;Banque BQ;BQ/349;20231023;51200000;CompteLib_0029;;;23J39;20231023;EcritureLib_0313;20241009;0,00;52,80;C;BQ/349;;
BQ;Banque BQ;BQ/350;20231023;40100000;CompteLib_0032;FBRICO;BRICO DEPOT;23J40;20231023;EcritureLib_0314;20241009;24,40;0,00;D;BQ/350;I;20240430
BQ;Banque BQ;BQ/350;20231023;51200000;CompteLib_0029;;;23J40;20231023;EcritureLib_0314;20241009;0,00;24,40;C;BQ/350;;
BQ;Banque BQ;BQ/351;20231023;40100000;CompteLib_0032;FBRICO;BRICO DEPOT;23J38;20231023;EcritureLib_0314;20241009;740,06;0,00;D;BQ/351;J;20240430
BQ;Banque BQ;BQ/351;20231023;51200000;CompteLib_0029;;;23J38;20231023;EcritureLib_0314;20241009;0,00;740,06;C;BQ/351;;
BQ;Banque BQ;BQ/352;20231025;62600000;CompteLib_0047;;;23J42;20231025;EcritureLib_0315;20241009;22,48;0,00;D;BQ/352;;
BQ;Banque BQ;BQ/352;20231025;44566100;CompteLib_0020;;;23J42;20231025;EcritureLib_0315;20241009;4,50;0,00;D;BQ/352;;
BQ;Banque BQ;BQ/352;20231025;51200000;CompteLib_0029;;;23J42;20231025;EcritureLib_0315;20241009;0,00;26,98;C;BQ/352;;
BQ;Banque BQ;BQ/353;20231025;60610000;CompteLib_0048;;;23J41;20231025;EcritureLib_0316;20241009;354,11;0,00;D;BQ/353;;
BQ;Banque BQ;BQ/353;20231025;44566100;CompteLib_0020;;;23J41;20231025;EcritureLib_0316;20241009;70,82;0,00;D;BQ/353;;
BQ;Banque BQ;BQ/353;20231025;51200000;CompteLib_0029;;;23J41;20231025;EcritureLib_0316;20241009;0,00;424,93;C;BQ/353;;
BQ;Banque BQ;BQ/354;20231025;41100000;CompteLib_0017;BRATS;LES PETITS BRATS ;23J43;20231025;EcritureLib_0317;20241009;0,00;2022,00;C;BQ/354;B;20240503
BQ;Banque BQ;BQ/354;20231025;51200000;CompteLib_0029;;;23J43;20231025;EcritureLib_0317;20241009;2022,00;0,00;D;BQ/354;;
BQ;Banque BQ;BQ/355;20231026;60610000;CompteLib_0048;;;23J47;20231026;EcritureLib_0318;20241009;371,77;0,00;D;BQ/355;;
BQ;Banque BQ;BQ/355;20231026;44566100;CompteLib_0020;;;23J47;20231026;EcritureLib_0318;20241009;74,35;0,00;D;BQ/355;;
BQ;Banque BQ;BQ/355;20231026;51200000;CompteLib_0029;;;23J47;20231026;EcritureLib_0318;20241009;0,00;446,12;C;BQ/355;;
BQ;Banque BQ;BQ/356;20231030;40100000;CompteLib_0032;FGEODIS;GEODIS;23J48;20231030;EcritureLib_0319;20241009;252,00;0,00;D;BQ/356;B;20240917
BQ;Banque BQ;BQ/356;20231030;51200000;CompteLib_0029;;;23J48;20231030;EcritureLib_0319;20241009;0,00;252,00;C;BQ/356;;
BQ;Banque BQ;BQ/357;20231030;60630000;CompteLib_0036;;;23J49;20231030;EcritureLib_0320;20241009;16,45;0,00;D;BQ/357;;
BQ;Banque BQ;BQ/357;20231030;44566100;CompteLib_0020;;;23J49;20231030;EcritureLib_0320;20241009;3,29;0,00;D;BQ/357;;
BQ;Banque BQ;BQ/357;20231030;51200000;CompteLib_0029;;;23J49;20231030;EcritureLib_0320;20241009;0,00;19,74;C;BQ/357;;
BQ;Banque BQ;BQ/358;20231103;41100000;CompteLib_0017;CSOCIALJANS;Centre Social Christian Janssenss;23K1;20231103;EcritureLib_0321;20241009;0,00;75,00;C;BQ/358;A;20240507
BQ;Banque BQ;BQ/358;20231103;51200000;CompteLib_0029;;;23K1;20231103;EcritureLib_0321;20241009;75,00;0,00;D;BQ/358;;
BQ;Banque BQ;BQ/359;20231104;41100000;CompteLib_0017;BRATS;LES PETITS BRATS ;23K5;20231104;EcritureLib_0322;20241009;0,00;2022,00;C;BQ/359;B;20240503
BQ;Banque BQ;BQ/359;20231104;51200000;CompteLib_0029;;;23K5;20231104;EcritureLib_0322;20241009;2022,00;0,00;D;BQ/359;;
BQ;Banque BQ;BQ/360;20231104;16410000;CompteLib_0053;;;23K4;20231104;EcritureLib_0323;20241009;432,65;0,00;D;BQ/360;;
BQ;Banque BQ;BQ/360;20231104;51200000;CompteLib_0029;;;23K4;20231104;EcritureLib_0323;20241009;0,00;432,65;C;BQ/360;;
BQ;Banque BQ;BQ/361;20231104;16400000;CompteLib_0004;;;23K3;20231104;EcritureLib_0324;20241009;212,98;0,00;D;BQ/361;;
BQ;Banque BQ;BQ/361;20231104;51200000;CompteLib_0029;;;23K3;20231104;EcritureLib_0324;20241009;0,00;223,36;C;BQ/361;;
BQ;Banque BQ;BQ/361;20231104;66100000;CompteLib_0042;;;23K3;20231104;EcritureLib_0324;20241009;10,38;0,00;D;BQ/361;;
BQ;Banque BQ;BQ/362;20231106;40100000;CompteLib_0032;FRENT;RENT AND DROP;23K7;20231106;EcritureLib_0325;20241009;60,00;0,00;D;BQ/362;;
BQ;Banque BQ;BQ/362;20231106;51200000;CompteLib_0029;;;23K7;20231106;EcritureLib_0325;20241009;0,00;60,00;C;BQ/362;;
BQ;Banque BQ;BQ/363;20231110;62700000;CompteLib_0043;;;23K9;20231110;EcritureLib_0326;20241009;92,31;0,00;D;BQ/363;;
BQ;Banque BQ;BQ/363;20231110;51200000;CompteLib_0029;;;23K9;20231110;EcritureLib_0326;20241009;0,00;92,31;C;BQ/363;;
BQ;Banque BQ;BQ/364;20231110;41100000;CompteLib_0017;SIMPLON;SIMPLO CO;23K12;20231110;EcritureLib_0076;20241009;0,00;90,00;C;BQ/364;A;20240507
BQ;Banque BQ;BQ/364;20231110;51200000;CompteLib_0029;;;23K12;20231110;EcritureLib_0076;20241009;90,00;0,00;D;BQ/364;;
BQ;Banque BQ;BQ/365;20231110;41100000;CompteLib_0017;CDIVERS;DIVERS;23K11;20231110;EcritureLib_0076;20241009;0,00;250,00;C;BQ/365;J;20240507
BQ;Banque BQ;BQ/365;20231110;51200000;CompteLib_0029;;;23K11;20231110;EcritureLib_0076;20241009;250,00;0,00;D;BQ/365;;
BQ;Banque BQ;BQ/366;20231110;64660000;CompteLib_0045;;;23K10;20231110;EcritureLib_0074;20241009;44,39;0,00;D;BQ/366;;
BQ;Banque BQ;BQ/366;20231110;51200000;CompteLib_0029;;;23K10;20231110;EcritureLib_0074;20241009;0,00;44,39;C;BQ/366;;
BQ;Banque BQ;BQ/367;20231113;41100000;CompteLib_0017;CVANDEPUTTE;VANDEPUTTE GAETAN;23K14;20231113;EcritureLib_0327;20241009;0,00;1100,00;C;BQ/367;A;20240507
BQ;Banque BQ;BQ/367;20231113;51200000;CompteLib_0029;;;23K14;20231113;EcritureLib_0327;20241009;1100,00;0,00;D;BQ/367;;
BQ;Banque BQ;BQ/368;20231117;41100000;CompteLib_0017;BRATS;LES PETITS BRATS ;23K16;20231117;EcritureLib_0328;20241009;0,00;522,98;C;BQ/368;B;20240503
BQ;Banque BQ;BQ/368;20231117;51200000;CompteLib_0029;;;23K16;20231117;EcritureLib_0328;20241009;522,98;0,00;D;BQ/368;;
BQ;Banque BQ;BQ/369;20231117;41100000;CompteLib_0017;CGUILLAMOT;GUILLAMOT TEO;23K17;20231117;EcritureLib_0282;20241009;0,00;300,00;C;BQ/369;A;20240507
BQ;Banque BQ;BQ/369;20231117;51200000;CompteLib_0029;;;23K17;20231117;EcritureLib_0282;20241009;300,00;0,00;D;BQ/369;;
BQ;Banque BQ;BQ/370;20231120;16401000;CompteLib_0005;;;23K19;20231120;EcritureLib_0329;20241009;304,45;0,00;D;BQ/370;;
BQ;Banque BQ;BQ/370;20231120;51200000;CompteLib_0029;;;23K19;20231120;EcritureLib_0329;20241009;0,00;304,45;C;BQ/370;;
BQ;Banque BQ;BQ/371;20231123;40910000;CompteLib_0016;;;23K21;20231123;EcritureLib_0330;20241009;3000,00;0,00;D;BQ/371;;
BQ;Banque BQ;BQ/371;20231123;51200000;CompteLib_0029;;;23K21;20231123;EcritureLib_0330;20241009;0,00;3000,00;C;BQ/371;;
BQ;Banque BQ;BQ/372;20231123;40100000;CompteLib_0032;FSTC;STC;23K20;20231123;EcritureLib_0086;20241009;238,80;0,00;D;BQ/372;E;20240427
BQ;Banque BQ;BQ/372;20231123;51200000;CompteLib_0029;;;23K20;20231123;EcritureLib_0086;20241009;0,00;238,80;C;BQ/372;;
BQ;Banque BQ;BQ/373;20231124;60610000;CompteLib_0048;;;23K22;20231124;EcritureLib_0331;20241009;499,16;0,00;D;BQ/373;;
BQ;Banque BQ;BQ/373;20231124;44566100;CompteLib_0020;;;23K22;20231124;EcritureLib_0331;20241009;99,83;0,00;D;BQ/373;;
BQ;Banque BQ;BQ/373;20231124;51200000;CompteLib_0029;;;23K22;20231124;EcritureLib_0331;20241009;0,00;598,99;C;BQ/373;;
BQ;Banque BQ;BQ/374;20231127;62600000;CompteLib_0047;;;23K24;20231127;EcritureLib_0332;20241009;22,48;0,00;D;BQ/374;;
BQ;Banque BQ;BQ/374;20231127;44566100;CompteLib_0020;;;23K24;20231127;EcritureLib_0332;20241009;4,50;0,00;D;BQ/374;;
BQ;Banque BQ;BQ/374;20231127;51200000;CompteLib_0029;;;23K24;20231127;EcritureLib_0332;20241009;0,00;26,98;C;BQ/374;;
BQ;Banque BQ;BQ/375;20231127;41100000;CompteLib_0017;CVANDEPUTTE;VANDEPUTTE GAETAN;23K25;20231127;EcritureLib_0327;20241009;0,00;1150,00;C;BQ/375;A;20240507
BQ;Banque BQ;BQ/375;20231127;51200000;CompteLib_0029;;;23K25;20231127;EcritureLib_0327;20241009;1150,00;0,00;D;BQ/375;;
BQ;Banque BQ;BQ/376;20231128;41100000;CompteLib_0017;CDUFAYE;DUFAYE GUILLAUME;23K26;20231128;EcritureLib_0333;20241009;0,00;600,00;C;BQ/376;A;20240507
BQ;Banque BQ;BQ/376;20231128;51200000;CompteLib_0029;;;23K26;20231128;EcritureLib_0333;20241009;600,00;0,00;D;BQ/376;;
BQ;Banque BQ;BQ/377;20231130;41100000;CompteLib_0017;CRONCHIN;MAIRIE DE RONCHIN;23K29;20231130;EcritureLib_0334;20241009;0,00;300,00;C;BQ/377;A;20240507
BQ;Banque BQ;BQ/377;20231130;51200000;CompteLib_0029;;;23K29;20231130;EcritureLib_0334;20241009;300,00;0,00;D;BQ/377;;
BQ;Banque BQ;BQ/378;20231130;41100000;CompteLib_0017;CCOMPLEX;COMPLEX STUDY;23K31;20231130;EcritureLib_0076;20241009;0,00;280,00;C;BQ/378;A;20240507
BQ;Banque BQ;BQ/378;20231130;51200000;CompteLib_0029;;;23K31;20231130;EcritureLib_0076;20241009;280,00;0,00;D;BQ/378;;
BQ;Banque BQ;BQ/379;20231130;40100000;CompteLib_0032;FACTION;ACTION;23K32;20231130;EcritureLib_0335;20241009;42,28;0,00;D;BQ/379;A;20240430
BQ;Banque BQ;BQ/379;20231130;51200000;CompteLib_0029;;;23K32;20231130;EcritureLib_0335;20241009;0,00;42,28;C;BQ/379;;
BQ;Banque BQ;BQ/380;20231130;41100000;CompteLib_0017;CDIVERS;DIVERS;23K30;20231130;EcritureLib_0076;20241009;0,00;250,00;C;BQ/380;K;20240507
BQ;Banque BQ;BQ/380;20231130;51200000;CompteLib_0029;;;23K30;20231130;EcritureLib_0076;20241009;250,00;0,00;D;BQ/380;;
BQ;Banque BQ;BQ/381;20231201;64600000;CompteLib_0058;;;23L2;20231201;EcritureLib_0336;20241009;8977,39;0,00;D;BQ/381;;
BQ;Banque BQ;BQ/381;20231201;51200000;CompteLib_0029;;;23L2;20231201;EcritureLib_0336;20241009;0,00;8977,39;C;BQ/381;;
BQ;Banque BQ;BQ/382;20231201;61321000;CompteLib_0046;;;23L4;20231201;EcritureLib_0337;20241009;750,00;0,00;D;BQ/382;;
BQ;Banque BQ;BQ/382;20231201;51200000;CompteLib_0029;;;23L4;20231201;EcritureLib_0337;20241009;0,00;750,00;C;BQ/382;;
BQ;Banque BQ;BQ/383;20231201;45100000;CompteLib_0054;;;23L1;20231201;EcritureLib_0338;20241009;0,00;9000,00;C;BQ/383;;
BQ;Banque BQ;BQ/383;20231201;51200000;CompteLib_0029;;;23L1;20231201;EcritureLib_0338;20241009;9000,00;0,00;D;BQ/383;;
BQ;Banque BQ;BQ/384;20231201;61321000;CompteLib_0046;;;23L3;20231201;EcritureLib_0339;20241009;750,00;0,00;D;BQ/384;;
BQ;Banque BQ;BQ/384;20231201;51200000;CompteLib_0029;;;23L3;20231201;EcritureLib_0339;20241009;0,00;750,00;C;BQ/384;;
BQ;Banque BQ;BQ/385;20231203;41100000;CompteLib_0017;CGUILLAMOT;GUILLAMOT TEO;23L6;20231203;EcritureLib_0282;20241009;0,00;280,00;C;BQ/385;A;20240507
BQ;Banque BQ;BQ/385;20231203;51200000;CompteLib_0029;;;23L6;20231203;EcritureLib_0282;20241009;280,00;0,00;D;BQ/385;;
BQ;Banque BQ;BQ/386;20231204;40100000;CompteLib_0032;FBRICO;BRICO DEPOT;23L8;20231204;EcritureLib_0340;20241009;130,15;0,00;D;BQ/386;H;20240430
BQ;Banque BQ;BQ/386;20231204;51200000;CompteLib_0029;;;23L8;20231204;EcritureLib_0340;20241009;0,00;130,15;C;BQ/386;;
BQ;Banque BQ;BQ/387;20231204;41100000;CompteLib_0017;CMEDIATHEQUE;MEDIATHEQUE ROUBAIX;23L7;20231204;EcritureLib_0341;20241009;0,00;500,00;C;BQ/387;A;20240507
BQ;Banque BQ;BQ/387;20231204;51200000;CompteLib_0029;;;23L7;20231204;EcritureLib_0341;20241009;500,00;0,00;D;BQ/387;;
BQ;Banque BQ;BQ/388;20231206;60616000;CompteLib_0048;;;23L12;20231206;EcritureLib_0342;20241009;30,00;0,00;D;BQ/388;;
BQ;Banque BQ;BQ/388;20231206;51200000;CompteLib_0029;;;23L12;20231206;EcritureLib_0342;20241009;0,00;30,00;C;BQ/388;;
BQ;Banque BQ;BQ/389;20231206;16410000;CompteLib_0053;;;23L11;20231206;EcritureLib_0343;20241009;432,65;0,00;D;BQ/389;;
BQ;Banque BQ;BQ/389;20231206;51200000;CompteLib_0029;;;23L11;20231206;EcritureLib_0343;20241009;0,00;432,65;C;BQ/389;;
BQ;Banque BQ;BQ/390;20231207;41100000;CompteLib_0017;CRONCHIN;MAIRIE DE RONCHIN;23L14;20231207;EcritureLib_0344;20241009;0,00;75,00;C;BQ/390;B;20240507
BQ;Banque BQ;BQ/390;20231207;51200000;CompteLib_0029;;;23L14;20231207;EcritureLib_0344;20241009;75,00;0,00;D;BQ/390;;
BQ;Banque BQ;BQ/391;20231207;41100000;CompteLib_0017;CCOLLECTOR;COLLECTOR PINBALL INDUSTRIE;23L15;20231207;EcritureLib_0345;20241009;0,00;1600,00;C;BQ/391;C;20240507
BQ;Banque BQ;BQ/391;20231207;51200000;CompteLib_0029;;;23L15;20231207;EcritureLib_0345;20241009;1600,00;0,00;D;BQ/391;;
BQ;Banque BQ;BQ/392;20231207;41100000;CompteLib_0017;CMESSAOUDI;NICOLAS MESSAOUDI;23L16;20231207;EcritureLib_0346;20241009;0,00;2200,00;C;BQ/392;A;20240507
BQ;Banque BQ;BQ/392;20231207;51200000;CompteLib_0029;;;23L16;20231207;EcritureLib_0346;20241009;2200,00;0,00;D;BQ/392;;
BQ;Banque BQ;BQ/393;20231208;40100000;CompteLib_0032;FRENT;RENT AND DROP;23L18;20231208;EcritureLib_0347;20241009;201,60;0,00;D;BQ/393;F;20240816
BQ;Banque BQ;BQ/393;20231208;51200000;CompteLib_0029;;;23L18;20231208;EcritureLib_0347;20241009;0,00;201,60;C;BQ/393;;
BQ;Banque BQ;BQ/394;20231208;40100000;CompteLib_0032;FMETRO;METRO;23L19;20231208;EcritureLib_0348;20241009;525,08;0,00;D;BQ/394;I;20240430
BQ;Banque BQ;BQ/394;20231208;51200000;CompteLib_0029;;;23L19;20231208;EcritureLib_0348;20241009;0,00;525,08;C;BQ/394;;
BQ;Banque BQ;BQ/395;20231209;60630000;CompteLib_0036;;;23L20;20231209;EcritureLib_0349;20241009;43,85;0,00;D;BQ/395;;
BQ;Banque BQ;BQ/395;20231209;51200000;CompteLib_0029;;;23L20;20231209;EcritureLib_0349;20241009;0,00;43,85;C;BQ/395;;
BQ;Banque BQ;BQ/396;20231210;41100000;CompteLib_0017;CFRAYSSINET;FRAYSSINET THIBAULT;23L21;20231210;EcritureLib_0350;20241009;0,00;1900,00;C;BQ/396;A;20240507
BQ;Banque BQ;BQ/396;20231210;51200000;CompteLib_0029;;;23L21;20231210;EcritureLib_0350;20241009;1900,00;0,00;D;BQ/396;;
BQ;Banque BQ;BQ/397;20231211;41100000;CompteLib_0017;CCHERCHALI;CHERCHALI MEHDI;23L25;20231211;EcritureLib_0351;20241009;0,00;1110,00;C;BQ/397;;
BQ;Banque BQ;BQ/397;20231211;51200000;CompteLib_0029;;;23L25;20231211;EcritureLib_0351;20241009;1110,00;0,00;D;BQ/397;;
BQ;Banque BQ;BQ/398;20231211;64660000;CompteLib_0045;;;23L24;20231211;EcritureLib_0074;20241009;44,39;0,00;D;BQ/398;;
BQ;Banque BQ;BQ/398;20231211;51200000;CompteLib_0029;;;23L24;20231211;EcritureLib_0074;20241009;0,00;44,39;C;BQ/398;;
BQ;Banque BQ;BQ/399;20231211;62700000;CompteLib_0043;;;23L23;20231211;EcritureLib_0352;20241009;74,60;0,00;D;BQ/399;;
BQ;Banque BQ;BQ/399;20231211;51200000;CompteLib_0029;;;23L23;20231211;EcritureLib_0352;20241009;0,00;74,60;C;BQ/399;;
BQ;Banque BQ;BQ/400;20231211;41100000;CompteLib_0017;LAN;LAN ;23L26;20231211;EcritureLib_0353;20241009;0,00;600,00;C;BQ/400;;
BQ;Banque BQ;BQ/400;20231211;51200000;CompteLib_0029;;;23L26;20231211;EcritureLib_0353;20241009;600,00;0,00;D;BQ/400;;
BQ;Banque BQ;BQ/401;20231213;41100000;CompteLib_0017;CWATTINE;WATTINE LUCAS;23L28;20231213;EcritureLib_0354;20241009;0,00;1000,00;C;BQ/401;A;20240507
BQ;Banque BQ;BQ/401;20231213;51200000;CompteLib_0029;;;23L28;20231213;EcritureLib_0354;20241009;1000,00;0,00;D;BQ/401;;
BQ;Banque BQ;BQ/402;20231215;41100000;CompteLib_0017;CDESCAMPS;DESCAMPS KEVIN;23L33;20231215;EcritureLib_0076;20241009;0,00;175,00;C;BQ/402;A;20240507
BQ;Banque BQ;BQ/402;20231215;51200000;CompteLib_0029;;;23L33;20231215;EcritureLib_0076;20241009;175,00;0,00;D;BQ/402;;
BQ;Banque BQ;BQ/403;20231215;41100000;CompteLib_0017;CLILFIGHT;LIL FIGHTER;23L34;20231215;EcritureLib_0076;20241009;0,00;680,00;C;BQ/403;A;20240507
BQ;Banque BQ;BQ/403;20231215;51200000;CompteLib_0029;;;23L34;20231215;EcritureLib_0076;20241009;680,00;0,00;D;BQ/403;;
BQ;Banque BQ;BQ/404;20231215;41100000;CompteLib_0017;BRATS;LES PETITS BRATS ;23L35;20231215;EcritureLib_0355;20241009;0,00;379,91;C;BQ/404;H;20240507
BQ;Banque BQ;BQ/404;20231215;51200000;CompteLib_0029;;;23L35;20231215;EcritureLib_0355;20241009;379,91;0,00;D;BQ/404;;
BQ;Banque BQ;BQ/405;20231216;40910000;CompteLib_0016;;;23L36;20231216;EcritureLib_0356;20241009;3000,00;0,00;D;BQ/405;;
BQ;Banque BQ;BQ/405;20231216;51200000;CompteLib_0029;;;23L36;20231216;EcritureLib_0356;20241009;0,00;3000,00;C;BQ/405;;
BQ;Banque BQ;BQ/406;20231218;60616000;CompteLib_0048;;;23L37;20231218;EcritureLib_0357;20241009;11,91;0,00;D;BQ/406;;
BQ;Banque BQ;BQ/406;20231218;51200000;CompteLib_0029;;;23L37;20231218;EcritureLib_0357;20241009;0,00;11,91;C;BQ/406;;
BQ;Banque BQ;BQ/407;20231218;63511000;CompteLib_0059;;;23L38;20231218;EcritureLib_0358;20241009;583,00;0,00;D;BQ/407;;
BQ;Banque BQ;BQ/407;20231218;51200000;CompteLib_0029;;;23L38;20231218;EcritureLib_0358;20241009;0,00;583,00;C;BQ/407;;
BQ;Banque BQ;BQ/408;20231219;40100000;CompteLib_0032;FRENT;RENT AND DROP;23L39;20231219;EcritureLib_0359;20241009;60,00;0,00;D;BQ/408;G;20240816
BQ;Banque BQ;BQ/408;20231219;51200000;CompteLib_0029;;;23L39;20231219;EcritureLib_0359;20241009;0,00;60,00;C;BQ/408;;
BQ;Banque BQ;BQ/409;20231220;16401000;CompteLib_0005;;;23L41;20231220;EcritureLib_0360;20241009;304,45;0,00;D;BQ/409;;
BQ;Banque BQ;BQ/409;20231220;51200000;CompteLib_0029;;;23L41;20231220;EcritureLib_0360;20241009;0,00;304,45;C;BQ/409;;
BQ;Banque BQ;BQ/410;20231220;41100000;CompteLib_0017;CNIGHT;NIGHT BIRDS;23L40;20231220;EcritureLib_0361;20241009;0,00;300,00;C;BQ/410;A;20240506
BQ;Banque BQ;BQ/410;20231220;51200000;CompteLib_0029;;;23L40;20231220;EcritureLib_0361;20241009;300,00;0,00;D;BQ/410;;
BQ;Banque BQ;BQ/411;20231221;41100000;CompteLib_0017;CCSINTER;CENTRE SOCIAL INTERCOMMUNAL;23L43;20231221;EcritureLib_0066;20241009;0,00;450,00;C;BQ/411;A;20240507
BQ;Banque BQ;BQ/411;20231221;51200000;CompteLib_0029;;;23L43;20231221;EcritureLib_0066;20241009;450,00;0,00;D;BQ/411;;
BQ;Banque BQ;BQ/412;20231223;41100000;CompteLib_0017;CDIVERS;DIVERS;23L44;20231223;EcritureLib_0076;20241009;0,00;150,00;C;BQ/412;L;20240507
BQ;Banque BQ;BQ/412;20231223;51200000;CompteLib_0029;;;23L44;20231223;EcritureLib_0076;20241009;150,00;0,00;D;BQ/412;;
BQ;Banque BQ;BQ/413;20231227;62600000;CompteLib_0047;;;23L48;20231227;EcritureLib_0332;20241009;22,48;0,00;D;BQ/413;;
BQ;Banque BQ;BQ/413;20231227;44566100;CompteLib_0020;;;23L48;20231227;EcritureLib_0332;20241009;4,50;0,00;D;BQ/413;;
BQ;Banque BQ;BQ/413;20231227;51200000;CompteLib_0029;;;23L48;20231227;EcritureLib_0332;20241009;0,00;26,98;C;BQ/413;;
BQ;Banque BQ;BQ/414;20231227;63511000;CompteLib_0059;;;23L49;20231227;EcritureLib_0362;20241009;583,00;0,00;D;BQ/414;;
BQ;Banque BQ;BQ/414;20231227;51200000;CompteLib_0029;;;23L49;20231227;EcritureLib_0362;20241009;0,00;583,00;C;BQ/414;;
BQ;Banque BQ;BQ/415;20231227;60610000;CompteLib_0048;;;23L47;20231227;EcritureLib_0363;20241009;1014,80;0,00;D;BQ/415;;
BQ;Banque BQ;BQ/415;20231227;44566100;CompteLib_0020;;;23L47;20231227;EcritureLib_0363;20241009;202,96;0,00;D;BQ/415;;
BQ;Banque BQ;BQ/415;20231227;51200000;CompteLib_0029;;;23L47;20231227;EcritureLib_0363;20241009;0,00;1217,76;C;BQ/415;;
BQ;Banque BQ;BQ/416;20231227;41100000;CompteLib_0017;CLAMBERSART;VILLE DE LAMBERSART;23L46;20231227;EcritureLib_0364;20241009;0,00;1000,00;C;BQ/416;;
BQ;Banque BQ;BQ/416;20231227;51200000;CompteLib_0029;;;23L46;20231227;EcritureLib_0364;20241009;1000,00;0,00;D;BQ/416;;
BQ;Banque BQ;BQ/417;20231228;40100000;CompteLib_0032;FSTC;STC;23L50;20231228;EcritureLib_0086;20241009;238,80;0,00;D;BQ/417;E;20240427
BQ;Banque BQ;BQ/417;20231228;51200000;CompteLib_0029;;;23L50;20231228;EcritureLib_0086;20241009;0,00;238,80;C;BQ/417;;
BQ;Banque BQ;BQ/418;20231229;63511000;CompteLib_0059;;;23L51;20231229;EcritureLib_0365;20241009;0,00;583,00;C;BQ/418;;
BQ;Banque BQ;BQ/418;20231229;51200000;CompteLib_0029;;;23L51;20231229;EcritureLib_0365;20241009;583,00;0,00;D;BQ/418;;
BQ;Banque BQ;BQ/419;20231230;41100000;CompteLib_0017;BRATS;LES PETITS BRATS ;23L55;20231230;EcritureLib_0366;20241009;0,00;192,38;C;BQ/419;F;20240507
BQ;Banque BQ;BQ/419;20231230;51200000;CompteLib_0029;;;23L55;20231230;EcritureLib_0366;20241009;192,38;0,00;D;BQ/419;;
BQ;Banque BQ;BQ/420;20231230;40910000;CompteLib_0016;;;23L56;20231230;EcritureLib_0367;20241009;3000,00;0,00;D;BQ/420;;
BQ;Banque BQ;BQ/420;20231230;51200000;CompteLib_0029;;;23L56;20231230;EcritureLib_0367;20241009;0,00;3000,00;C;BQ/420;;
BQ;Banque BQ;BQ/421;20231230;41100000;CompteLib_0017;BRATS;LES PETITS BRATS ;23L52;20231230;EcritureLib_0368;20241009;0,00;428,00;C;BQ/421;E;20240507
BQ;Banque BQ;BQ/421;20231230;51200000;CompteLib_0029;;;23L52;20231230;EcritureLib_0368;20241009;428,00;0,00;D;BQ/421;;
BQ;Banque BQ;BQ/422;20231230;41100000;CompteLib_0017;ATOM;ATOM CITY ;23L54;20231230;EcritureLib_0369;20241009;0,00;321,02;C;BQ/422;G;20240507
BQ;Banque BQ;BQ/422;20231230;51200000;CompteLib_0029;;;23L54;20231230;EcritureLib_0369;20241009;321,02;0,00;D;BQ/422;;
BQ;Banque BQ;BQ/423;20231230;41100000;CompteLib_0017;ATOM;ATOM CITY ;23L53;20231230;EcritureLib_0370;20241009;0,00;615,15;C;BQ/423;F;20240507
BQ;Banque BQ;BQ/423;20231230;51200000;CompteLib_0029;;;23L53;20231230;EcritureLib_0370;20241009;615,15;0,00;D;BQ/423;;
EX;Extourne;EX/1;20231231;63730000;CompteLib_0060;;;23L113;20231231;EcritureLib_0371;20241009;591,00;0,00;D;EX/1;;
EX;Extourne;EX/1;20231231;43860000;CompteLib_0018;;;23L113;20231231;EcritureLib_0371;20241009;0,00;591,00;C;EX/1;;
EX;Extourne;EX/1;20231231;64600000;CompteLib_0058;;;23L113;20231231;EcritureLib_0372;20241009;0,00;63,00;C;EX/1;;
EX;Extourne;EX/1;20231231;48600000;CompteLib_0028;;;23L113;20231231;EcritureLib_0372;20241009;63,00;0,00;D;EX/1;;
EX;Extourne;EX/1;20231231;63730000;CompteLib_0060;;;23L113;20231231;EcritureLib_0373;20241009;1107,00;0,00;D;EX/1;;
EX;Extourne;EX/1;20231231;43860000;CompteLib_0018;;;23L113;20231231;EcritureLib_0373;20241009;0,00;1107,00;C;EX/1;;
EX;Extourne;EX/1;20231231;63330000;CompteLib_0061;;;23L113;20231231;EcritureLib_0374;20241009;671,00;0,00;D;EX/1;;
EX;Extourne;EX/1;20231231;43860000;CompteLib_0018;;;23L113;20231231;EcritureLib_0374;20241009;0,00;671,00;C;EX/1;;
EX;Extourne;EX/1;20231231;64600000;CompteLib_0058;;;23L113;20231231;EcritureLib_0375;20241009;4530,00;0,00;D;EX/1;;
EX;Extourne;EX/1;20231231;43860000;CompteLib_0018;;;23L113;20231231;EcritureLib_0375;20241009;0,00;4530,00;C;EX/1;;
OD;Oprations diverses;OD/1;20230101;63730000;CompteLib_0060;;;23A24;20230101;EcritureLib_0376;20241009;0,00;620,00;C;OD/1;;
OD;Oprations diverses;OD/1;20230101;43860000;CompteLib_0018;;;23A24;20230101;EcritureLib_0376;20241009;620,00;0,00;D;OD/1;;
OD;Oprations diverses;OD/1;20230101;64600000;CompteLib_0058;;;23A24;20230101;EcritureLib_0377;20241009;0,00;2119,00;C;OD/1;;
OD;Oprations diverses;OD/1;20230101;43860000;CompteLib_0018;;;23A24;20230101;EcritureLib_0377;20241009;2119,00;0,00;D;OD/1;;
OD;Oprations diverses;OD/1;20230101;64600000;CompteLib_0058;;;23A24;20230101;EcritureLib_0378;20241009;165,00;0,00;D;OD/1;;
OD;Oprations diverses;OD/1;20230101;48600000;CompteLib_0028;;;23A24;20230101;EcritureLib_0378;20241009;0,00;165,00;C;OD/1;;
OD;Oprations diverses;OD/1;20230101;63730000;CompteLib_0060;;;23A24;20230101;EcritureLib_0379;20241009;0,00;1573,00;C;OD/1;;
OD;Oprations diverses;OD/1;20230101;63330000;CompteLib_0061;;;23A24;20230101;EcritureLib_0380;20241009;0,00;561,00;C;OD/1;;
OD;Oprations diverses;OD/1;20230101;43860000;CompteLib_0018;;;23A24;20230101;EcritureLib_0380;20241009;2134,00;0,00;D;OD/1;;
OD;Oprations diverses;OD/1;20230101;64600000;CompteLib_0058;;;23A24;20230101;EcritureLib_0381;20241009;0,00;8155,00;C;OD/1;;
OD;Oprations diverses;OD/1;20230101;43860000;CompteLib_0018;;;23A24;20230101;EcritureLib_0381;20241009;8155,00;0,00;D;OD/1;;
OD;Oprations diverses;OD/2;20230101;40910000;CompteLib_0016;;;23A26;20230101;EcritureLib_0382;20241009;0,00;25000,00;C;OD/2;A;20240917
OD;Oprations diverses;OD/2;20230101;60700000;CompteLib_0049;;;23A26;20230101;EcritureLib_0382;20241009;25000,00;0,00;D;OD/2;;
OD;Oprations diverses;OD/3;20230101;60370000;CompteLib_0062;;;23A23;20230101;EcritureLib_0383;20241009;21946,50;0,00;D;OD/3;;
OD;Oprations diverses;OD/3;20230101;37000000;CompteLib_0015;;;23A23;20230101;EcritureLib_0383;20241009;0,00;21946,50;C;OD/3;;
OD;Oprations diverses;OD/4;20230214;21540000;CompteLib_0006;;;23B36;20230214;EcritureLib_0384;20241009;1030,00;0,00;D;OD/4;;
OD;Oprations diverses;OD/4;20230214;60700000;CompteLib_0049;;;23B36;20230214;EcritureLib_0384;20241009;0,00;1030,00;C;OD/4;;
OD;Oprations diverses;OD/5;20230510;21540000;CompteLib_0006;;;23E17;20230510;EcritureLib_0385;20241009;2042,00;0,00;D;OD/5;;
OD;Oprations diverses;OD/5;20230510;60700000;CompteLib_0049;;;23E17;20230510;EcritureLib_0385;20241009;0,00;2042,00;C;OD/5;;
OD;Oprations diverses;OD/6;20230510;21540000;CompteLib_0006;;;23E18;20230510;EcritureLib_0386;20241009;2310,00;0,00;D;OD/6;;
OD;Oprations diverses;OD/6;20230510;60700000;CompteLib_0049;;;23E18;20230510;EcritureLib_0386;20241009;0,00;2310,00;C;OD/6;;
OD;Oprations diverses;OD/7;20230516;26100000;CompteLib_0063;;;23E42;20230516;EcritureLib_0387;20241009;50,00;0,00;D;OD/7;;
OD;Oprations diverses;OD/7;20230516;45100000;CompteLib_0054;;;23E42;20230516;EcritureLib_0387;20241009;0,00;50,00;C;OD/7;;
OD;Oprations diverses;OD/8;20231231;64600000;CompteLib_0058;;;23L112;20231231;EcritureLib_0371;20241009;0,00;1936,00;C;OD/8;;
OD;Oprations diverses;OD/8;20231231;63730000;CompteLib_0060;;;23L112;20231231;EcritureLib_0371;20241009;1936,00;0,00;D;OD/8;;
OD;Oprations diverses;OD/8;20231231;64100000;CompteLib_0044;;;23L112;20231231;EcritureLib_0388;20241009;734,00;0,00;D;OD/8;;
OD;Oprations diverses;OD/8;20231231;64600000;CompteLib_0058;;;23L112;20231231;EcritureLib_0388;20241009;0,00;734,00;C;OD/8;;
OD;Oprations diverses;OD/9;20231231;16401000;CompteLib_0005;;;23L57;20231231;EcritureLib_0389;20241009;0,00;161,11;C;OD/9;;
OD;Oprations diverses;OD/9;20231231;66100000;CompteLib_0042;;;23L57;20231231;EcritureLib_0389;20241009;161,11;0,00;D;OD/9;;
OD;Oprations diverses;OD/10;20231231;66100000;CompteLib_0042;;;23L58;20231231;EcritureLib_0389;20241009;180,17;0,00;D;OD/10;;
OD;Oprations diverses;OD/10;20231231;16410000;CompteLib_0053;;;23L58;20231231;EcritureLib_0389;20241009;0,00;180,17;C;OD/10;;
OD;Oprations diverses;OD/11;20231231;60370000;CompteLib_0062;;;23L59;20231231;EcritureLib_0390;20241009;0,00;17334,50;C;OD/11;;
OD;Oprations diverses;OD/11;20231231;37000000;CompteLib_0015;;;23L59;20231231;EcritureLib_0390;20241009;17334,50;0,00;D;OD/11;;
OD;Oprations diverses;OD/12;20231231;44571800;CompteLib_0023;;;23L109;20231231;EcritureLib_0391;20241009;0,24;0,00;D;OD/12;;
OD;Oprations diverses;OD/12;20231231;75800000;CompteLib_0064;;;23L109;20231231;EcritureLib_0391;20241009;0,00;0,24;C;OD/12;;
OD;Oprations diverses;OD/13;20231231;44571700;CompteLib_0022;;;23L110;20231231;EcritureLib_0392;20241009;26812,00;0,00;D;OD/13;;
OD;Oprations diverses;OD/13;20231231;44571200;CompteLib_0065;;;23L110;20231231;EcritureLib_0392;20241009;128,00;0,00;D;OD/13;;
OD;Oprations diverses;OD/13;20231231;44566100;CompteLib_0020;;;23L110;20231231;EcritureLib_0392;20241009;0,00;8079,00;C;OD/13;;
OD;Oprations diverses;OD/13;20231231;44562000;CompteLib_0039;;;23L110;20231231;EcritureLib_0392;20241009;0,00;126,00;C;OD/13;;
OD;Oprations diverses;OD/13;20231231;44551000;CompteLib_0019;;;23L110;20231231;EcritureLib_0392;20241009;0,00;18735,00;C;OD/13;;
OD;Oprations diverses;OD/14;20231231;44562000;CompteLib_0039;;;23L111;20231231;EcritureLib_0393;20241009;0,00;0,16;C;OD/14;;
OD;Oprations diverses;OD/14;20231231;44566100;CompteLib_0020;;;23L111;20231231;EcritureLib_0393;20241009;0,39;0,00;D;OD/14;;
OD;Oprations diverses;OD/14;20231231;44567000;CompteLib_0021;;;23L111;20231231;EcritureLib_0393;20241009;0,00;111,00;C;OD/14;;
OD;Oprations diverses;OD/14;20231231;44571200;CompteLib_0065;;;23L111;20231231;EcritureLib_0393;20241009;0,00;0,35;C;OD/14;;
OD;Oprations diverses;OD/14;20231231;65800000;CompteLib_0066;;;23L111;20231231;EcritureLib_0393;20241009;111,12;0,00;D;OD/14;;
OD;Oprations diverses;OD/15;20231231;64140000;CompteLib_0067;;;23L108;20231231;EcritureLib_0394;20241009;6000,00;0,00;D;OD/15;;
OD;Oprations diverses;OD/15;20231231;79100000;CompteLib_0068;;;23L108;20231231;EcritureLib_0394;20241009;0,00;6000,00;C;OD/15;;
UT;UT;UT/1;20230609;11000000;CompteLib_0069;;;23F38;20230609;EcritureLib_0395;20241009;0,00;26378,66;C;UT/1;;
UT;UT;UT/1;20230609;12000000;CompteLib_0030;;;23F38;20230609;EcritureLib_0395;20241009;26378,66;0,00;D;UT/1;;
UT;UT;UT/2;20231231;68112000;CompteLib_0070;;;23L63;20231231;EcritureLib_0396;20241009;11,08;0,00;D;UT/2;;
UT;UT;UT/2;20231231;28181000;CompteLib_0012;;;23L63;20231231;EcritureLib_0396;20241009;0,00;11,08;C;UT/2;;
UT;UT;UT/3;20231231;68112000;CompteLib_0070;;;23L64;20231231;EcritureLib_0397;20241009;8,71;0,00;D;UT/3;;
UT;UT;UT/3;20231231;28181000;CompteLib_0012;;;23L64;20231231;EcritureLib_0397;20241009;0,00;8,71;C;UT/3;;
UT;UT;UT/4;20231231;68112000;CompteLib_0070;;;23L65;20231231;EcritureLib_0398;20241009;10,11;0,00;D;UT/4;;
UT;UT;UT/4;20231231;28181000;CompteLib_0012;;;23L65;20231231;EcritureLib_0398;20241009;0,00;10,11;C;UT/4;;
UT;UT;UT/5;20231231;68112000;CompteLib_0070;;;23L66;20231231;EcritureLib_0399;20241009;7,80;0,00;D;UT/5;;
UT;UT;UT/5;20231231;28181000;CompteLib_0012;;;23L66;20231231;EcritureLib_0399;20241009;0,00;7,80;C;UT/5;;
UT;UT;UT/6;20231231;68112000;CompteLib_0070;;;23L67;20231231;EcritureLib_0400;20241009;1,06;0,00;D;UT/6;;
UT;UT;UT/6;20231231;28181000;CompteLib_0012;;;23L67;20231231;EcritureLib_0400;20241009;0,00;1,06;C;UT/6;;
UT;UT;UT/7;20231231;68112000;CompteLib_0070;;;23L68;20231231;EcritureLib_0401;20241009;5,69;0,00;D;UT/7;;
UT;UT;UT/7;20231231;28181000;CompteLib_0012;;;23L68;20231231;EcritureLib_0401;20241009;0,00;5,69;C;UT/7;;
UT;UT;UT/8;20231231;68112000;CompteLib_0070;;;23L69;20231231;EcritureLib_0402;20241009;33,26;0,00;D;UT/8;;
UT;UT;UT/8;20231231;28181000;CompteLib_0012;;;23L69;20231231;EcritureLib_0402;20241009;0,00;33,26;C;UT/8;;
UT;UT;UT/9;20231231;68112000;CompteLib_0070;;;23L70;20231231;EcritureLib_0403;20241009;1,49;0,00;D;UT/9;;
UT;UT;UT/9;20231231;28181000;CompteLib_0012;;;23L70;20231231;EcritureLib_0403;20241009;0,00;1,49;C;UT/9;;
UT;UT;UT/10;20231231;68112000;CompteLib_0070;;;23L71;20231231;EcritureLib_0404;20241009;2,33;0,00;D;UT/10;;
UT;UT;UT/10;20231231;28181000;CompteLib_0012;;;23L71;20231231;EcritureLib_0404;20241009;0,00;2,33;C;UT/10;;
UT;UT;UT/11;20231231;68112000;CompteLib_0070;;;23L72;20231231;EcritureLib_0405;20241009;0,23;0,00;D;UT/11;;
UT;UT;UT/11;20231231;28181000;CompteLib_0012;;;23L72;20231231;EcritureLib_0405;20241009;0,00;0,23;C;UT/11;;
UT;UT;UT/12;20231231;68112000;CompteLib_0070;;;23L73;20231231;EcritureLib_0406;20241009;0,82;0,00;D;UT/12;;
UT;UT;UT/12;20231231;28181000;CompteLib_0012;;;23L73;20231231;EcritureLib_0406;20241009;0,00;0,82;C;UT/12;;
UT;UT;UT/13;20231231;68112000;CompteLib_0070;;;23L74;20231231;EcritureLib_0407;20241009;3,50;0,00;D;UT/13;;
UT;UT;UT/13;20231231;28181000;CompteLib_0012;;;23L74;20231231;EcritureLib_0407;20241009;0,00;3,50;C;UT/13;;
UT;UT;UT/14;20231231;68112000;CompteLib_0070;;;23L75;20231231;EcritureLib_0408;20241009;25,68;0,00;D;UT/14;;
UT;UT;UT/14;20231231;28181000;CompteLib_0012;;;23L75;20231231;EcritureLib_0408;20241009;0,00;25,68;C;UT/14;;
UT;UT;UT/15;20231231;68112000;CompteLib_0070;;;23L76;20231231;EcritureLib_0409;20241009;10,78;0,00;D;UT/15;;
UT;UT;UT/15;20231231;28181000;CompteLib_0012;;;23L76;20231231;EcritureLib_0409;20241009;0,00;10,78;C;UT/15;;
UT;UT;UT/16;20231231;68112000;CompteLib_0070;;;23L77;20231231;EcritureLib_0410;20241009;3,73;0,00;D;UT/16;;
UT;UT;UT/16;20231231;28181000;CompteLib_0012;;;23L77;20231231;EcritureLib_0410;20241009;0,00;3,73;C;UT/16;;
UT;UT;UT/17;20231231;68112000;CompteLib_0070;;;23L78;20231231;EcritureLib_0411;20241009;55,37;0,00;D;UT/17;;
UT;UT;UT/17;20231231;28181000;CompteLib_0012;;;23L78;20231231;EcritureLib_0411;20241009;0,00;55,37;C;UT/17;;
UT;UT;UT/18;20231231;68112000;CompteLib_0070;;;23L79;20231231;EcritureLib_0412;20241009;22,71;0,00;D;UT/18;;
UT;UT;UT/18;20231231;28181000;CompteLib_0012;;;23L79;20231231;EcritureLib_0412;20241009;0,00;22,71;C;UT/18;;
UT;UT;UT/19;20231231;68112000;CompteLib_0070;;;23L80;20231231;EcritureLib_0413;20241009;0,55;0,00;D;UT/19;;
UT;UT;UT/19;20231231;28181000;CompteLib_0012;;;23L80;20231231;EcritureLib_0413;20241009;0,00;0,55;C;UT/19;;
UT;UT;UT/20;20231231;68112000;CompteLib_0070;;;23L81;20231231;EcritureLib_0414;20241009;3,13;0,00;D;UT/20;;
UT;UT;UT/20;20231231;28181000;CompteLib_0012;;;23L81;20231231;EcritureLib_0414;20241009;0,00;3,13;C;UT/20;;
UT;UT;UT/21;20231231;68112000;CompteLib_0070;;;23L82;20231231;EcritureLib_0415;20241009;15,54;0,00;D;UT/21;;
UT;UT;UT/21;20231231;28181000;CompteLib_0012;;;23L82;20231231;EcritureLib_0415;20241009;0,00;15,54;C;UT/21;;
UT;UT;UT/22;20231231;68112000;CompteLib_0070;;;23L83;20231231;EcritureLib_0416;20241009;1,47;0,00;D;UT/22;;
UT;UT;UT/22;20231231;28181000;CompteLib_0012;;;23L83;20231231;EcritureLib_0416;20241009;0,00;1,47;C;UT/22;;
UT;UT;UT/23;20231231;68112000;CompteLib_0070;;;23L84;20231231;EcritureLib_0417;20241009;9,99;0,00;D;UT/23;;
UT;UT;UT/23;20231231;28181000;CompteLib_0012;;;23L84;20231231;EcritureLib_0417;20241009;0,00;9,99;C;UT/23;;
UT;UT;UT/24;20231231;68112000;CompteLib_0070;;;23L85;20231231;EcritureLib_0418;20241009;1,29;0,00;D;UT/24;;
UT;UT;UT/24;20231231;28181000;CompteLib_0012;;;23L85;20231231;EcritureLib_0418;20241009;0,00;1,29;C;UT/24;;
UT;UT;UT/25;20231231;68112000;CompteLib_0070;;;23L86;20231231;EcritureLib_0419;20241009;1,01;0,00;D;UT/25;;
UT;UT;UT/25;20231231;28181000;CompteLib_0012;;;23L86;20231231;EcritureLib_0419;20241009;0,00;1,01;C;UT/25;;
UT;UT;UT/26;20231231;68112000;CompteLib_0070;;;23L87;20231231;EcritureLib_0420;20241009;5,19;0,00;D;UT/26;;
UT;UT;UT/26;20231231;28181000;CompteLib_0012;;;23L87;20231231;EcritureLib_0420;20241009;0,00;5,19;C;UT/26;;
UT;UT;UT/27;20231231;68112000;CompteLib_0070;;;23L88;20231231;EcritureLib_0421;20241009;765,77;0,00;D;UT/27;;
UT;UT;UT/27;20231231;28181000;CompteLib_0012;;;23L88;20231231;EcritureLib_0421;20241009;0,00;765,77;C;UT/27;;
UT;UT;UT/28;20231231;68112000;CompteLib_0070;;;23L89;20231231;EcritureLib_0422;20241009;251,17;0,00;D;UT/28;;
UT;UT;UT/28;20231231;28184000;CompteLib_0014;;;23L89;20231231;EcritureLib_0422;20241009;0,00;251,17;C;UT/28;;
UT;UT;UT/29;20231231;68112000;CompteLib_0070;;;23L90;20231231;EcritureLib_0423;20241009;78,50;0,00;D;UT/29;;
UT;UT;UT/29;20231231;28184000;CompteLib_0014;;;23L90;20231231;EcritureLib_0423;20241009;0,00;78,50;C;UT/29;;
UT;UT;UT/30;20231231;68112000;CompteLib_0070;;;23L91;20231231;EcritureLib_0424;20241009;715,00;0,00;D;UT/30;;
UT;UT;UT/30;20231231;28154000;CompteLib_0011;;;23L91;20231231;EcritureLib_0424;20241009;0,00;715,00;C;UT/30;;
UT;UT;UT/31;20231231;68112000;CompteLib_0070;;;23L92;20231231;EcritureLib_0425;20241009;245,00;0,00;D;UT/31;;
UT;UT;UT/31;20231231;28154000;CompteLib_0011;;;23L92;20231231;EcritureLib_0425;20241009;0,00;245,00;C;UT/31;;
UT;UT;UT/32;20231231;68112000;CompteLib_0070;;;23L93;20231231;EcritureLib_0426;20241009;320,00;0,00;D;UT/32;;
UT;UT;UT/32;20231231;28154000;CompteLib_0011;;;23L93;20231231;EcritureLib_0426;20241009;0,00;320,00;C;UT/32;;
UT;UT;UT/33;20231231;68112000;CompteLib_0070;;;23L94;20231231;EcritureLib_0427;20241009;332,50;0,00;D;UT/33;;
UT;UT;UT/33;20231231;28154000;CompteLib_0011;;;23L94;20231231;EcritureLib_0427;20241009;0,00;332,50;C;UT/33;;
UT;UT;UT/34;20231231;68112000;CompteLib_0070;;;23L95;20231231;EcritureLib_0428;20241009;265,00;0,00;D;UT/34;;
UT;UT;UT/34;20231231;28154000;CompteLib_0011;;;23L95;20231231;EcritureLib_0428;20241009;0,00;265,00;C;UT/34;;
UT;UT;UT/35;20231231;68112000;CompteLib_0070;;;23L96;20231231;EcritureLib_0429;20241009;725,00;0,00;D;UT/35;;
UT;UT;UT/35;20231231;28154000;CompteLib_0011;;;23L96;20231231;EcritureLib_0429;20241009;0,00;725,00;C;UT/35;;
UT;UT;UT/36;20231231;68112000;CompteLib_0070;;;23L97;20231231;EcritureLib_0430;20241009;187,50;0,00;D;UT/36;;
UT;UT;UT/36;20231231;28154000;CompteLib_0011;;;23L97;20231231;EcritureLib_0430;20241009;0,00;187,50;C;UT/36;;
UT;UT;UT/37;20231231;68112000;CompteLib_0070;;;23L98;20231231;EcritureLib_0431;20241009;182,50;0,00;D;UT/37;;
UT;UT;UT/37;20231231;28154000;CompteLib_0011;;;23L98;20231231;EcritureLib_0431;20241009;0,00;182,50;C;UT/37;;
UT;UT;UT/38;20231231;68112000;CompteLib_0070;;;23L99;20231231;EcritureLib_0432;20241009;282,50;0,00;D;UT/38;;
UT;UT;UT/38;20231231;28154000;CompteLib_0011;;;23L99;20231231;EcritureLib_0432;20241009;0,00;282,50;C;UT/38;;
UT;UT;UT/39;20231231;68112000;CompteLib_0070;;;23L100;20231231;EcritureLib_0433;20241009;265,00;0,00;D;UT/39;;
UT;UT;UT/39;20231231;28154000;CompteLib_0011;;;23L100;20231231;EcritureLib_0433;20241009;0,00;265,00;C;UT/39;;
UT;UT;UT/40;20231231;68112000;CompteLib_0070;;;23L101;20231231;EcritureLib_0434;20241009;559,50;0,00;D;UT/40;;
UT;UT;UT/40;20231231;28154000;CompteLib_0011;;;23L101;20231231;EcritureLib_0434;20241009;0,00;559,50;C;UT/40;;
UT;UT;UT/41;20231231;68112000;CompteLib_0070;;;23L102;20231231;EcritureLib_0429;20241009;499,00;0,00;D;UT/41;;
UT;UT;UT/41;20231231;28154000;CompteLib_0011;;;23L102;20231231;EcritureLib_0429;20241009;0,00;499,00;C;UT/41;;
UT;UT;UT/42;20231231;68112000;CompteLib_0070;;;23L103;20231231;EcritureLib_0435;20241009;252,75;0,00;D;UT/42;;
UT;UT;UT/42;20231231;28154000;CompteLib_0011;;;23L103;20231231;EcritureLib_0435;20241009;0,00;252,75;C;UT/42;;
UT;UT;UT/43;20231231;68112000;CompteLib_0070;;;23L104;20231231;EcritureLib_0436;20241009;225,31;0,00;D;UT/43;;
UT;UT;UT/43;20231231;28154000;CompteLib_0011;;;23L104;20231231;EcritureLib_0436;20241009;0,00;225,31;C;UT/43;;
UT;UT;UT/44;20231231;68112000;CompteLib_0070;;;23L105;20231231;EcritureLib_0437;20241009;328,99;0,00;D;UT/44;;
UT;UT;UT/44;20231231;28154000;CompteLib_0011;;;23L105;20231231;EcritureLib_0437;20241009;0,00;328,99;C;UT/44;;
UT;UT;UT/45;20231231;68112000;CompteLib_0070;;;23L106;20231231;EcritureLib_0429;20241009;372,17;0,00;D;UT/45;;
UT;UT;UT/45;20231231;28154000;CompteLib_0011;;;23L106;20231231;EcritureLib_0429;20241009;0,00;372,17;C;UT/45;;
UT;UT;UT/46;20231231;68112000;CompteLib_0070;;;23L107;20231231;EcritureLib_0438;20241009;126,16;0,00;D;UT/46;;
UT;UT;UT/46;20231231;28183000;CompteLib_0013;;;23L107;20231231;EcritureLib_0438;20241009;0,00;126,16;C;UT/46;;
UT;UT;UT/47;20231231;68112000;CompteLib_0070;;;23L60;20231231;EcritureLib_0439;20241009;923,88;0,00;D;UT/47;;
UT;UT;UT/47;20231231;28154000;CompteLib_0011;;;23L60;20231231;EcritureLib_0439;20241009;0,00;923,88;C;UT/47;;
UT;UT;UT/48;20231231;68112000;CompteLib_0070;;;23L61;20231231;EcritureLib_0440;20241009;446,25;0,00;D;UT/48;;
UT;UT;UT/48;20231231;28154000;CompteLib_0011;;;23L61;20231231;EcritureLib_0440;20241009;0,00;446,25;C;UT/48;;
UT;UT;UT/49;20231231;68112000;CompteLib_0070;;;23L62;20231231;EcritureLib_0441;20241009;588,74;0,00;D;UT/49;;
UT;UT;UT/49;20231231;28181000;CompteLib_0012;;;23L62;20231231;EcritureLib_0441;20241009;0,00;588,74;C;UT/49;;
VI;Ventes Externes;VI/1;20230126;70671200;CompteLib_0071;;;23012635;20230126;EcritureLib_0442;20241009;0,00;3570,00;C;VI/1;;
VI;Ventes Externes;VI/1;20230126;44571700;CompteLib_0022;;;23012635;20230126;EcritureLib_0442;20241009;0,00;714,00;C;VI/1;;
VI;Ventes Externes;VI/1;20230126;41100000;CompteLib_0017;ATOM;ATOM CITY ;23012635;20230126;EcritureLib_0442;20241009;4284,00;0,00;D;VI/1;H;20240507
VI;Ventes Externes;VI/2;20230126;70671200;CompteLib_0071;;;23012636;20230126;EcritureLib_0443;20241009;0,00;3370,00;C;VI/2;;
VI;Ventes Externes;VI/2;20230126;44571700;CompteLib_0022;;;23012636;20230126;EcritureLib_0443;20241009;0,00;674,00;C;VI/2;;
VI;Ventes Externes;VI/2;20230126;41100000;CompteLib_0017;BRATS;LES PETITS BRATS ;23012636;20230126;EcritureLib_0443;20241009;4044,00;0,00;D;VI/2;G;20240507
VI;Ventes Externes;VI/3;20230227;70671200;CompteLib_0071;;;23022747;20230227;EcritureLib_0444;20241009;0,00;3220,00;C;VI/3;;
VI;Ventes Externes;VI/3;20230227;44571700;CompteLib_0022;;;23022747;20230227;EcritureLib_0444;20241009;0,00;644,00;C;VI/3;;
VI;Ventes Externes;VI/3;20230227;41100000;CompteLib_0017;BRATS;LES PETITS BRATS ;23022747;20230227;EcritureLib_0444;20241009;3864,00;0,00;D;VI/3;;
VI;Ventes Externes;VI/4;20230227;70671200;CompteLib_0071;;;23022746;20230227;EcritureLib_0445;20241009;0,00;3570,00;C;VI/4;;
VI;Ventes Externes;VI/4;20230227;44571700;CompteLib_0022;;;23022746;20230227;EcritureLib_0445;20241009;0,00;714,00;C;VI/4;;
VI;Ventes Externes;VI/4;20230227;41100000;CompteLib_0017;ATOM;ATOM CITY ;23022746;20230227;EcritureLib_0445;20241009;4284,00;0,00;D;VI/4;I;20240507
VI;Ventes Externes;VI/5;20230403;70671200;CompteLib_0071;;;23040379;20230403;EcritureLib_0444;20241009;0,00;3220,00;C;VI/5;;
VI;Ventes Externes;VI/5;20230403;44571700;CompteLib_0022;;;23040379;20230403;EcritureLib_0444;20241009;0,00;644,00;C;VI/5;;
VI;Ventes Externes;VI/5;20230403;41100000;CompteLib_0017;BRATS;LES PETITS BRATS ;23040379;20230403;EcritureLib_0444;20241009;3864,00;0,00;D;VI/5;;
VI;Ventes Externes;VI/6;20230403;44571700;CompteLib_0022;;;23040378;20230403;EcritureLib_0445;20241009;0,00;714,00;C;VI/6;;
VI;Ventes Externes;VI/6;20230403;70671200;CompteLib_0071;;;23040378;20230403;EcritureLib_0445;20241009;0,00;3570,00;C;VI/6;;
VI;Ventes Externes;VI/6;20230403;41100000;CompteLib_0017;ATOM;ATOM CITY ;23040378;20230403;EcritureLib_0445;20241009;4284,00;0,00;D;VI/6;B;20240506
VI;Ventes Externes;VI/7;20230427;70770000;CompteLib_0072;;;23042784;20230427;EcritureLib_0445;20241009;0,00;79,56;C;VI/7;;
VI;Ventes Externes;VI/7;20230427;44571700;CompteLib_0022;;;23042784;20230427;EcritureLib_0445;20241009;0,00;15,92;C;VI/7;;
VI;Ventes Externes;VI/7;20230427;70771200;CompteLib_0073;;;23042784;20230427;EcritureLib_0445;20241009;0,00;327,64;C;VI/7;;
VI;Ventes Externes;VI/7;20230427;44571200;CompteLib_0065;;;23042784;20230427;EcritureLib_0445;20241009;0,00;18,02;C;VI/7;;
VI;Ventes Externes;VI/7;20230427;41100000;CompteLib_0017;ATOM;ATOM CITY ;23042784;20230427;EcritureLib_0445;20241009;441,14;0,00;D;VI/7;C;20240506
VI;Ventes Externes;VI/8;20230516;70671200;CompteLib_0071;;;23051696;20230516;EcritureLib_0445;20241009;0,00;6538,16;C;VI/8;;
VI;Ventes Externes;VI/8;20230516;44571700;CompteLib_0022;;;23051696;20230516;EcritureLib_0445;20241009;0,00;1307,63;C;VI/8;;
VI;Ventes Externes;VI/8;20230516;41100000;CompteLib_0017;ATOM;ATOM CITY ;23051696;20230516;EcritureLib_0445;20241009;7845,79;0,00;D;VI/8;D;20240506
VI;Ventes Externes;VI/9;20230516;70671200;CompteLib_0071;;;23051697;20230516;EcritureLib_0446;20241009;0,00;3220,00;C;VI/9;;
VI;Ventes Externes;VI/9;20230516;44571700;CompteLib_0022;;;23051697;20230516;EcritureLib_0446;20241009;0,00;644,00;C;VI/9;;
VI;Ventes Externes;VI/9;20230516;41100000;CompteLib_0017;BRATS;LES PETITS BRATS ;23051697;20230516;EcritureLib_0446;20241009;3864,00;0,00;D;VI/9;;
VI;Ventes Externes;VI/10;20230823;70671200;CompteLib_0071;;;23082317;20230823;EcritureLib_0447;20241009;0,00;102,08;C;VI/10;;
VI;Ventes Externes;VI/10;20230823;44571700;CompteLib_0022;;;23082317;20230823;EcritureLib_0447;20241009;0,00;20,42;C;VI/10;;
VI;Ventes Externes;VI/10;20230823;41100000;CompteLib_0017;VENDIN;VILLE DE VENDIN LE VIEIL;23082317;20230823;EcritureLib_0447;20241009;122,50;0,00;D;VI/10;A;20240507
VI;Ventes Externes;VI/11;20230906;70770000;CompteLib_0072;;;23090618;20230906;EcritureLib_0442;20241009;0,00;199,21;C;VI/11;;
VI;Ventes Externes;VI/11;20230906;44571700;CompteLib_0022;;;23090618;20230906;EcritureLib_0442;20241009;0,00;39,84;C;VI/11;;
VI;Ventes Externes;VI/11;20230906;70771200;CompteLib_0073;;;23090618;20230906;EcritureLib_0442;20241009;0,00;767,09;C;VI/11;;
VI;Ventes Externes;VI/11;20230906;44571200;CompteLib_0065;;;23090618;20230906;EcritureLib_0442;20241009;0,00;42,19;C;VI/11;;
VI;Ventes Externes;VI/11;20230906;41100000;CompteLib_0017;ATOM;ATOM CITY ;23090618;20230906;EcritureLib_0442;20241009;1048,33;0,00;D;VI/11;E;20240507
VI;Ventes Externes;VI/12;20230906;70770000;CompteLib_0072;;;23090619;20230906;EcritureLib_0446;20241009;0,00;194,77;C;VI/12;;
VI;Ventes Externes;VI/12;20230906;44571700;CompteLib_0022;;;23090619;20230906;EcritureLib_0446;20241009;0,00;38,94;C;VI/12;;
VI;Ventes Externes;VI/12;20230906;70771200;CompteLib_0073;;;23090619;20230906;EcritureLib_0446;20241009;0,00;140,73;C;VI/12;;
VI;Ventes Externes;VI/12;20230906;44571200;CompteLib_0065;;;23090619;20230906;EcritureLib_0446;20241009;0,00;7,74;C;VI/12;;
VI;Ventes Externes;VI/12;20230906;41100000;CompteLib_0017;BRATS;LES PETITS BRATS ;23090619;20230906;EcritureLib_0446;20241009;382,18;0,00;D;VI/12;D;20240507
VI;Ventes Externes;VI/13;20231025;70770000;CompteLib_0072;;;25102532;20231025;EcritureLib_0446;20241009;0,00;236,47;C;VI/13;;
VI;Ventes Externes;VI/13;20231025;44571700;CompteLib_0022;;;25102532;20231025;EcritureLib_0446;20241009;0,00;47,28;C;VI/13;;
VI;Ventes Externes;VI/13;20231025;70771200;CompteLib_0073;;;25102532;20231025;EcritureLib_0446;20241009;0,00;136,73;C;VI/13;;
VI;Ventes Externes;VI/13;20231025;44571200;CompteLib_0065;;;25102532;20231025;EcritureLib_0446;20241009;0,00;7,52;C;VI/13;;
VI;Ventes Externes;VI/13;20231025;41100000;CompteLib_0017;BRATS;LES PETITS BRATS ;25102532;20231025;EcritureLib_0446;20241009;428,00;0,00;D;VI/13;E;20240507
VI;Ventes Externes;VI/14;20231025;70770000;CompteLib_0072;;;23102531;20231025;EcritureLib_0442;20241009;0,00;58,82;C;VI/14;;
VI;Ventes Externes;VI/14;20231025;44571700;CompteLib_0022;;;23102531;20231025;EcritureLib_0442;20241009;0,00;11,76;C;VI/14;;
VI;Ventes Externes;VI/14;20231025;70771200;CompteLib_0073;;;23102531;20231025;EcritureLib_0442;20241009;0,00;516,18;C;VI/14;;
VI;Ventes Externes;VI/14;20231025;44571200;CompteLib_0065;;;23102531;20231025;EcritureLib_0442;20241009;0,00;28,39;C;VI/14;;
VI;Ventes Externes;VI/14;20231025;41100000;CompteLib_0017;ATOM;ATOM CITY ;23102531;20231025;EcritureLib_0442;20241009;615,15;0,00;D;VI/14;F;20240507
VI;Ventes Externes;VI/15;20231106;70671200;CompteLib_0071;;;26110634;20231106;EcritureLib_0448;20241009;0,00;75,00;C;VI/15;;
VI;Ventes Externes;VI/15;20231106;44571700;CompteLib_0022;;;26110634;20231106;EcritureLib_0448;20241009;0,00;15,00;C;VI/15;;
VI;Ventes Externes;VI/15;20231106;41100000;CompteLib_0017;SIMPLON;SIMPLO CO;26110634;20231106;EcritureLib_0448;20241009;90,00;0,00;D;VI/15;A;20240507
VI;Ventes Externes;VI/16;20231213;70770000;CompteLib_0072;;;23121351;20231213;EcritureLib_0445;20241009;0,00;79,22;C;VI/16;;
VI;Ventes Externes;VI/16;20231213;44571700;CompteLib_0022;;;23121351;20231213;EcritureLib_0445;20241009;0,00;15,84;C;VI/16;;
VI;Ventes Externes;VI/16;20231213;70771200;CompteLib_0073;;;23121351;20231213;EcritureLib_0445;20241009;0,00;214,18;C;VI/16;;
VI;Ventes Externes;VI/16;20231213;44571200;CompteLib_0065;;;23121351;20231213;EcritureLib_0445;20241009;0,00;11,78;C;VI/16;;
VI;Ventes Externes;VI/16;20231213;41100000;CompteLib_0017;ATOM;ATOM CITY ;23121351;20231213;EcritureLib_0445;20241009;321,02;0,00;D;VI/16;G;20240507
VI;Ventes Externes;VI/17;20231213;70671200;CompteLib_0071;;;23121352;20231213;EcritureLib_0446;20241009;0,00;113,97;C;VI/17;;
VI;Ventes Externes;VI/17;20231213;44571700;CompteLib_0022;;;23121352;20231213;EcritureLib_0446;20241009;0,00;22,78;C;VI/17;;
VI;Ventes Externes;VI/17;20231213;70771200;CompteLib_0073;;;23121352;20231213;EcritureLib_0446;20241009;0,00;52,73;C;VI/17;;
VI;Ventes Externes;VI/17;20231213;44571200;CompteLib_0065;;;23121352;20231213;EcritureLib_0446;20241009;0,00;2,90;C;VI/17;;
VI;Ventes Externes;VI/17;20231213;41100000;CompteLib_0017;BRATS;LES PETITS BRATS ;23121352;20231213;EcritureLib_0446;20241009;192,38;0,00;D;VI/17;F;20240507
VTE;VENTES;VTE/1;20230118;41100000;CompteLib_0017;CADEO;ADEO;23011834;20230118;EcritureLib_0449;20241009;1000,00;0,00;D;VTE/1;A;20240506
VTE;VENTES;VTE/1;20230118;70671200;CompteLib_0071;;;23011834;20230118;EcritureLib_0449;20241009;0,00;833,33;C;VTE/1;;
VTE;VENTES;VTE/1;20230118;44571700;CompteLib_0022;;;23011834;20230118;EcritureLib_0449;20241009;0,00;166,67;C;VTE/1;;
VTE;VENTES;VTE/2;20230131;41100000;CompteLib_0017;CBRICEG;MR BRICE G;23013137;20230131;EcritureLib_0450;20241009;2512,00;0,00;D;VTE/2;A;20240506
VTE;VENTES;VTE/2;20230131;70671200;CompteLib_0071;;;23013137;20230131;EcritureLib_0450;20241009;0,00;2093,33;C;VTE/2;;
VTE;VENTES;VTE/2;20230131;44571700;CompteLib_0022;;;23013137;20230131;EcritureLib_0450;20241009;0,00;418,67;C;VTE/2;;
VTE;VENTES;VTE/3;20230201;41100000;CompteLib_0017;CDIVERS;DIVERS;23020138;20230201;EcritureLib_0451;20241009;750,00;0,00;D;VTE/3;A;20240506
VTE;VENTES;VTE/3;20230201;70671200;CompteLib_0071;;;23020138;20230201;EcritureLib_0451;20241009;0,00;625,00;C;VTE/3;;
VTE;VENTES;VTE/3;20230201;44571700;CompteLib_0022;;;23020138;20230201;EcritureLib_0451;20241009;0,00;125,00;C;VTE/3;;
VTE;VENTES;VTE/4;20230203;41100000;CompteLib_0017;CDAVIDC;DAVID C;23020339;20230203;EcritureLib_0452;20241009;2150,00;0,00;D;VTE/4;A;20240506
VTE;VENTES;VTE/4;20230203;70671200;CompteLib_0071;;;23020339;20230203;EcritureLib_0452;20241009;0,00;1791,67;C;VTE/4;;
VTE;VENTES;VTE/4;20230203;44571700;CompteLib_0022;;;23020339;20230203;EcritureLib_0452;20241009;0,00;358,33;C;VTE/4;;
VTE;VENTES;VTE/5;20230213;41100000;CompteLib_0017;CDIVERS;DIVERS;23021340;20230213;EcritureLib_0453;20241009;300,00;0,00;D;VTE/5;B;20240506
VTE;VENTES;VTE/5;20230213;70671200;CompteLib_0071;;;23021340;20230213;EcritureLib_0453;20241009;0,00;250,00;C;VTE/5;;
VTE;VENTES;VTE/5;20230213;44571700;CompteLib_0022;;;23021340;20230213;EcritureLib_0453;20241009;0,00;50,00;C;VTE/5;;
VTE;VENTES;VTE/6;20230222;41100000;CompteLib_0017;CDIVERS;DIVERS;23022241;20230222;EcritureLib_0454;20241009;400,00;0,00;D;VTE/6;C;20240506
VTE;VENTES;VTE/6;20230222;70671200;CompteLib_0071;;;23022241;20230222;EcritureLib_0454;20241009;0,00;333,33;C;VTE/6;;
VTE;VENTES;VTE/6;20230222;44571700;CompteLib_0022;;;23022241;20230222;EcritureLib_0454;20241009;0,00;66,67;C;VTE/6;;
VTE;VENTES;VTE/7;20230225;41100000;CompteLib_0017;CAFC;A.F.C BATIMENT PIECE BROUETTE;23022542;20230225;EcritureLib_0455;20241009;3788,00;0,00;D;VTE/7;A;20240506
VTE;VENTES;VTE/7;20230225;70770000;CompteLib_0072;;;23022542;20230225;EcritureLib_0455;20241009;0,00;3156,67;C;VTE/7;;
VTE;VENTES;VTE/7;20230225;44571700;CompteLib_0022;;;23022542;20230225;EcritureLib_0455;20241009;0,00;631,33;C;VTE/7;;
VTE;VENTES;VTE/7;20230225;41100000;CompteLib_0017;CDIVERS;DIVERS;23022543;20230225;EcritureLib_0451;20241009;420,00;0,00;D;VTE/7;D;20240506
VTE;VENTES;VTE/7;20230225;70671200;CompteLib_0071;;;23022543;20230225;EcritureLib_0451;20241009;0,00;350,00;C;VTE/7;;
VTE;VENTES;VTE/7;20230225;44571700;CompteLib_0022;;;23022543;20230225;EcritureLib_0451;20241009;0,00;70,00;C;VTE/7;;
VTE;VENTES;VTE/8;20230226;41100000;CompteLib_0017;CTDE;TDE  CONSULTING & MANAGEMENT;23022644;20230226;EcritureLib_0456;20241009;2122,00;0,00;D;VTE/8;A;20240506
VTE;VENTES;VTE/8;20230226;70770000;CompteLib_0072;;;23022644;20230226;EcritureLib_0456;20241009;0,00;1768,33;C;VTE/8;;
VTE;VENTES;VTE/8;20230226;44571700;CompteLib_0022;;;23022644;20230226;EcritureLib_0456;20241009;0,00;353,67;C;VTE/8;;
VTE;VENTES;VTE/8;20230226;41100000;CompteLib_0017;CLAMBERSART;VILLE DE LAMBERSART;23022645;20230226;EcritureLib_0457;20241009;280,00;0,00;D;VTE/8;A;20240506
VTE;VENTES;VTE/8;20230226;70671200;CompteLib_0071;;;23022645;20230226;EcritureLib_0457;20241009;0,00;233,33;C;VTE/8;;
VTE;VENTES;VTE/8;20230226;44571700;CompteLib_0022;;;23022645;20230226;EcritureLib_0457;20241009;0,00;46,67;C;VTE/8;;
VTE;VENTES;VTE/9;20230227;41100000;CompteLib_0017;CAYAD;AYAD PATRICK;23022748;20230227;EcritureLib_0458;20241009;1972,00;0,00;D;VTE/9;A;20240506
VTE;VENTES;VTE/9;20230227;70770000;CompteLib_0072;;;23022748;20230227;EcritureLib_0458;20241009;0,00;1643,33;C;VTE/9;;
VTE;VENTES;VTE/9;20230227;44571700;CompteLib_0022;;;23022748;20230227;EcritureLib_0458;20241009;0,00;328,67;C;VTE/9;;
VTE;VENTES;VTE/9;20230227;41100000;CompteLib_0017;CNICOLETTI;DORIAN NICOLETTI;23022749;20230227;EcritureLib_0459;20241009;1990,00;0,00;D;VTE/9;A;20240506
VTE;VENTES;VTE/9;20230227;70770000;CompteLib_0072;;;23022749;20230227;EcritureLib_0459;20241009;0,00;1658,33;C;VTE/9;;
VTE;VENTES;VTE/9;20230227;44571700;CompteLib_0022;;;23022749;20230227;EcritureLib_0459;20241009;0,00;331,67;C;VTE/9;;
VTE;VENTES;VTE/10;20230228;41100000;CompteLib_0017;CBOURSICOT;MICKAEL BOURSICOT;23022850;20230228;EcritureLib_0460;20241009;1750,00;0,00;D;VTE/10;A;20240506
VTE;VENTES;VTE/10;20230228;70770000;CompteLib_0072;;;23022850;20230228;EcritureLib_0460;20241009;0,00;1458,33;C;VTE/10;;
VTE;VENTES;VTE/10;20230228;44571700;CompteLib_0022;;;23022850;20230228;EcritureLib_0460;20241009;0,00;291,67;C;VTE/10;;
VTE;VENTES;VTE/10;20230228;41100000;CompteLib_0017;CBOURSICOT;MICKAEL BOURSICOT;AVOIR;20230228;EcritureLib_0460;20241009;0,00;1750,00;C;VTE/10;A;20240506
VTE;VENTES;VTE/10;20230228;70770000;CompteLib_0072;;;AVOIR;20230228;EcritureLib_0460;20241009;1458,33;0,00;D;VTE/10;;
VTE;VENTES;VTE/10;20230228;44571700;CompteLib_0022;;;AVOIR;20230228;EcritureLib_0460;20241009;291,67;0,00;D;VTE/10;;
VTE;VENTES;VTE/10;20230228;41100000;CompteLib_0017;CPETITQUEUX;Stephane Petitqueux;23022851;20230228;EcritureLib_0461;20241009;3090,00;0,00;D;VTE/10;A;20240506
VTE;VENTES;VTE/10;20230228;70770000;CompteLib_0072;;;23022851;20230228;EcritureLib_0461;20241009;0,00;2575,00;C;VTE/10;;
VTE;VENTES;VTE/10;20230228;44571700;CompteLib_0022;;;23022851;20230228;EcritureLib_0461;20241009;0,00;515,00;C;VTE/10;;
VTE;VENTES;VTE/11;20230301;41100000;CompteLib_0017;CDIBELLA;CARMELO DI BELLA;23030152;20230301;EcritureLib_0462;20241009;1750,00;0,00;D;VTE/11;A;20240506
VTE;VENTES;VTE/11;20230301;70770000;CompteLib_0072;;;23030152;20230301;EcritureLib_0462;20241009;0,00;1458,33;C;VTE/11;;
VTE;VENTES;VTE/11;20230301;44571700;CompteLib_0022;;;23030152;20230301;EcritureLib_0462;20241009;0,00;291,67;C;VTE/11;;
VTE;VENTES;VTE/12;20230302;41100000;CompteLib_0017;CBELLAIZE;BELLAIZE;23030253;20230302;EcritureLib_0463;20241009;1700,00;0,00;D;VTE/12;A;20240506
VTE;VENTES;VTE/12;20230302;70770000;CompteLib_0072;;;23030253;20230302;EcritureLib_0463;20241009;0,00;1416,67;C;VTE/12;;
VTE;VENTES;VTE/12;20230302;44571700;CompteLib_0022;;;23030253;20230302;EcritureLib_0463;20241009;0,00;283,33;C;VTE/12;;
VTE;VENTES;VTE/12;20230302;41100000;CompteLib_0017;CENAAIM;HAFID ENAAIM;23030254;20230302;EcritureLib_0464;20241009;1850,00;0,00;D;VTE/12;A;20240506
VTE;VENTES;VTE/12;20230302;70770000;CompteLib_0072;;;23030254;20230302;EcritureLib_0464;20241009;0,00;1541,67;C;VTE/12;;
VTE;VENTES;VTE/12;20230302;44571700;CompteLib_0022;;;23030254;20230302;EcritureLib_0464;20241009;0,00;308,33;C;VTE/12;;
VTE;VENTES;VTE/13;20230303;41100000;CompteLib_0017;CRAGONNET;RAGONNET ADRIEN;23030355;20230303;EcritureLib_0465;20241009;2002,00;0,00;D;VTE/13;A;20240506
VTE;VENTES;VTE/13;20230303;70770000;CompteLib_0072;;;23030355;20230303;EcritureLib_0465;20241009;0,00;1668,33;C;VTE/13;;
VTE;VENTES;VTE/13;20230303;44571700;CompteLib_0022;;;23030355;20230303;EcritureLib_0465;20241009;0,00;333,67;C;VTE/13;;
VTE;VENTES;VTE/14;20230304;41100000;CompteLib_0017;CDELEBASSEE;DAVID DELABASSEE;23030456;20230304;EcritureLib_0466;20241009;1750,00;0,00;D;VTE/14;A;20240506
VTE;VENTES;VTE/14;20230304;70770000;CompteLib_0072;;;23030456;20230304;EcritureLib_0466;20241009;0,00;1458,33;C;VTE/14;;
VTE;VENTES;VTE/14;20230304;44571700;CompteLib_0022;;;23030456;20230304;EcritureLib_0466;20241009;0,00;291,67;C;VTE/14;;
VTE;VENTES;VTE/15;20230305;41100000;CompteLib_0017;CJOSSEAUME;JOSSEAUME BENJAMIN;23030557;20230305;EcritureLib_0467;20241009;2046,00;0,00;D;VTE/15;A;20240506
VTE;VENTES;VTE/15;20230305;70770000;CompteLib_0072;;;23030557;20230305;EcritureLib_0467;20241009;0,00;1705,00;C;VTE/15;;
VTE;VENTES;VTE/15;20230305;44571700;CompteLib_0022;;;23030557;20230305;EcritureLib_0467;20241009;0,00;341,00;C;VTE/15;;
VTE;VENTES;VTE/16;20230308;41100000;CompteLib_0017;CGIANNETTI;PATRICE GIANNETTI;23030858;20230308;EcritureLib_0468;20241009;500,00;0,00;D;VTE/16;A;20240506
VTE;VENTES;VTE/16;20230308;70770000;CompteLib_0072;;;23030858;20230308;EcritureLib_0468;20241009;0,00;416,67;C;VTE/16;;
VTE;VENTES;VTE/16;20230308;44571700;CompteLib_0022;;;23030858;20230308;EcritureLib_0468;20241009;0,00;83,33;C;VTE/16;;
VTE;VENTES;VTE/17;20230309;41100000;CompteLib_0017;CCAMUS;CAMUS THIBAULT;23030959;20230309;EcritureLib_0469;20241009;1795,00;0,00;D;VTE/17;A;20240506
VTE;VENTES;VTE/17;20230309;70770000;CompteLib_0072;;;23030959;20230309;EcritureLib_0469;20241009;0,00;1495,83;C;VTE/17;;
VTE;VENTES;VTE/17;20230309;44571700;CompteLib_0022;;;23030959;20230309;EcritureLib_0469;20241009;0,00;299,17;C;VTE/17;;
VTE;VENTES;VTE/18;20230321;41100000;CompteLib_0017;CKADDOUR;KADDOUR RANI;23032160;20230321;EcritureLib_0470;20241009;1150,00;0,00;D;VTE/18;A;20240506
VTE;VENTES;VTE/18;20230321;70770000;CompteLib_0072;;;23032160;20230321;EcritureLib_0470;20241009;0,00;958,33;C;VTE/18;;
VTE;VENTES;VTE/18;20230321;44571700;CompteLib_0022;;;23032160;20230321;EcritureLib_0470;20241009;0,00;191,67;C;VTE/18;;
VTE;VENTES;VTE/19;20230322;41100000;CompteLib_0017;CBOURSICOT;MICKAEL BOURSICOT;23032261;20230322;EcritureLib_0460;20241009;1364,00;0,00;D;VTE/19;B;20240506
VTE;VENTES;VTE/19;20230322;70770000;CompteLib_0072;;;23032261;20230322;EcritureLib_0460;20241009;0,00;1136,67;C;VTE/19;;
VTE;VENTES;VTE/19;20230322;44571700;CompteLib_0022;;;23032261;20230322;EcritureLib_0460;20241009;0,00;227,33;C;VTE/19;;
VTE;VENTES;VTE/19;20230322;41100000;CompteLib_0017;CROSSETTI;ROSSETTI GIAN-CARLO;23032262;20230322;EcritureLib_0471;20241009;1200,00;0,00;D;VTE/19;A;20240506
VTE;VENTES;VTE/19;20230322;70770000;CompteLib_0072;;;23032262;20230322;EcritureLib_0471;20241009;0,00;1000,00;C;VTE/19;;
VTE;VENTES;VTE/19;20230322;44571700;CompteLib_0022;;;23032262;20230322;EcritureLib_0471;20241009;0,00;200,00;C;VTE/19;;
VTE;VENTES;VTE/19;20230322;41100000;CompteLib_0017;CLOPEZ;MICHAEL LOPEZ;23032263;20230322;EcritureLib_0472;20241009;1503,00;0,00;D;VTE/19;A;20240506
VTE;VENTES;VTE/19;20230322;70770000;CompteLib_0072;;;23032263;20230322;EcritureLib_0472;20241009;0,00;1252,50;C;VTE/19;;
VTE;VENTES;VTE/19;20230322;44571700;CompteLib_0022;;;23032263;20230322;EcritureLib_0472;20241009;0,00;250,50;C;VTE/19;;
VTE;VENTES;VTE/19;20230322;41100000;CompteLib_0017;CFERNANDES;JIMMY FERNANDES;23032264;20230322;EcritureLib_0473;20241009;1200,00;0,00;D;VTE/19;A;20240506
VTE;VENTES;VTE/19;20230322;70770000;CompteLib_0072;;;23032264;20230322;EcritureLib_0473;20241009;0,00;1000,00;C;VTE/19;;
VTE;VENTES;VTE/19;20230322;44571700;CompteLib_0022;;;23032264;20230322;EcritureLib_0473;20241009;0,00;200,00;C;VTE/19;;
VTE;VENTES;VTE/19;20230322;41100000;CompteLib_0017;CDAVIDC;DAVID C;23032265;20230322;EcritureLib_0474;20241009;1150,00;0,00;D;VTE/19;B;20240506
VTE;VENTES;VTE/19;20230322;70770000;CompteLib_0072;;;23032265;20230322;EcritureLib_0474;20241009;0,00;958,33;C;VTE/19;;
VTE;VENTES;VTE/19;20230322;44571700;CompteLib_0022;;;23032265;20230322;EcritureLib_0474;20241009;0,00;191,67;C;VTE/19;;
VTE;VENTES;VTE/20;20230323;41100000;CompteLib_0017;CGRAUL;GRAUL JULIEN;23032366;20230323;EcritureLib_0475;20241009;1130,00;0,00;D;VTE/20;A;20240506
VTE;VENTES;VTE/20;20230323;70770000;CompteLib_0072;;;23032366;20230323;EcritureLib_0475;20241009;0,00;941,67;C;VTE/20;;
VTE;VENTES;VTE/20;20230323;44571700;CompteLib_0022;;;23032366;20230323;EcritureLib_0475;20241009;0,00;188,33;C;VTE/20;;
VTE;VENTES;VTE/20;20230323;41100000;CompteLib_0017;CKADDOUR;KADDOUR RANI;23032367;20230323;EcritureLib_0470;20241009;950,00;0,00;D;VTE/20;B;20240506
VTE;VENTES;VTE/20;20230323;70770000;CompteLib_0072;;;23032367;20230323;EcritureLib_0470;20241009;0,00;791,67;C;VTE/20;;
VTE;VENTES;VTE/20;20230323;44571700;CompteLib_0022;;;23032367;20230323;EcritureLib_0470;20241009;0,00;158,33;C;VTE/20;;
VTE;VENTES;VTE/20;20230323;41100000;CompteLib_0017;CHANIKEN;LAURENT HANIKEN;23032368;20230323;EcritureLib_0476;20241009;1000,00;0,00;D;VTE/20;A;20240507
VTE;VENTES;VTE/20;20230323;70770000;CompteLib_0072;;;23032368;20230323;EcritureLib_0476;20241009;0,00;833,33;C;VTE/20;;
VTE;VENTES;VTE/20;20230323;44571700;CompteLib_0022;;;23032368;20230323;EcritureLib_0476;20241009;0,00;166,67;C;VTE/20;;
VTE;VENTES;VTE/20;20230323;41100000;CompteLib_0017;CTOURTEAU;FRANCK TOURTEAU;23032369;20230323;EcritureLib_0477;20241009;2300,00;0,00;D;VTE/20;A;20240506
VTE;VENTES;VTE/20;20230323;70770000;CompteLib_0072;;;23032369;20230323;EcritureLib_0477;20241009;0,00;1916,67;C;VTE/20;;
VTE;VENTES;VTE/20;20230323;44571700;CompteLib_0022;;;23032369;20230323;EcritureLib_0477;20241009;0,00;383,33;C;VTE/20;;
VTE;VENTES;VTE/20;20230323;41100000;CompteLib_0017;CLECLERCQ;BENOIT LECLERCQ;23032370;20230323;EcritureLib_0478;20241009;1100,00;0,00;D;VTE/20;A;20240506
VTE;VENTES;VTE/20;20230323;70770000;CompteLib_0072;;;23032370;20230323;EcritureLib_0478;20241009;0,00;916,67;C;VTE/20;;
VTE;VENTES;VTE/20;20230323;44571700;CompteLib_0022;;;23032370;20230323;EcritureLib_0478;20241009;0,00;183,33;C;VTE/20;;
VTE;VENTES;VTE/21;20230324;41100000;CompteLib_0017;CBEDOGNI;BEDOGNI NICOLAS;23032471;20230324;EcritureLib_0479;20241009;1230,00;0,00;D;VTE/21;A;20240507
VTE;VENTES;VTE/21;20230324;70770000;CompteLib_0072;;;23032471;20230324;EcritureLib_0479;20241009;0,00;750,00;C;VTE/21;;
VTE;VENTES;VTE/21;20230324;44571700;CompteLib_0022;;;23032471;20230324;EcritureLib_0479;20241009;0,00;150,00;C;VTE/21;;
VTE;VENTES;VTE/21;20230324;70640000;CompteLib_0074;;;23032471;20230324;EcritureLib_0479;20241009;0,00;330,00;C;VTE/21;;
VTE;VENTES;VTE/22;20230326;41100000;CompteLib_0017;CVANDERHEY;VANDERHEYDEN OLIVIER;23032672;20230326;EcritureLib_0480;20241009;1142,00;0,00;D;VTE/22;A;20240506
VTE;VENTES;VTE/22;20230326;70770000;CompteLib_0072;;;23032672;20230326;EcritureLib_0480;20241009;0,00;951,67;C;VTE/22;;
VTE;VENTES;VTE/22;20230326;44571700;CompteLib_0022;;;23032672;20230326;EcritureLib_0480;20241009;0,00;190,33;C;VTE/22;;
VTE;VENTES;VTE/22;20230326;41100000;CompteLib_0017;CLIBOT;GUILLAUME LIBOT;23032673;20230326;EcritureLib_0481;20241009;1154,00;0,00;D;VTE/22;A;20240506
VTE;VENTES;VTE/22;20230326;70770000;CompteLib_0072;;;23032673;20230326;EcritureLib_0481;20241009;0,00;961,67;C;VTE/22;;
VTE;VENTES;VTE/22;20230326;44571700;CompteLib_0022;;;23032673;20230326;EcritureLib_0481;20241009;0,00;192,33;C;VTE/22;;
VTE;VENTES;VTE/23;20230327;41100000;CompteLib_0017;CPERROT;THOMAS PERROT;23032774;20230327;EcritureLib_0482;20241009;1414,00;0,00;D;VTE/23;A;20240506
VTE;VENTES;VTE/23;20230327;70770000;CompteLib_0072;;;23032774;20230327;EcritureLib_0482;20241009;0,00;958,33;C;VTE/23;;
VTE;VENTES;VTE/23;20230327;44571700;CompteLib_0022;;;23032774;20230327;EcritureLib_0482;20241009;0,00;235,67;C;VTE/23;;
VTE;VENTES;VTE/23;20230327;70770000;CompteLib_0072;;;23032774;20230327;EcritureLib_0482;20241009;0,00;220,00;C;VTE/23;;
VTE;VENTES;VTE/23;20230327;41100000;CompteLib_0017;CCHIPO;JEAN BAPTISTE CHIPO;23032775;20230327;EcritureLib_0483;20241009;1392,00;0,00;D;VTE/23;A;20240506
VTE;VENTES;VTE/23;20230327;70770000;CompteLib_0072;;;23032775;20230327;EcritureLib_0483;20241009;0,00;1000,00;C;VTE/23;;
VTE;VENTES;VTE/23;20230327;44571700;CompteLib_0022;;;23032775;20230327;EcritureLib_0483;20241009;0,00;232,00;C;VTE/23;;
VTE;VENTES;VTE/23;20230327;70770000;CompteLib_0072;;;23032775;20230327;EcritureLib_0483;20241009;0,00;160,00;C;VTE/23;;
VTE;VENTES;VTE/24;20230328;41100000;CompteLib_0017;CGIUDICE;GIUDICE FRANCOIS;23032876;20230328;EcritureLib_0484;20241009;2200,00;0,00;D;VTE/24;A;20240506
VTE;VENTES;VTE/24;20230328;70770000;CompteLib_0072;;;23032876;20230328;EcritureLib_0484;20241009;0,00;1833,33;C;VTE/24;;
VTE;VENTES;VTE/24;20230328;44571700;CompteLib_0022;;;23032876;20230328;EcritureLib_0484;20241009;0,00;366,67;C;VTE/24;;
VTE;VENTES;VTE/25;20230330;41100000;CompteLib_0017;CBOUACHIBA;Bilel Bouachiba;23033077;20230330;EcritureLib_0485;20241009;1200,00;0,00;D;VTE/25;A;20240506
VTE;VENTES;VTE/25;20230330;70770000;CompteLib_0072;;;23033077;20230330;EcritureLib_0485;20241009;0,00;833,33;C;VTE/25;;
VTE;VENTES;VTE/25;20230330;70770000;CompteLib_0072;;;23033077;20230330;EcritureLib_0485;20241009;0,00;166,67;C;VTE/25;;
VTE;VENTES;VTE/25;20230330;44571700;CompteLib_0022;;;23033077;20230330;EcritureLib_0485;20241009;0,00;200,00;C;VTE/25;;
VTE;VENTES;VTE/26;20230405;41100000;CompteLib_0017;CCOLLECTOR;COLLECTOR PINBALL INDUSTRIE;23040580;20230405;EcritureLib_0486;20241009;1800,00;0,00;D;VTE/26;A;20240506
VTE;VENTES;VTE/26;20230405;70770000;CompteLib_0072;;;23040580;20230405;EcritureLib_0486;20241009;0,00;1500,00;C;VTE/26;;
VTE;VENTES;VTE/26;20230405;44571700;CompteLib_0022;;;23040580;20230405;EcritureLib_0486;20241009;0,00;300,00;C;VTE/26;;
VTE;VENTES;VTE/26;20230405;41100000;CompteLib_0017;CCONRAD;CONRAD FENECH;23040581;20230405;EcritureLib_0487;20241009;1106,00;0,00;D;VTE/26;A;20240506
VTE;VENTES;VTE/26;20230405;70770000;CompteLib_0072;;;23040581;20230405;EcritureLib_0487;20241009;0,00;921,67;C;VTE/26;;
VTE;VENTES;VTE/26;20230405;44571700;CompteLib_0022;;;23040581;20230405;EcritureLib_0487;20241009;0,00;184,33;C;VTE/26;;
VTE;VENTES;VTE/26;20230405;41100000;CompteLib_0017;CCONRAD;CONRAD FENECH;AVOIR;20230405;EcritureLib_0487;20241009;0,00;1106,00;C;VTE/26;A;20240506
VTE;VENTES;VTE/26;20230405;70770000;CompteLib_0072;;;AVOIR;20230405;EcritureLib_0487;20241009;921,67;0,00;D;VTE/26;;
VTE;VENTES;VTE/26;20230405;44571700;CompteLib_0022;;;AVOIR;20230405;EcritureLib_0487;20241009;184,33;0,00;D;VTE/26;;
VTE;VENTES;VTE/27;20230407;41100000;CompteLib_0017;CDIVERS;DIVERS;23040782;20230407;EcritureLib_0451;20241009;400,00;0,00;D;VTE/27;E;20240506
VTE;VENTES;VTE/27;20230407;70671200;CompteLib_0071;;;23040782;20230407;EcritureLib_0451;20241009;0,00;333,33;C;VTE/27;;
VTE;VENTES;VTE/27;20230407;44571700;CompteLib_0022;;;23040782;20230407;EcritureLib_0451;20241009;0,00;66,67;C;VTE/27;;
VTE;VENTES;VTE/27;20230407;41100000;CompteLib_0017;CCARBENAY;CARBENAY BENJAMIN;23040783;20230407;EcritureLib_0488;20241009;1000,00;0,00;D;VTE/27;A;20240507
VTE;VENTES;VTE/27;20230407;70770000;CompteLib_0072;;;23040783;20230407;EcritureLib_0488;20241009;0,00;833,33;C;VTE/27;;
VTE;VENTES;VTE/27;20230407;44571700;CompteLib_0022;;;23040783;20230407;EcritureLib_0488;20241009;0,00;166,67;C;VTE/27;;
VTE;VENTES;VTE/28;20230425;41100000;CompteLib_0017;VENDIN;VILLE DE VENDIN LE VIEIL;23042584;20230425;EcritureLib_0489;20241009;315,00;0,00;D;VTE/28;B;20240507
VTE;VENTES;VTE/28;20230425;70671200;CompteLib_0071;;;23042584;20230425;EcritureLib_0489;20241009;0,00;262,50;C;VTE/28;;
VTE;VENTES;VTE/28;20230425;44571700;CompteLib_0022;;;23042584;20230425;EcritureLib_0489;20241009;0,00;52,50;C;VTE/28;;
VTE;VENTES;VTE/29;20230504;41100000;CompteLib_0017;CDIVERS;DIVERS;23050486;20230504;EcritureLib_0451;20241009;300,00;0,00;D;VTE/29;F;20240506
VTE;VENTES;VTE/29;20230504;70671200;CompteLib_0071;;;23050486;20230504;EcritureLib_0451;20241009;0,00;250,00;C;VTE/29;;
VTE;VENTES;VTE/29;20230504;44571700;CompteLib_0022;;;23050486;20230504;EcritureLib_0451;20241009;0,00;50,00;C;VTE/29;;
VTE;VENTES;VTE/30;20230506;41100000;CompteLib_0017;CASSOORDI;ASSO ORDI RETRO;23050687;20230506;EcritureLib_0490;20241009;1300,00;0,00;D;VTE/30;A;20240506
VTE;VENTES;VTE/30;20230506;70671200;CompteLib_0071;;;23050687;20230506;EcritureLib_0490;20241009;0,00;1083,33;C;VTE/30;;
VTE;VENTES;VTE/30;20230506;44571700;CompteLib_0022;;;23050687;20230506;EcritureLib_0490;20241009;0,00;216,67;C;VTE/30;;
VTE;VENTES;VTE/30;20230506;41100000;CompteLib_0017;CAMISMANDELA;LES AMIS DE MANDELA;23050688;20230506;EcritureLib_0491;20241009;800,00;0,00;D;VTE/30;A;20240506
VTE;VENTES;VTE/30;20230506;70671200;CompteLib_0071;;;23050688;20230506;EcritureLib_0491;20241009;0,00;666,67;C;VTE/30;;
VTE;VENTES;VTE/30;20230506;44571700;CompteLib_0022;;;23050688;20230506;EcritureLib_0491;20241009;0,00;133,33;C;VTE/30;;
VTE;VENTES;VTE/30;20230506;41100000;CompteLib_0017;CLINSELLES;VILLES DE LINSELLES;23050689;20230506;EcritureLib_0492;20241009;238,00;0,00;D;VTE/30;A;20240506
VTE;VENTES;VTE/30;20230506;70671200;CompteLib_0071;;;23050689;20230506;EcritureLib_0492;20241009;0,00;198,33;C;VTE/30;;
VTE;VENTES;VTE/30;20230506;44571700;CompteLib_0022;;;23050689;20230506;EcritureLib_0492;20241009;0,00;39,67;C;VTE/30;;
VTE;VENTES;VTE/30;20230506;41100000;CompteLib_0017;CCLSH;CLSH;23050690;20230506;EcritureLib_0493;20241009;105,00;0,00;D;VTE/30;A;20240506
VTE;VENTES;VTE/30;20230506;70671200;CompteLib_0071;;;23050690;20230506;EcritureLib_0493;20241009;0,00;87,50;C;VTE/30;;
VTE;VENTES;VTE/30;20230506;44571700;CompteLib_0022;;;23050690;20230506;EcritureLib_0493;20241009;0,00;17,50;C;VTE/30;;
VTE;VENTES;VTE/30;20230506;41100000;CompteLib_0017;CLIMA;LIMA BENOIT;23050691;20230506;EcritureLib_0494;20241009;1251,00;0,00;D;VTE/30;A;20240506
VTE;VENTES;VTE/30;20230506;70770000;CompteLib_0072;;;23050691;20230506;EcritureLib_0494;20241009;0,00;1042,50;C;VTE/30;;
VTE;VENTES;VTE/30;20230506;44571700;CompteLib_0022;;;23050691;20230506;EcritureLib_0494;20241009;0,00;208,50;C;VTE/30;;
VTE;VENTES;VTE/31;20230511;41100000;CompteLib_0017;CCOLLECTOR;COLLECTOR PINBALL INDUSTRIE;23050692;20230511;EcritureLib_0495;20241009;900,00;0,00;D;VTE/31;B;20240506
VTE;VENTES;VTE/31;20230511;70770000;CompteLib_0072;;;23051192;20230511;EcritureLib_0495;20241009;0,00;750,00;C;VTE/31;;
VTE;VENTES;VTE/31;20230511;44571700;CompteLib_0022;;;23051192;20230511;EcritureLib_0495;20241009;0,00;150,00;C;VTE/31;;
VTE;VENTES;VTE/31;20230511;41100000;CompteLib_0017;CSGARD;SGARD ARNAUD;23051193;20230511;EcritureLib_0496;20241009;2252,00;0,00;D;VTE/31;A;20240506
VTE;VENTES;VTE/31;20230511;70770000;CompteLib_0072;;;23051193;20230511;EcritureLib_0496;20241009;0,00;1876,67;C;VTE/31;;
VTE;VENTES;VTE/31;20230511;44571700;CompteLib_0022;;;23051193;20230511;EcritureLib_0496;20241009;0,00;375,33;C;VTE/31;;
VTE;VENTES;VTE/31;20230511;41100000;CompteLib_0017;CNIGHT;NIGHT BIRDS;23051194;20230511;EcritureLib_0497;20241009;300,00;0,00;D;VTE/31;A;20240506
VTE;VENTES;VTE/31;20230511;70671200;CompteLib_0071;;;23051194;20230511;EcritureLib_0497;20241009;0,00;250,00;C;VTE/31;;
VTE;VENTES;VTE/31;20230511;44571700;CompteLib_0022;;;23051194;20230511;EcritureLib_0497;20241009;0,00;50,00;C;VTE/31;;
VTE;VENTES;VTE/32;20230512;41100000;CompteLib_0017;CSANDELION;SANDELION PIERRE;23051295;20230512;EcritureLib_0498;20241009;1728,00;0,00;D;VTE/32;A;20240506
VTE;VENTES;VTE/32;20230512;70770000;CompteLib_0072;;;23051295;20230512;EcritureLib_0498;20241009;0,00;1440,00;C;VTE/32;;
VTE;VENTES;VTE/32;20230512;44571700;CompteLib_0022;;;23051295;20230512;EcritureLib_0498;20241009;0,00;288,00;C;VTE/32;;
VTE;VENTES;VTE/33;20230516;41100000;CompteLib_0017;BRATS;LES PETITS BRATS ;23051698;20230516;EcritureLib_0499;20241009;379,91;0,00;D;VTE/33;H;20240507
VTE;VENTES;VTE/33;20230516;70770000;CompteLib_0072;;;23051698;20230516;EcritureLib_0499;20241009;0,00;171,00;C;VTE/33;;
VTE;VENTES;VTE/33;20230516;70771200;CompteLib_0073;;;23051698;20230516;EcritureLib_0499;20241009;0,00;165,60;C;VTE/33;;
VTE;VENTES;VTE/33;20230516;44571700;CompteLib_0022;;;23051698;20230516;EcritureLib_0499;20241009;0,00;34,20;C;VTE/33;;
VTE;VENTES;VTE/33;20230516;44571200;CompteLib_0065;;;23051698;20230516;EcritureLib_0499;20241009;0,00;9,11;C;VTE/33;;
VTE;VENTES;VTE/34;20230525;41100000;CompteLib_0017;CMEMOIRE;MEMOIRE MORTE;23052599;20230525;EcritureLib_0500;20241009;400,00;0,00;D;VTE/34;A;20240506
VTE;VENTES;VTE/34;20230525;70671200;CompteLib_0071;;;23052599;20230525;EcritureLib_0500;20241009;0,00;333,33;C;VTE/34;;
VTE;VENTES;VTE/34;20230525;44571700;CompteLib_0022;;;23052599;20230525;EcritureLib_0500;20241009;0,00;66,67;C;VTE/34;;
VTE;VENTES;VTE/35;20230601;41100000;CompteLib_0017;CLEFLOW;LE FLOW;23060100;20230601;EcritureLib_0501;20241009;350,00;0,00;D;VTE/35;A;20240506
VTE;VENTES;VTE/35;20230601;70671200;CompteLib_0071;;;23060100;20230601;EcritureLib_0501;20241009;0,00;291,67;C;VTE/35;;
VTE;VENTES;VTE/35;20230601;44571700;CompteLib_0022;;;23060100;20230601;EcritureLib_0501;20241009;0,00;58,33;C;VTE/35;;
VTE;VENTES;VTE/35;20230601;41100000;CompteLib_0017;CMAISON;MAISON FOLIE MOULIN;23060101;20230601;EcritureLib_0502;20241009;350,00;0,00;D;VTE/35;A;20240506
VTE;VENTES;VTE/35;20230601;70671200;CompteLib_0071;;;23060101;20230601;EcritureLib_0502;20241009;0,00;291,67;C;VTE/35;;
VTE;VENTES;VTE/35;20230601;44571700;CompteLib_0022;;;23060101;20230601;EcritureLib_0502;20241009;0,00;58,33;C;VTE/35;;
VTE;VENTES;VTE/36;20230602;41100000;CompteLib_0017;CBAILLEUL;VILLE DE BAILLEUL;23060202;20230602;EcritureLib_0503;20241009;95,00;0,00;D;VTE/36;A;20240506
VTE;VENTES;VTE/36;20230602;70671200;CompteLib_0071;;;23060202;20230602;EcritureLib_0503;20241009;0,00;79,17;C;VTE/36;;
VTE;VENTES;VTE/36;20230602;44571700;CompteLib_0022;;;23060202;20230602;EcritureLib_0503;20241009;0,00;15,83;C;VTE/36;;
VTE;VENTES;VTE/36;20230602;41100000;CompteLib_0017;CSTEXUPERY;ESPACE DE VIE SAINT EXUPERY;23060203;20230602;EcritureLib_0504;20241009;140,00;0,00;D;VTE/36;;
VTE;VENTES;VTE/36;20230602;70671200;CompteLib_0071;;;23060203;20230602;EcritureLib_0504;20241009;0,00;116,67;C;VTE/36;;
VTE;VENTES;VTE/36;20230602;44571700;CompteLib_0022;;;23060203;20230602;EcritureLib_0504;20241009;0,00;23,33;C;VTE/36;;
VTE;VENTES;VTE/36;20230602;41100000;CompteLib_0017;CCCS;CCS;23060204;20230602;EcritureLib_0505;20241009;800,00;0,00;D;VTE/36;A;20240506
VTE;VENTES;VTE/36;20230602;70671200;CompteLib_0071;;;23060204;20230602;EcritureLib_0505;20241009;0,00;666,67;C;VTE/36;;
VTE;VENTES;VTE/36;20230602;44571700;CompteLib_0022;;;23060204;20230602;EcritureLib_0505;20241009;0,00;133,33;C;VTE/36;;
VTE;VENTES;VTE/36;20230602;41100000;CompteLib_0017;CCENTRESOCIA;CENTRE SOCIAL FRESNOY;23060205;20230602;EcritureLib_0506;20241009;360,00;0,00;D;VTE/36;A;20240506
VTE;VENTES;VTE/36;20230602;70671200;CompteLib_0071;;;23060205;20230602;EcritureLib_0506;20241009;0,00;300,00;C;VTE/36;;
VTE;VENTES;VTE/36;20230602;44571700;CompteLib_0022;;;23060205;20230602;EcritureLib_0506;20241009;0,00;60,00;C;VTE/36;;
VTE;VENTES;VTE/37;20230607;41100000;CompteLib_0017;CFOURK;SAS FOURK;23060706;20230607;EcritureLib_0507;20241009;300,00;0,00;D;VTE/37;A;20240506
VTE;VENTES;VTE/37;20230607;70671200;CompteLib_0071;;;23060706;20230607;EcritureLib_0507;20241009;0,00;250,00;C;VTE/37;;
VTE;VENTES;VTE/37;20230607;44571700;CompteLib_0022;;;23060706;20230607;EcritureLib_0507;20241009;0,00;50,00;C;VTE/37;;
VTE;VENTES;VTE/38;20230610;41100000;CompteLib_0017;CDIVERS;DIVERS;23061007;20230610;EcritureLib_0451;20241009;300,00;0,00;D;VTE/38;G;20240507
VTE;VENTES;VTE/38;20230610;70671200;CompteLib_0071;;;23061007;20230610;EcritureLib_0451;20241009;0,00;250,00;C;VTE/38;;
VTE;VENTES;VTE/38;20230610;44571700;CompteLib_0022;;;23061007;20230610;EcritureLib_0451;20241009;0,00;50,00;C;VTE/38;;
VTE;VENTES;VTE/39;20230628;41100000;CompteLib_0017;CNODELINK;NODELINK;23062808;20230628;EcritureLib_0508;20241009;65,00;0,00;D;VTE/39;A;20240507
VTE;VENTES;VTE/39;20230628;70671200;CompteLib_0071;;;23062808;20230628;EcritureLib_0508;20241009;0,00;54,17;C;VTE/39;;
VTE;VENTES;VTE/39;20230628;44571700;CompteLib_0022;;;23062808;20230628;EcritureLib_0508;20241009;0,00;10,83;C;VTE/39;;
VTE;VENTES;VTE/40;20230716;41100000;CompteLib_0017;CDIVERS;DIVERS;23071609;20230716;EcritureLib_0451;20241009;300,00;0,00;D;VTE/40;H;20240507
VTE;VENTES;VTE/40;20230716;70671200;CompteLib_0071;;;23071609;20230716;EcritureLib_0451;20241009;0,00;250,00;C;VTE/40;;
VTE;VENTES;VTE/40;20230716;44571700;CompteLib_0022;;;23071609;20230716;EcritureLib_0451;20241009;0,00;50,00;C;VTE/40;;
VTE;VENTES;VTE/41;20230718;41100000;CompteLib_0017;CDERVEAUX;DERVEAUX XAVIER;23071810;20230718;EcritureLib_0509;20241009;1060,00;0,00;D;VTE/41;A;20240507
VTE;VENTES;VTE/41;20230718;70770000;CompteLib_0072;;;23071810;20230718;EcritureLib_0509;20241009;0,00;883,33;C;VTE/41;;
VTE;VENTES;VTE/41;20230718;44571700;CompteLib_0022;;;23071810;20230718;EcritureLib_0509;20241009;0,00;176,67;C;VTE/41;;
VTE;VENTES;VTE/42;20230802;41100000;CompteLib_0017;CSTRZELCZYK;STRZELCZYK;23080211;20230802;EcritureLib_0510;20241009;1000,00;0,00;D;VTE/42;A;20240507
VTE;VENTES;VTE/42;20230802;70770000;CompteLib_0072;;;23080211;20230802;EcritureLib_0510;20241009;0,00;833,33;C;VTE/42;;
VTE;VENTES;VTE/42;20230802;44571700;CompteLib_0022;;;23080211;20230802;EcritureLib_0510;20241009;0,00;166,67;C;VTE/42;;
VTE;VENTES;VTE/43;20230809;41100000;CompteLib_0017;CMEDIATHEQUE;MEDIATHEQUE ROUBAIX;23080912;20230809;EcritureLib_0511;20241009;500,00;0,00;D;VTE/43;A;20240507
VTE;VENTES;VTE/43;20230809;70671200;CompteLib_0071;;;23080912;20230809;EcritureLib_0511;20241009;0,00;416,67;C;VTE/43;;
VTE;VENTES;VTE/43;20230809;44571700;CompteLib_0022;;;23080912;20230809;EcritureLib_0511;20241009;0,00;83,33;C;VTE/43;;
VTE;VENTES;VTE/43;20230809;41100000;CompteLib_0017;CASSONUMRK;ASSOCIATION PROJET NUMERIK;23080913;20230809;EcritureLib_0512;20241009;450,00;0,00;D;VTE/43;A;20240507
VTE;VENTES;VTE/43;20230809;70671200;CompteLib_0071;;;23080913;20230809;EcritureLib_0512;20241009;0,00;375,00;C;VTE/43;;
VTE;VENTES;VTE/43;20230809;44571700;CompteLib_0022;;;23080913;20230809;EcritureLib_0512;20241009;0,00;75,00;C;VTE/43;;
VTE;VENTES;VTE/44;20230809;41100000;CompteLib_0017;CSOCIALMARCQ;CENTRE SOCIAL MARCQ;23080914;20230809;EcritureLib_0513;20241009;150,00;0,00;D;VTE/44;A;20240507
VTE;VENTES;VTE/44;20230809;70671200;CompteLib_0071;;;23080914;20230809;EcritureLib_0513;20241009;0,00;125,00;C;VTE/44;;
VTE;VENTES;VTE/44;20230809;44571700;CompteLib_0022;;;23080914;20230809;EcritureLib_0513;20241009;0,00;25,00;C;VTE/44;;
VTE;VENTES;VTE/44;20230809;41100000;CompteLib_0017;CPROXIAD;PROXIAD;23080915;20230809;EcritureLib_0514;20241009;156,00;0,00;D;VTE/44;;
VTE;VENTES;VTE/44;20230809;70671200;CompteLib_0071;;;23080915;20230809;EcritureLib_0514;20241009;0,00;130,00;C;VTE/44;;
VTE;VENTES;VTE/44;20230809;44571700;CompteLib_0022;;;23080915;20230809;EcritureLib_0514;20241009;0,00;26,00;C;VTE/44;;
VTE;VENTES;VTE/44;20230809;41100000;CompteLib_0017;CLORANT;PHILIPPE LORANT;23080916;20230809;EcritureLib_0515;20241009;1940,00;0,00;D;VTE/44;A;20240507
VTE;VENTES;VTE/44;20230809;70770000;CompteLib_0072;;;23080916;20230809;EcritureLib_0515;20241009;0,00;1483,34;C;VTE/44;;
VTE;VENTES;VTE/44;20230809;44571700;CompteLib_0022;;;23080916;20230809;EcritureLib_0515;20241009;0,00;323,33;C;VTE/44;;
VTE;VENTES;VTE/44;20230809;70770000;CompteLib_0072;;;23080916;20230809;EcritureLib_0515;20241009;0,00;133,33;C;VTE/44;;
VTE;VENTES;VTE/45;20230906;41100000;CompteLib_0017;CDERVEAUX;DERVEAUX XAVIER;23090620;20230906;EcritureLib_0509;20241009;1730,00;0,00;D;VTE/45;B;20240507
VTE;VENTES;VTE/45;20230906;70770000;CompteLib_0072;;;23090620;20230906;EcritureLib_0509;20241009;0,00;1441,67;C;VTE/45;;
VTE;VENTES;VTE/45;20230906;44571700;CompteLib_0022;;;23090620;20230906;EcritureLib_0509;20241009;0,00;288,33;C;VTE/45;;
VTE;VENTES;VTE/45;20230906;41100000;CompteLib_0017;CPOIGNANT;JEAN MICHEL POIGNANT;23090621;20230906;EcritureLib_0516;20241009;800,00;0,00;D;VTE/45;A;20240507
VTE;VENTES;VTE/45;20230906;70770000;CompteLib_0072;;;23090621;20230906;EcritureLib_0516;20241009;0,00;666,67;C;VTE/45;;
VTE;VENTES;VTE/45;20230906;44571700;CompteLib_0022;;;23090621;20230906;EcritureLib_0516;20241009;0,00;133,33;C;VTE/45;;
VTE;VENTES;VTE/45;20230906;41100000;CompteLib_0017;CGUILLAMOT;GUILLAMOT TEO;23090623;20230906;EcritureLib_0517;20241009;1160,00;0,00;D;VTE/45;A;20240507
VTE;VENTES;VTE/45;20230906;70770000;CompteLib_0072;;;23090623;20230906;EcritureLib_0517;20241009;0,00;966,67;C;VTE/45;;
VTE;VENTES;VTE/45;20230906;44571700;CompteLib_0022;;;23090623;20230906;EcritureLib_0517;20241009;0,00;193,33;C;VTE/45;;
VTE;VENTES;VTE/45;20230906;41100000;CompteLib_0017;CBENJAMIN;BENJAMIN HENRY;23090622;20230906;EcritureLib_0518;20241009;300,00;0,00;D;VTE/45;A;20240507
VTE;VENTES;VTE/45;20230906;70671200;CompteLib_0071;;;23090622;20230906;EcritureLib_0518;20241009;0,00;250,00;C;VTE/45;;
VTE;VENTES;VTE/45;20230906;44571700;CompteLib_0022;;;23090622;20230906;EcritureLib_0518;20241009;0,00;50,00;C;VTE/45;;
VTE;VENTES;VTE/46;20230906;41100000;CompteLib_0017;CDIVERS;DIVERS;23090622;20230906;EcritureLib_0451;20241009;250,00;0,00;D;VTE/46;M;20240507
VTE;VENTES;VTE/46;20230906;70671200;CompteLib_0071;;;23090622;20230906;EcritureLib_0451;20241009;0,00;208,33;C;VTE/46;;
VTE;VENTES;VTE/46;20230906;44571700;CompteLib_0022;;;23090622;20230906;EcritureLib_0451;20241009;0,00;41,67;C;VTE/46;;
VTE;VENTES;VTE/47;20230922;41100000;CompteLib_0017;CLALANNE;LALANNE ARNAUD;23092223;20230922;EcritureLib_0519;20241009;1270,00;0,00;D;VTE/47;A;20240507
VTE;VENTES;VTE/47;20230922;70770000;CompteLib_0072;;;23092223;20230922;EcritureLib_0519;20241009;0,00;1058,33;C;VTE/47;;
VTE;VENTES;VTE/47;20230922;44571700;CompteLib_0022;;;23092223;20230922;EcritureLib_0519;20241009;0,00;211,67;C;VTE/47;;
VTE;VENTES;VTE/48;20230930;41100000;CompteLib_0017;CDESCAMPS;DESCAMPS KEVIN;23093024;20230930;EcritureLib_0520;20241009;225,00;0,00;D;VTE/48;A;20240507
VTE;VENTES;VTE/48;20230930;70671200;CompteLib_0071;;;23093024;20230930;EcritureLib_0520;20241009;0,00;187,50;C;VTE/48;;
VTE;VENTES;VTE/48;20230930;44571700;CompteLib_0022;;;23093024;20230930;EcritureLib_0520;20241009;0,00;37,50;C;VTE/48;;
VTE;VENTES;VTE/49;20231009;41100000;CompteLib_0017;CDESOUSA;DE SOUSA FRANCISCO;23100925;20231009;EcritureLib_0521;20241009;1970,00;0,00;D;VTE/49;A;20240507
VTE;VENTES;VTE/49;20231009;70770000;CompteLib_0072;;;23100925;20231009;EcritureLib_0521;20241009;0,00;1641,67;C;VTE/49;;
VTE;VENTES;VTE/49;20231009;44571700;CompteLib_0022;;;23100925;20231009;EcritureLib_0521;20241009;0,00;328,33;C;VTE/49;;
VTE;VENTES;VTE/49;20231009;41100000;CompteLib_0017;CFIGEL;FIGEL JEROME;23100926;20231009;EcritureLib_0522;20241009;1180,00;0,00;D;VTE/49;A;20240507
VTE;VENTES;VTE/49;20231009;70770000;CompteLib_0072;;;23100926;20231009;EcritureLib_0522;20241009;0,00;983,33;C;VTE/49;;
VTE;VENTES;VTE/49;20231009;44571700;CompteLib_0022;;;23100926;20231009;EcritureLib_0522;20241009;0,00;196,67;C;VTE/49;;
VTE;VENTES;VTE/50;20231011;41100000;CompteLib_0017;CDIVERS;DIVERS;23101127;20231011;EcritureLib_0451;20241009;200,00;0,00;D;VTE/50;I;20240507
VTE;VENTES;VTE/50;20231011;70671200;CompteLib_0071;;;23101127;20231011;EcritureLib_0451;20241009;0,00;166,67;C;VTE/50;;
VTE;VENTES;VTE/50;20231011;44571700;CompteLib_0022;;;23101127;20231011;EcritureLib_0451;20241009;0,00;33,33;C;VTE/50;;
VTE;VENTES;VTE/50;20231011;41100000;CompteLib_0017;CTDE;TDE  CONSULTING & MANAGEMENT;23101128;20231011;EcritureLib_0456;20241009;2252,00;0,00;D;VTE/50;B;20240507
VTE;VENTES;VTE/50;20231011;70770000;CompteLib_0072;;;23101128;20231011;EcritureLib_0456;20241009;0,00;1876,67;C;VTE/50;;
VTE;VENTES;VTE/50;20231011;44571700;CompteLib_0022;;;23101128;20231011;EcritureLib_0456;20241009;0,00;375,33;C;VTE/50;;
VTE;VENTES;VTE/51;20231016;41100000;CompteLib_0017;CCANLERS;FABRICE CANLERS;23101629;20231016;EcritureLib_0523;20241009;1900,00;0,00;D;VTE/51;A;20240507
VTE;VENTES;VTE/51;20231016;70770000;CompteLib_0072;;;23101629;20231016;EcritureLib_0523;20241009;0,00;1583,33;C;VTE/51;;
VTE;VENTES;VTE/51;20231016;44571700;CompteLib_0022;;;23101629;20231016;EcritureLib_0523;20241009;0,00;316,67;C;VTE/51;;
VTE;VENTES;VTE/52;20231025;41100000;CompteLib_0017;CSOCIALJANS;Centre Social Christian Janssenss;23102530;20231025;EcritureLib_0524;20241009;75,00;0,00;D;VTE/52;A;20240507
VTE;VENTES;VTE/52;20231025;70671200;CompteLib_0071;;;23102530;20231025;EcritureLib_0524;20241009;0,00;62,50;C;VTE/52;;
VTE;VENTES;VTE/52;20231025;44571700;CompteLib_0022;;;23102530;20231025;EcritureLib_0525;20241009;0,00;12,50;C;VTE/52;;
VTE;VENTES;VTE/53;20231031;41100000;CompteLib_0017;CSOCIALCOCTO;CENTRE SOCIAL COCTEAU;23103133;20231031;EcritureLib_0526;20241009;147,00;0,00;D;VTE/53;;
VTE;VENTES;VTE/53;20231031;70671200;CompteLib_0071;;;23103133;20231031;EcritureLib_0526;20241009;0,00;122,50;C;VTE/53;;
VTE;VENTES;VTE/53;20231031;44571700;CompteLib_0022;;;23103133;20231031;EcritureLib_0526;20241009;0,00;24,50;C;VTE/53;;
VTE;VENTES;VTE/54;20231110;41100000;CompteLib_0017;CDIVERS;DIVERS;23111035;20231110;EcritureLib_0527;20241009;250,00;0,00;D;VTE/54;J;20240507
VTE;VENTES;VTE/54;20231110;70671200;CompteLib_0071;;;23111035;20231110;EcritureLib_0527;20241009;0,00;208,33;C;VTE/54;;
VTE;VENTES;VTE/54;20231110;44571700;CompteLib_0022;;;23111035;20231110;EcritureLib_0527;20241009;0,00;41,67;C;VTE/54;;
VTE;VENTES;VTE/55;20231113;41100000;CompteLib_0017;CVANDEPUTTE;VANDEPUTTE GAETAN;23111336;20231113;EcritureLib_0528;20241009;2250,00;0,00;D;VTE/55;A;20240507
VTE;VENTES;VTE/55;20231113;70770000;CompteLib_0072;;;23111336;20231113;EcritureLib_0528;20241009;0,00;1875,00;C;VTE/55;;
VTE;VENTES;VTE/55;20231113;44571700;CompteLib_0022;;;23111336;20231113;EcritureLib_0528;20241009;0,00;375,00;C;VTE/55;;
VTE;VENTES;VTE/56;20231117;41100000;CompteLib_0017;CRONCHIN;MAIRIE DE RONCHIN;23111737;20231117;EcritureLib_0529;20241009;300,00;0,00;D;VTE/56;A;20240507
VTE;VENTES;VTE/56;20231117;70671200;CompteLib_0071;;;23111737;20231117;EcritureLib_0529;20241009;0,00;250,00;C;VTE/56;;
VTE;VENTES;VTE/56;20231117;44571700;CompteLib_0022;;;23111737;20231117;EcritureLib_0529;20241009;0,00;50,00;C;VTE/56;;
VTE;VENTES;VTE/56;20231117;41100000;CompteLib_0017;CRONCHIN;MAIRIE DE RONCHIN;23111738;20231117;EcritureLib_0529;20241009;75,00;0,00;D;VTE/56;B;20240507
VTE;VENTES;VTE/56;20231117;70671200;CompteLib_0071;;;23111738;20231117;EcritureLib_0529;20241009;0,00;62,50;C;VTE/56;;
VTE;VENTES;VTE/56;20231117;44571700;CompteLib_0022;;;23111738;20231117;EcritureLib_0529;20241009;0,00;12,50;C;VTE/56;;
VTE;VENTES;VTE/56;20231117;41100000;CompteLib_0017;CMONTIGNY;MAIRIE MONTIGNY;23111739;20231117;EcritureLib_0530;20241009;450,00;0,00;D;VTE/56;;
VTE;VENTES;VTE/56;20231117;70671200;CompteLib_0071;;;23111739;20231117;EcritureLib_0530;20241009;0,00;375,00;C;VTE/56;;
VTE;VENTES;VTE/56;20231117;44571700;CompteLib_0022;;;23111739;20231117;EcritureLib_0530;20241009;0,00;75,00;C;VTE/56;;
VTE;VENTES;VTE/57;20231126;41100000;CompteLib_0017;CCOMPLEX;COMPLEX STUDY;23112640;20231126;EcritureLib_0531;20241009;280,00;0,00;D;VTE/57;A;20240507
VTE;VENTES;VTE/57;20231126;70671200;CompteLib_0071;;;23112640;20231126;EcritureLib_0531;20241009;0,00;233,33;C;VTE/57;;
VTE;VENTES;VTE/57;20231126;44571700;CompteLib_0022;;;23112640;20231126;EcritureLib_0531;20241009;0,00;46,67;C;VTE/57;;
VTE;VENTES;VTE/58;20231128;41100000;CompteLib_0017;CDUFAYE;DUFAYE GUILLAUME;23112841;20231128;EcritureLib_0532;20241009;600,00;0,00;D;VTE/58;A;20240507
VTE;VENTES;VTE/58;20231128;70671200;CompteLib_0071;;;23112841;20231128;EcritureLib_0532;20241009;0,00;500,00;C;VTE/58;;
VTE;VENTES;VTE/58;20231128;44571700;CompteLib_0022;;;23112841;20231128;EcritureLib_0532;20241009;0,00;100,00;C;VTE/58;;
VTE;VENTES;VTE/59;20231130;41100000;CompteLib_0017;CDIVERS;DIVERS;23113042;20231130;EcritureLib_0451;20241009;250,00;0,00;D;VTE/59;K;20240507
VTE;VENTES;VTE/59;20231130;70671200;CompteLib_0071;;;23113042;20231130;EcritureLib_0451;20241009;0,00;208,33;C;VTE/59;;
VTE;VENTES;VTE/59;20231130;44571700;CompteLib_0022;;;23113042;20231130;EcritureLib_0451;20241009;0,00;41,67;C;VTE/59;;
VTE;VENTES;VTE/60;20231205;41100000;CompteLib_0017;CCOLLECTOR;COLLECTOR PINBALL INDUSTRIE;23120543;20231205;EcritureLib_0486;20241009;1600,00;0,00;D;VTE/60;C;20240507
VTE;VENTES;VTE/60;20231205;70770000;CompteLib_0072;;;23120543;20231205;EcritureLib_0486;20241009;0,00;1333,33;C;VTE/60;;
VTE;VENTES;VTE/60;20231205;44571700;CompteLib_0022;;;23120543;20231205;EcritureLib_0486;20241009;0,00;266,67;C;VTE/60;;
VTE;VENTES;VTE/60;20231205;41100000;CompteLib_0017;CMESSAOUDI;NICOLAS MESSAOUDI;23120544;20231205;EcritureLib_0533;20241009;2200,00;0,00;D;VTE/60;A;20240507
VTE;VENTES;VTE/60;20231205;70770000;CompteLib_0072;;;23120544;20231205;EcritureLib_0533;20241009;0,00;1833,33;C;VTE/60;;
VTE;VENTES;VTE/60;20231205;44571700;CompteLib_0022;;;23120544;20231205;EcritureLib_0533;20241009;0,00;366,67;C;VTE/60;;
VTE;VENTES;VTE/61;20231206;41100000;CompteLib_0017;CLAMBERSART;VILLE DE LAMBERSART;23120645;20231206;EcritureLib_0457;20241009;1000,00;0,00;D;VTE/61;;
VTE;VENTES;VTE/61;20231206;70671200;CompteLib_0071;;;23120645;20231206;EcritureLib_0457;20241009;0,00;833,33;C;VTE/61;;
VTE;VENTES;VTE/61;20231206;44571700;CompteLib_0022;;;23120645;20231206;EcritureLib_0457;20241009;0,00;166,67;C;VTE/61;;
VTE;VENTES;VTE/61;20231206;41100000;CompteLib_0017;CPHALEMPIN;VILLE PHALEMPIN;23120646;20231206;EcritureLib_0534;20241009;1200,00;0,00;D;VTE/61;;
VTE;VENTES;VTE/61;20231206;70671200;CompteLib_0071;;;23120646;20231206;EcritureLib_0534;20241009;0,00;1000,00;C;VTE/61;;
VTE;VENTES;VTE/61;20231206;44571700;CompteLib_0022;;;23120646;20231206;EcritureLib_0534;20241009;0,00;200,00;C;VTE/61;;
VTE;VENTES;VTE/62;20231210;41100000;CompteLib_0017;CFRAYSSINET;FRAYSSINET THIBAULT;23121047;20231210;EcritureLib_0535;20241009;1900,00;0,00;D;VTE/62;A;20240507
VTE;VENTES;VTE/62;20231210;70770000;CompteLib_0072;;;23121047;20231210;EcritureLib_0535;20241009;0,00;1583,33;C;VTE/62;;
VTE;VENTES;VTE/62;20231210;44571700;CompteLib_0022;;;23121047;20231210;EcritureLib_0535;20241009;0,00;316,67;C;VTE/62;;
VTE;VENTES;VTE/63;20231211;41100000;CompteLib_0017;CCHERCHALI;CHERCHALI MEHDI;23111248;20231211;EcritureLib_0536;20241009;1110,00;0,00;D;VTE/63;;
VTE;VENTES;VTE/63;20231211;70770000;CompteLib_0072;;;23111248;20231211;EcritureLib_0536;20241009;0,00;925,00;C;VTE/63;;
VTE;VENTES;VTE/63;20231211;44571700;CompteLib_0022;;;23111248;20231211;EcritureLib_0536;20241009;0,00;185,00;C;VTE/63;;
VTE;VENTES;VTE/63;20231211;41100000;CompteLib_0017;LAN;LAN ;23111249;20231211;EcritureLib_0537;20241009;1100,00;0,00;D;VTE/63;;
VTE;VENTES;VTE/63;20231211;70671200;CompteLib_0071;;;23111249;20231211;EcritureLib_0537;20241009;0,00;916,67;C;VTE/63;;
VTE;VENTES;VTE/63;20231211;44571700;CompteLib_0022;;;23111249;20231211;EcritureLib_0537;20241009;0,00;183,33;C;VTE/63;;
VTE;VENTES;VTE/64;20231213;41100000;CompteLib_0017;CWATTINE;WATTINE LUCAS;23111350;20231213;EcritureLib_0538;20241009;1000,00;0,00;D;VTE/64;A;20240507
VTE;VENTES;VTE/64;20231213;70671200;CompteLib_0071;;;23111350;20231213;EcritureLib_0538;20241009;0,00;833,33;C;VTE/64;;
VTE;VENTES;VTE/64;20231213;44571700;CompteLib_0022;;;23111350;20231213;EcritureLib_0538;20241009;0,00;166,67;C;VTE/64;;
VTE;VENTES;VTE/65;20231220;41100000;CompteLib_0017;CCSINTER;CENTRE SOCIAL INTERCOMMUNAL;23122053;20231220;EcritureLib_0539;20241009;450,00;0,00;D;VTE/65;A;20240507
VTE;VENTES;VTE/65;20231220;70671200;CompteLib_0071;;;23122053;20231220;EcritureLib_0539;20241009;0,00;375,00;C;VTE/65;;
VTE;VENTES;VTE/65;20231220;44571700;CompteLib_0022;;;23122053;20231220;EcritureLib_0539;20241009;0,00;75,00;C;VTE/65;;
VTE;VENTES;VTE/66;20231223;41100000;CompteLib_0017;CDIVERS;DIVERS;23122354;20231223;EcritureLib_0451;20241009;150,00;0,00;D;VTE/66;L;20240507
VTE;VENTES;VTE/66;20231223;70671200;CompteLib_0071;;;23122354;20231223;EcritureLib_0451;20241009;0,00;125,00;C;VTE/66;;
VTE;VENTES;VTE/66;20231223;44571700;CompteLib_0022;;;23122354;20231223;EcritureLib_0451;20241009;0,00;25,00;C;VTE/66;;
VTE;VENTES;VTE/66;20231223;41100000;CompteLib_0017;CLILFIGHT;LIL FIGHTER;23122355;20231223;EcritureLib_0540;20241009;680,00;0,00;D;VTE/66;A;20240507
VTE;VENTES;VTE/66;20231223;70671200;CompteLib_0071;;;23122355;20231223;EcritureLib_0540;20241009;0,00;566,67;C;VTE/66;;
VTE;VENTES;VTE/66;20231223;44571700;CompteLib_0022;;;23122355;20231223;EcritureLib_0540;20241009;0,00;113,33;C;VTE/66;;
