JournalCode;JournalLib;EcritureNum;EcritureDate;CompteNum;CompteLib;CompAuxNum;CompAuxLib;PieceRef;PieceDate;EcritureLib;ValidDate;MontantDebit;MontantCredit;Sens;RefEcriture;EcritureLet;DateLet
AN;A Nouveau;AN/1;20240101;10130000;CompteLib_0001;;;24A1;20240101;EcritureLib_0001;20250801;0,00;5000,00;C;AN/1;;
AN;A Nouveau;AN/1;20240101;10611000;CompteLib_0002;;;24A1;20240101;EcritureLib_0002;20250801;0,00;500,00;C;AN/1;;
AN;A Nouveau;AN/1;20240101;10680000;CompteLib_0003;;;24A1;20240101;EcritureLib_0003;20250801;0,00;32679,46;C;AN/1;;
AN;A Nouveau;AN/1;20240101;11000000;CompteLib_0004;;;24A1;20240101;EcritureLib_0004;20250801;0,00;26378,66;C;AN/1;;
AN;A Nouveau;AN/1;20240101;16401000;CompteLib_0005;;;24A1;20240101;EcritureLib_0005;20250801;0,00;6461,96;C;AN/1;;
AN;A Nouveau;AN/1;20240101;16410000;CompteLib_0006;;;24A1;20240101;EcritureLib_0006;20250801;0,00;7158,02;C;AN/1;;
AN;A Nouveau;AN/1;20240101;21540000;CompteLib_0007;;;24A1;20240101;EcritureLib_0007;20250801;37107,37;0,00;D;AN/1;;
AN;A Nouveau;AN/1;20240101;21810000;CompteLib_0008;;;24A1;20240101;EcritureLib_0008;20250801;52058,71;0,00;D;AN/1;;
AN;A Nouveau;AN/1;20240101;21830000;CompteLib_0009;;;24A1;20240101;EcritureLib_0009;20250801;3130,79;0,00;D;AN/1;;
AN;A Nouveau;AN/1;20240101;21840000;CompteLib_0010;;;24A1;20240101;EcritureLib_0010;20250801;3296,65;0,00;D;AN/1;;
AN;A Nouveau;AN/1;20240101;26100000;CompteLib_0011;;;24A1;20240101;EcritureLib_0011;20250801;50,00;0,00;D;AN/1;;
AN;A Nouveau;AN/1;20240101;27500000;CompteLib_0012;;;24A1;20240101;EcritureLib_0012;20250801;1748,97;0,00;D;AN/1;;
AN;A Nouveau;AN/1;20240101;28154000;CompteLib_0013;;;24A1;20240101;EcritureLib_0013;20250801;0,00;16295,83;C;AN/1;;
AN;A Nouveau;AN/1;20240101;28181000;CompteLib_0014;;;24A1;20240101;EcritureLib_0014;20250801;0,00;45269,91;C;AN/1;;
AN;A Nouveau;AN/1;20240101;28183000;CompteLib_0015;;;24A1;20240101;EcritureLib_0015;20250801;0,00;2626,16;C;AN/1;;
AN;A Nouveau;AN/1;20240101;28184000;CompteLib_0016;;;24A1;20240101;EcritureLib_0016;20250801;0,00;2366,14;C;AN/1;;
AN;A Nouveau;AN/1;20240101;37000000;CompteLib_0017;;;24A1;20240101;EcritureLib_0017;20250801;17334,50;0,00;D;AN/1;;
AN;A Nouveau;AN/1;20240101;40100000;CompteLib_0018;FCREOVEN;CREOVEN;24A1;20240101;EcritureLib_0018;20250801;0,00;516,25;C;AN/1;;
AN;A Nouveau;AN/1;20240101;40100000;CompteLib_0018;FCULTURE;CULTURE INDOOR;24A1;20240101;EcritureLib_0019;20250801;0,00;406,40;C;AN/1;;
AN;A Nouveau;AN/1;20240101;40100000;CompteLib_0018;FMISTER;MISTER MATERIAUX;24A1;20240101;EcritureLib_0020;20250801;0,00;22,73;C;AN/1;;
AN;A Nouveau;AN/1;20240101;40100000;CompteLib_0018;FRENT;RENT AND DROP;24A1;20240101;EcritureLib_0021;20250801;7,20;0,00;D;AN/1;S;20250328
AN;A Nouveau;AN/1;20240101;40100000;CompteLib_0018;FSANVEN;SANVEN;24A1;20240101;EcritureLib_0022;20250801;0,00;98,99;C;AN/1;;
AN;A Nouveau;AN/1;20240101;40100000;CompteLib_0018;FWILTEC;WILTEC;24A1;20240101;EcritureLib_0023;20250801;0,00;42,29;C;AN/1;;
AN;A Nouveau;AN/1;20240101;40910000;CompteLib_0019;;;24A1;20240101;EcritureLib_0024;20250801;39000,00;0,00;D;AN/1;B;20250521
AN;A Nouveau;AN/1;20240101;41100000;CompteLib_0020;BRATS;LES PETITS BRATS ;24A1;20240101;EcritureLib_0025;20250801;11592,00;0,00;D;AN/1;C;20250323
AN;A Nouveau;AN/1;20240101;41100000;CompteLib_0020;CMONTIGNY;MAIRIE MONTIGNY;24A1;20240101;EcritureLib_0026;20250801;450,00;0,00;D;AN/1;A;20250323
AN;A Nouveau;AN/1;20240101;41100000;CompteLib_0020;CPHALEMPIN;VILLE PHALEMPIN;24A1;20240101;EcritureLib_0027;20250801;1200,00;0,00;D;AN/1;A;20250323
AN;A Nouveau;AN/1;20240101;41100000;CompteLib_0020;CPROXIAD;PROXIAD;24A1;20240101;EcritureLib_0028;20250801;156,00;0,00;D;AN/1;A;20250323
AN;A Nouveau;AN/1;20240101;41100000;CompteLib_0020;CSOCIALCOCTO;CENTRE SOCIAL COCTEAU;24A1;20240101;EcritureLib_0029;20250801;147,00;0,00;D;AN/1;;
AN;A Nouveau;AN/1;20240101;41100000;CompteLib_0020;CSTEXUPERY;ESPACE DE VIE SAINT EXUPERY;24A1;20240101;EcritureLib_0030;20250801;140,00;0,00;D;AN/1;;
AN;A Nouveau;AN/1;20240101;41100000;CompteLib_0020;LAN;LAN ;24A1;20240101;EcritureLib_0031;20250801;500,00;0,00;D;AN/1;D;20250323
AN;A Nouveau;AN/1;20240101;43860000;CompteLib_0021;;;24A1;20240101;EcritureLib_0032;20250801;0,00;6899,00;C;AN/1;;
AN;A Nouveau;AN/1;20240101;44551000;CompteLib_0022;;;24A1;20240101;EcritureLib_0033;20250801;0,00;11369,00;C;AN/1;;
AN;A Nouveau;AN/1;20240101;44571700;CompteLib_0023;;;24A1;20240101;EcritureLib_0034;20250801;0,00;2364,27;C;AN/1;;
AN;A Nouveau;AN/1;20240101;45100000;CompteLib_0024;;;24A1;20240101;EcritureLib_0035;20250801;13950,00;0,00;D;AN/1;;
AN;A Nouveau;AN/1;20240101;45500000;CompteLib_0025;;;24A1;20240101;EcritureLib_0036;20250801;0,00;3942,88;C;AN/1;;
AN;A Nouveau;AN/1;20240101;45512000;CompteLib_0026;;;24A1;20240101;EcritureLib_0037;20250801;0,00;7905,98;C;AN/1;;
AN;A Nouveau;AN/1;20240101;45513000;CompteLib_0027;;;24A1;20240101;EcritureLib_0038;20250801;0,00;8301,32;C;AN/1;;
AN;A Nouveau;AN/1;20240101;46700000;CompteLib_0028;;;24A1;20240101;EcritureLib_0039;20250801;500,00;0,00;D;AN/1;;
AN;A Nouveau;AN/1;20240101;48600000;CompteLib_0029;;;24A1;20240101;EcritureLib_0040;20250801;63,00;0,00;D;AN/1;;
AN;A Nouveau;AN/1;20240101;51200000;CompteLib_0030;;;24A1;20240101;EcritureLib_0041;20250801;5754,82;0,00;D;AN/1;;
AN;A Nouveau;AN/1;20240101;12000000;CompteLib_0031;;;24A1;20240101;EcritureLib_0042;20250801;0,00;1581,76;C;AN/1;;
AT;Achats Tiime;AT/1;20240105;61321000;CompteLib_0032;;;24A7;20240105;EcritureLib_0043;20250801;750,00;0,00;D;AT/1;;
AT;Achats Tiime;AT/1;20240105;40100000;CompteLib_0018;FROTATIVE;LA ROTATIVE;24A7;20240105;EcritureLib_0043;20250801;0,00;750,00;C;AT/1;A;20250328
AT;Achats Tiime;AT/2;20240105;62260000;CompteLib_0033;;;FACT-20240101-09003;20240105;EcritureLib_0044;20250801;199,00;0,00;D;AT/2;;
AT;Achats Tiime;AT/2;20240105;44566100;CompteLib_0034;;;FACT-20240101-09003;20240105;EcritureLib_0044;20250801;39,80;0,00;D;AT/2;;
AT;Achats Tiime;AT/2;20240105;40100000;CompteLib_0018;FSTC;STC;FACT-20240101-09003;20240105;EcritureLib_0044;20250801;0,00;238,80;C;AT/2;K;20241122
AT;Achats Tiime;AT/3;20240112;60611000;CompteLib_0035;;;120009299390;20240112;EcritureLib_0045;20250801;1015,73;0,00;D;AT/3;;
AT;Achats Tiime;AT/3;20240112;44566100;CompteLib_0034;;;120009299390;20240112;EcritureLib_0045;20250801;203,15;0,00;D;AT/3;;
AT;Achats Tiime;AT/3;20240112;40100000;CompteLib_0018;FENGIE;ENGIE;120009299390;20240112;EcritureLib_0045;20250801;0,00;1218,88;C;AT/3;C;20250328
AT;Achats Tiime;AT/4;20240115;60630000;CompteLib_0036;;;000239600018110;20240115;EcritureLib_0046;20250801;163,62;0,00;D;AT/4;;
AT;Achats Tiime;AT/4;20240115;44566100;CompteLib_0034;;;000239600018110;20240115;EcritureLib_0046;20250801;32,73;0,00;D;AT/4;;
AT;Achats Tiime;AT/4;20240115;40100000;CompteLib_0018;FBRICO;BRICO DEPOT;000239600018110;20240115;EcritureLib_0046;20250801;0,00;196,35;C;AT/4;K;20250328
AT;Achats Tiime;AT/5;20240117;62600000;CompteLib_0037;;;1856602233;20240117;EcritureLib_0047;20250801;23,73;0,00;D;AT/5;;
AT;Achats Tiime;AT/5;20240117;44566100;CompteLib_0034;;;1856602233;20240117;EcritureLib_0047;20250801;4,74;0,00;D;AT/5;;
AT;Achats Tiime;AT/5;20240117;40100000;CompteLib_0018;FSFR;SFR;1856602233;20240117;EcritureLib_0047;20250801;0,00;28,47;C;AT/5;M;20250328
AT;Achats Tiime;AT/6;20240122;60630000;CompteLib_0036;;;000239600018945;20240122;EcritureLib_0046;20250801;169,50;0,00;D;AT/6;;
AT;Achats Tiime;AT/6;20240122;44566100;CompteLib_0034;;;000239600018945;20240122;EcritureLib_0046;20250801;33,90;0,00;D;AT/6;;
AT;Achats Tiime;AT/6;20240122;40100000;CompteLib_0018;FBRICO;BRICO DEPOT;000239600018945;20240122;EcritureLib_0046;20250801;0,00;203,40;C;AT/6;K;20250328
AT;Achats Tiime;AT/7;20240125;60100000;CompteLib_0038;;;0/0(013)0008/003238@;20240125;EcritureLib_0048;20250801;861,98;0,00;D;AT/7;;
AT;Achats Tiime;AT/7;20240125;44566100;CompteLib_0034;;;0/0(013)0008/003238@;20240125;EcritureLib_0048;20250801;97,49;0,00;D;AT/7;;
AT;Achats Tiime;AT/7;20240125;40100000;CompteLib_0018;FMETRO;METRO;0/0(013)0008/003238@;20240125;EcritureLib_0048;20250801;0,00;959,47;C;AT/7;K;20250328
AT;Achats Tiime;AT/8;20240131;62420000;CompteLib_0039;;;2405900667;20240131;EcritureLib_0049;20250801;207,56;0,00;D;AT/8;;
AT;Achats Tiime;AT/8;20240131;44566100;CompteLib_0034;;;2405900667;20240131;EcritureLib_0049;20250801;41,51;0,00;D;AT/8;;
AT;Achats Tiime;AT/8;20240131;40100000;CompteLib_0018;FGEODIS;GEODIS;2405900667;20240131;EcritureLib_0049;20250801;0,00;249,07;C;AT/8;C;20250324
AT;Achats Tiime;AT/9;20240203;60630000;CompteLib_0036;;;000239600025118;20240203;EcritureLib_0046;20250801;124,75;0,00;D;AT/9;;
AT;Achats Tiime;AT/9;20240203;44566100;CompteLib_0034;;;000239600025118;20240203;EcritureLib_0046;20250801;24,95;0,00;D;AT/9;;
AT;Achats Tiime;AT/9;20240203;40100000;CompteLib_0018;FBRICO;BRICO DEPOT;000239600025118;20240203;EcritureLib_0046;20250801;0,00;149,70;C;AT/9;K;20250328
AT;Achats Tiime;AT/10;20240203;61352000;CompteLib_0040;;;F623051;20240203;EcritureLib_0050;20250801;86,00;0,00;D;AT/10;;
AT;Achats Tiime;AT/10;20240203;44566100;CompteLib_0034;;;F623051;20240203;EcritureLib_0050;20250801;17,20;0,00;D;AT/10;;
AT;Achats Tiime;AT/10;20240203;40100000;CompteLib_0018;FRENT;RENT AND DROP;F623051;20240203;EcritureLib_0050;20250801;0,00;103,20;C;AT/10;K;20241122
AT;Achats Tiime;AT/11;20240203;60614000;CompteLib_0041;;;24B3;20240203;EcritureLib_0051;20250801;19,13;0,00;D;AT/11;;
AT;Achats Tiime;AT/11;20240203;44566100;CompteLib_0034;;;24B3;20240203;EcritureLib_0051;20250801;3,83;0,00;D;AT/11;;
AT;Achats Tiime;AT/11;20240203;40100000;CompteLib_0018;FCARBURANT;CARBURANT;24B3;20240203;EcritureLib_0051;20250801;0,00;22,96;C;AT/11;A;20250324
AT;Achats Tiime;AT/12;20240205;62260000;CompteLib_0033;;;FACT-20240201-09221;20240205;EcritureLib_0044;20250801;199,00;0,00;D;AT/12;;
AT;Achats Tiime;AT/12;20240205;44566100;CompteLib_0034;;;FACT-20240201-09221;20240205;EcritureLib_0044;20250801;39,80;0,00;D;AT/12;;
AT;Achats Tiime;AT/12;20240205;40100000;CompteLib_0018;FSTC;STC;FACT-20240201-09221;20240205;EcritureLib_0044;20250801;0,00;238,80;C;AT/12;L;20241122
AT;Achats Tiime;AT/13;20240205;61321000;CompteLib_0032;;;24B5;20240205;EcritureLib_0043;20250801;750,00;0,00;D;AT/13;;
AT;Achats Tiime;AT/13;20240205;40100000;CompteLib_0018;FROTATIVE;LA ROTATIVE;24B5;20240205;EcritureLib_0043;20250801;0,00;750,00;C;AT/13;A;20250328
AT;Achats Tiime;AT/14;20240206;60614000;CompteLib_0041;;;24B10;20240206;EcritureLib_0052;20250801;83,57;0,00;D;AT/14;;
AT;Achats Tiime;AT/14;20240206;44566100;CompteLib_0034;;;24B10;20240206;EcritureLib_0052;20250801;16,71;0,00;D;AT/14;;
AT;Achats Tiime;AT/14;20240206;40100000;CompteLib_0018;FCARBURANT;CARBURANT;24B10;20240206;EcritureLib_0052;20250801;0,00;100,28;C;AT/14;A;20250324
AT;Achats Tiime;AT/15;20240206;60630000;CompteLib_0036;;;NUINV-DE-UOSS-100073261-2024-40247;20240206;EcritureLib_0053;20250801;24,99;0,00;D;AT/15;;
AT;Achats Tiime;AT/15;20240206;44566100;CompteLib_0034;;;NUINV-DE-UOSS-100073261-2024-40247;20240206;EcritureLib_0053;20250801;5,00;0,00;D;AT/15;;
AT;Achats Tiime;AT/15;20240206;40100000;CompteLib_0018;FAMAZON;AMAZON;NUINV-DE-UOSS-100073261-2024-40247;20240206;EcritureLib_0053;20250801;0,00;29,99;C;AT/15;F;20250328
AT;Achats Tiime;AT/16;20240206;60614000;CompteLib_0041;;;24B11;20240206;EcritureLib_0054;20250801;35,00;0,00;D;AT/16;;
AT;Achats Tiime;AT/16;20240206;40100000;CompteLib_0018;FCARBURANT;CARBURANT;24B11;20240206;EcritureLib_0054;20250801;0,00;35,00;C;AT/16;B;20250328
AT;Achats Tiime;AT/17;20240207;61352000;CompteLib_0040;;;F623680;20240207;EcritureLib_0050;20250801;142,48;0,00;D;AT/17;;
AT;Achats Tiime;AT/17;20240207;44566100;CompteLib_0034;;;F623680;20240207;EcritureLib_0050;20250801;28,49;0,00;D;AT/17;;
AT;Achats Tiime;AT/17;20240207;40100000;CompteLib_0018;FRENT;RENT AND DROP;F623680;20240207;EcritureLib_0050;20250801;0,00;170,97;C;AT/17;I;20241122
AT;Achats Tiime;AT/18;20240209;60611000;CompteLib_0035;;;120009335764;20240209;EcritureLib_0045;20250801;1628,22;0,00;D;AT/18;;
AT;Achats Tiime;AT/18;20240209;44566100;CompteLib_0034;;;120009335764;20240209;EcritureLib_0045;20250801;325,64;0,00;D;AT/18;;
AT;Achats Tiime;AT/18;20240209;40100000;CompteLib_0018;FENGIE;ENGIE;120009335764;20240209;EcritureLib_0045;20250801;0,00;1953,86;C;AT/18;D;20250328
AT;Achats Tiime;AT/19;20240216;60630000;CompteLib_0036;;;000239600023085;20240216;EcritureLib_0046;20250801;64,67;0,00;D;AT/19;;
AT;Achats Tiime;AT/19;20240216;44566100;CompteLib_0034;;;000239600023085;20240216;EcritureLib_0046;20250801;12,93;0,00;D;AT/19;;
AT;Achats Tiime;AT/19;20240216;40100000;CompteLib_0018;FBRICO;BRICO DEPOT;000239600023085;20240216;EcritureLib_0046;20250801;0,00;77,60;C;AT/19;K;20250328
AT;Achats Tiime;AT/20;20240217;62600000;CompteLib_0037;;;1864539436;20240217;EcritureLib_0055;20250801;23,73;0,00;D;AT/20;;
AT;Achats Tiime;AT/20;20240217;44566100;CompteLib_0034;;;1864539436;20240217;EcritureLib_0055;20250801;4,74;0,00;D;AT/20;;
AT;Achats Tiime;AT/20;20240217;40100000;CompteLib_0018;FSFR;SFR;1864539436;20240217;EcritureLib_0055;20250801;0,00;28,47;C;AT/20;G;20250220
AT;Achats Tiime;AT/21;20240222;60100000;CompteLib_0038;;;0/0(013)0009/006785Q;20240222;EcritureLib_0048;20250801;418,02;0,00;D;AT/21;;
AT;Achats Tiime;AT/21;20240222;44566100;CompteLib_0034;;;0/0(013)0009/006785Q;20240222;EcritureLib_0048;20250801;45,03;0,00;D;AT/21;;
AT;Achats Tiime;AT/21;20240222;40100000;CompteLib_0018;FMETRO;METRO;0/0(013)0009/006785Q;20240222;EcritureLib_0048;20250801;0,00;463,05;C;AT/21;L;20250328
AT;Achats Tiime;AT/22;20240229;62420000;CompteLib_0039;;;2405901778;20240229;EcritureLib_0056;20250801;277,78;0,00;D;AT/22;;
AT;Achats Tiime;AT/22;20240229;44566100;CompteLib_0034;;;2405901778;20240229;EcritureLib_0056;20250801;55,56;0,00;D;AT/22;;
AT;Achats Tiime;AT/22;20240229;40100000;CompteLib_0018;FGEODIS;GEODIS;2405901778;20240229;EcritureLib_0056;20250801;0,00;333,34;C;AT/22;D;20250328
AT;Achats Tiime;AT/23;20240305;61321000;CompteLib_0032;;;24C10;20240305;EcritureLib_0043;20250801;750,00;0,00;D;AT/23;;
AT;Achats Tiime;AT/23;20240305;40100000;CompteLib_0018;FROTATIVE;LA ROTATIVE;24C10;20240305;EcritureLib_0043;20250801;0,00;750,00;C;AT/23;A;20250328
AT;Achats Tiime;AT/24;20240305;62260000;CompteLib_0033;;;FACT-20240301-09448;20240305;EcritureLib_0044;20250801;199,00;0,00;D;AT/24;;
AT;Achats Tiime;AT/24;20240305;44566100;CompteLib_0034;;;FACT-20240301-09448;20240305;EcritureLib_0044;20250801;39,80;0,00;D;AT/24;;
AT;Achats Tiime;AT/24;20240305;40100000;CompteLib_0018;FSTC;STC;FACT-20240301-09448;20240305;EcritureLib_0044;20250801;0,00;238,80;C;AT/24;M;20241122
AT;Achats Tiime;AT/25;20240309;60611000;CompteLib_0035;;;220008196517;20240309;EcritureLib_0045;20250801;1264,88;0,00;D;AT/25;;
AT;Achats Tiime;AT/25;20240309;44566100;CompteLib_0034;;;220008196517;20240309;EcritureLib_0045;20250801;252,98;0,00;D;AT/25;;
AT;Achats Tiime;AT/25;20240309;40100000;CompteLib_0018;FENGIE;ENGIE;220008196517;20240309;EcritureLib_0045;20250801;0,00;1517,86;C;AT/25;E;20250328
AT;Achats Tiime;AT/26;20240317;62600000;CompteLib_0037;;;1872545229;20240317;EcritureLib_0055;20250801;23,73;0,00;D;AT/26;;
AT;Achats Tiime;AT/26;20240317;44566100;CompteLib_0034;;;1872545229;20240317;EcritureLib_0055;20250801;4,74;0,00;D;AT/26;;
AT;Achats Tiime;AT/26;20240317;40100000;CompteLib_0018;FSFR;SFR;1872545229;20240317;EcritureLib_0055;20250801;0,00;28,47;C;AT/26;A;20250220
AT;Achats Tiime;AT/27;20240326;62420000;CompteLib_0039;;;PIS16966;20240326;EcritureLib_0057;20250801;8034,19;0,00;D;AT/27;;
AT;Achats Tiime;AT/27;20240326;44566100;CompteLib_0034;;;PIS16966;20240326;EcritureLib_0057;20250801;222,40;0,00;D;AT/27;;
AT;Achats Tiime;AT/27;20240326;40100000;CompteLib_0018;FGEODIS;GEODIS;PIS16966;20240326;EcritureLib_0057;20250801;0,00;8256,59;C;AT/27;C;20250324
AT;Achats Tiime;AT/28;20240331;62420000;CompteLib_0039;;;2405903004;20240331;EcritureLib_0049;20250801;133,91;0,00;D;AT/28;;
AT;Achats Tiime;AT/28;20240331;44566100;CompteLib_0034;;;2405903004;20240331;EcritureLib_0049;20250801;26,78;0,00;D;AT/28;;
AT;Achats Tiime;AT/28;20240331;40100000;CompteLib_0018;FGEODIS;GEODIS;2405903004;20240331;EcritureLib_0049;20250801;0,00;160,69;C;AT/28;D;20250328
AT;Achats Tiime;AT/29;20240404;60100000;CompteLib_0038;;;0/0(013)0011/004219;20240404;EcritureLib_0058;20250801;1393,27;0,00;D;AT/29;;
AT;Achats Tiime;AT/29;20240404;44566100;CompteLib_0034;;;0/0(013)0011/004219;20240404;EcritureLib_0058;20250801;149,67;0,00;D;AT/29;;
AT;Achats Tiime;AT/29;20240404;40100000;CompteLib_0018;FMETRO;METRO;0/0(013)0011/004219;20240404;EcritureLib_0058;20250801;0,00;1542,94;C;AT/29;M;20250328
AT;Achats Tiime;AT/30;20240404;61352000;CompteLib_0040;;;F632475;20240404;EcritureLib_0059;20250801;50,00;0,00;D;AT/30;;
AT;Achats Tiime;AT/30;20240404;44566100;CompteLib_0034;;;F632475;20240404;EcritureLib_0059;20250801;10,00;0,00;D;AT/30;;
AT;Achats Tiime;AT/30;20240404;40100000;CompteLib_0018;FRENT;RENT AND DROP;F632475;20240404;EcritureLib_0059;20250801;0,00;60,00;C;AT/30;L;20241122
AT;Achats Tiime;AT/31;20240405;62260000;CompteLib_0033;;;FACT-20240401-09663;20240405;EcritureLib_0044;20250801;199,00;0,00;D;AT/31;;
AT;Achats Tiime;AT/31;20240405;44566100;CompteLib_0034;;;FACT-20240401-09663;20240405;EcritureLib_0044;20250801;39,80;0,00;D;AT/31;;
AT;Achats Tiime;AT/31;20240405;40100000;CompteLib_0018;FSTC;STC;FACT-20240401-09663;20240405;EcritureLib_0044;20250801;0,00;238,80;C;AT/31;N;20241122
AT;Achats Tiime;AT/32;20240405;61321000;CompteLib_0032;;;24D21;20240405;EcritureLib_0043;20250801;750,00;0,00;D;AT/32;;
AT;Achats Tiime;AT/32;20240405;40100000;CompteLib_0018;FROTATIVE;LA ROTATIVE;24D21;20240405;EcritureLib_0043;20250801;0,00;750,00;C;AT/32;B;20250328
AT;Achats Tiime;AT/33;20240411;60611000;CompteLib_0035;;;320007559457;20240411;EcritureLib_0045;20250801;1149,12;0,00;D;AT/33;;
AT;Achats Tiime;AT/33;20240411;44566100;CompteLib_0034;;;320007559457;20240411;EcritureLib_0045;20250801;229,82;0,00;D;AT/33;;
AT;Achats Tiime;AT/33;20240411;40100000;CompteLib_0018;FENGIE;ENGIE;320007559457;20240411;EcritureLib_0045;20250801;0,00;1378,94;C;AT/33;F;20250328
AT;Achats Tiime;AT/34;20240417;62600000;CompteLib_0037;;;1880411145;20240417;EcritureLib_0055;20250801;23,73;0,00;D;AT/34;;
AT;Achats Tiime;AT/34;20240417;44566100;CompteLib_0034;;;1880411145;20240417;EcritureLib_0055;20250801;4,74;0,00;D;AT/34;;
AT;Achats Tiime;AT/34;20240417;40100000;CompteLib_0018;FSFR;SFR;1880411145;20240417;EcritureLib_0055;20250801;0,00;28,47;C;AT/34;B;20250220
AT;Achats Tiime;AT/35;20240422;60614000;CompteLib_0041;;;24D52;20240422;EcritureLib_0060;20250801;10,30;0,00;D;AT/35;;
AT;Achats Tiime;AT/35;20240422;44566100;CompteLib_0034;;;24D52;20240422;EcritureLib_0060;20250801;2,06;0,00;D;AT/35;;
AT;Achats Tiime;AT/35;20240422;40100000;CompteLib_0018;FCARBURANT;CARBURANT;24D52;20240422;EcritureLib_0060;20250801;0,00;12,36;C;AT/35;A;20250324
AT;Achats Tiime;AT/36;20240422;61352000;CompteLib_0040;;;F634832;20240422;EcritureLib_0059;20250801;55,00;0,00;D;AT/36;;
AT;Achats Tiime;AT/36;20240422;44566100;CompteLib_0034;;;F634832;20240422;EcritureLib_0059;20250801;11,00;0,00;D;AT/36;;
AT;Achats Tiime;AT/36;20240422;40100000;CompteLib_0018;FRENT;RENT AND DROP;F634832;20240422;EcritureLib_0059;20250801;0,00;66,00;C;AT/36;M;20241122
AT;Achats Tiime;AT/37;20240422;60630000;CompteLib_0036;;;000239600031875;20240422;EcritureLib_0046;20250801;235,25;0,00;D;AT/37;;
AT;Achats Tiime;AT/37;20240422;44566100;CompteLib_0034;;;000239600031875;20240422;EcritureLib_0046;20250801;47,05;0,00;D;AT/37;;
AT;Achats Tiime;AT/37;20240422;40100000;CompteLib_0018;FBRICO;BRICO DEPOT;000239600031875;20240422;EcritureLib_0046;20250801;0,00;282,30;C;AT/37;K;20250328
AT;Achats Tiime;AT/38;20240430;61352000;CompteLib_0040;;;F636014;20240430;EcritureLib_0059;20250801;50,00;0,00;D;AT/38;;
AT;Achats Tiime;AT/38;20240430;44566100;CompteLib_0034;;;F636014;20240430;EcritureLib_0059;20250801;10,00;0,00;D;AT/38;;
AT;Achats Tiime;AT/38;20240430;40100000;CompteLib_0018;FRENT;RENT AND DROP;F636014;20240430;EcritureLib_0059;20250801;0,00;60,00;C;AT/38;H;20241122
AT;Achats Tiime;AT/39;20240430;62420000;CompteLib_0039;;;2405904234;20240430;EcritureLib_0049;20250801;361,50;0,00;D;AT/39;;
AT;Achats Tiime;AT/39;20240430;44566100;CompteLib_0034;;;2405904234;20240430;EcritureLib_0049;20250801;72,30;0,00;D;AT/39;;
AT;Achats Tiime;AT/39;20240430;40100000;CompteLib_0018;FGEODIS;GEODIS;2405904234;20240430;EcritureLib_0049;20250801;0,00;433,80;C;AT/39;C;20250324
AT;Achats Tiime;AT/40;20240505;62260000;CompteLib_0033;;;FACT-20240501-09886;20240505;EcritureLib_0061;20250801;199,00;0,00;D;AT/40;;
AT;Achats Tiime;AT/40;20240505;44566100;CompteLib_0034;;;FACT-20240501-09886;20240505;EcritureLib_0061;20250801;39,80;0,00;D;AT/40;;
AT;Achats Tiime;AT/40;20240505;40100000;CompteLib_0018;FSTC;STC;FACT-20240501-09886;20240505;EcritureLib_0061;20250801;0,00;238,80;C;AT/40;H;20240921
AT;Achats Tiime;AT/41;20240505;61321000;CompteLib_0032;;;24E14;20240505;EcritureLib_0043;20250801;750,00;0,00;D;AT/41;;
AT;Achats Tiime;AT/41;20240505;40100000;CompteLib_0018;FROTATIVE;LA ROTATIVE;24E14;20240505;EcritureLib_0043;20250801;0,00;750,00;C;AT/41;C;20250328
AT;Achats Tiime;AT/42;20240510;60611000;CompteLib_0035;;;220008287569;20240510;EcritureLib_0045;20250801;534,34;0,00;D;AT/42;;
AT;Achats Tiime;AT/42;20240510;44566100;CompteLib_0034;;;220008287569;20240510;EcritureLib_0045;20250801;106,87;0,00;D;AT/42;;
AT;Achats Tiime;AT/42;20240510;40100000;CompteLib_0018;FENGIE;ENGIE;220008287569;20240510;EcritureLib_0045;20250801;0,00;641,21;C;AT/42;G;20250328
AT;Achats Tiime;AT/43;20240511;60630000;CompteLib_0036;;;FR011032024051100136600;20240511;EcritureLib_0062;20250801;32,01;0,00;D;AT/43;;
AT;Achats Tiime;AT/43;20240511;44566100;CompteLib_0034;;;FR011032024051100136600;20240511;EcritureLib_0062;20250801;6,39;0,00;D;AT/43;;
AT;Achats Tiime;AT/43;20240511;40100000;CompteLib_0018;FALIBABA;ALIBABA;FR011032024051100136600;20240511;EcritureLib_0062;20250801;0,00;38,40;C;AT/43;F;20250328
AT;Achats Tiime;AT/44;20240517;62600000;CompteLib_0037;;;1888449765;20240517;EcritureLib_0055;20250801;23,73;0,00;D;AT/44;;
AT;Achats Tiime;AT/44;20240517;44566100;CompteLib_0034;;;1888449765;20240517;EcritureLib_0055;20250801;4,74;0,00;D;AT/44;;
AT;Achats Tiime;AT/44;20240517;40100000;CompteLib_0018;FSFR;SFR;1888449765;20240517;EcritureLib_0055;20250801;0,00;28,47;C;AT/44;C;20250220
AT;Achats Tiime;AT/45;20240520;61352000;CompteLib_0040;;;F638685;20240520;EcritureLib_0050;20250801;220,00;0,00;D;AT/45;;
AT;Achats Tiime;AT/45;20240520;44566100;CompteLib_0034;;;F638685;20240520;EcritureLib_0050;20250801;44,00;0,00;D;AT/45;;
AT;Achats Tiime;AT/45;20240520;40100000;CompteLib_0018;FRENT;RENT AND DROP;F638685;20240520;EcritureLib_0050;20250801;0,00;264,00;C;AT/45;N;20241122
AT;Achats Tiime;AT/46;20240530;60100000;CompteLib_0038;;;0/0(013)0009/0182462;20240530;EcritureLib_0058;20250801;428,68;0,00;D;AT/46;;
AT;Achats Tiime;AT/46;20240530;44566100;CompteLib_0034;;;0/0(013)0009/0182462;20240530;EcritureLib_0058;20250801;65,63;0,00;D;AT/46;;
AT;Achats Tiime;AT/46;20240530;40100000;CompteLib_0018;FMETRO;METRO;0/0(013)0009/0182462;20240530;EcritureLib_0058;20250801;0,00;494,31;C;AT/46;N;20250328
AT;Achats Tiime;AT/47;20240530;60630000;CompteLib_0036;;;000239600037216;20240530;EcritureLib_0046;20250801;235,17;0,00;D;AT/47;;
AT;Achats Tiime;AT/47;20240530;44566100;CompteLib_0034;;;000239600037216;20240530;EcritureLib_0046;20250801;47,03;0,00;D;AT/47;;
AT;Achats Tiime;AT/47;20240530;40100000;CompteLib_0018;FBRICO;BRICO DEPOT;000239600037216;20240530;EcritureLib_0046;20250801;0,00;282,20;C;AT/47;K;20250328
AT;Achats Tiime;AT/48;20240531;62420000;CompteLib_0039;;;2405905532;20240531;EcritureLib_0049;20250801;677,46;0,00;D;AT/48;;
AT;Achats Tiime;AT/48;20240531;44566100;CompteLib_0034;;;2405905532;20240531;EcritureLib_0049;20250801;135,49;0,00;D;AT/48;;
AT;Achats Tiime;AT/48;20240531;40100000;CompteLib_0018;FGEODIS;GEODIS;2405905532;20240531;EcritureLib_0049;20250801;0,00;812,95;C;AT/48;C;20250324
AT;Achats Tiime;AT/49;20240605;61321000;CompteLib_0032;;;24F6;20240605;EcritureLib_0043;20250801;750,00;0,00;D;AT/49;;
AT;Achats Tiime;AT/49;20240605;40100000;CompteLib_0018;FROTATIVE;LA ROTATIVE;24F6;20240605;EcritureLib_0043;20250801;0,00;750,00;C;AT/49;D;20250328
AT;Achats Tiime;AT/50;20240605;62260000;CompteLib_0033;;;FACT-20240601-10092;20240605;EcritureLib_0061;20250801;199,00;0,00;D;AT/50;;
AT;Achats Tiime;AT/50;20240605;44566100;CompteLib_0034;;;FACT-20240601-10092;20240605;EcritureLib_0061;20250801;39,80;0,00;D;AT/50;;
AT;Achats Tiime;AT/50;20240605;40100000;CompteLib_0018;FSTC;STC;FACT-20240601-10092;20240605;EcritureLib_0061;20250801;0,00;238,80;C;AT/50;I;20240921
AT;Achats Tiime;AT/51;20240607;60630000;CompteLib_0036;;;FR011032024060700095846;20240607;EcritureLib_0063;20250801;24,90;0,00;D;AT/51;;
AT;Achats Tiime;AT/51;20240607;44566100;CompteLib_0034;;;FR011032024060700095846;20240607;EcritureLib_0063;20250801;4,98;0,00;D;AT/51;;
AT;Achats Tiime;AT/51;20240607;40100000;CompteLib_0018;FALIBABA;ALIBABA;FR011032024060700095846;20240607;EcritureLib_0063;20250801;0,00;29,88;C;AT/51;H;20250328
AT;Achats Tiime;AT/52;20240607;60630000;CompteLib_0036;;;FR011032024060700095555;20240607;EcritureLib_0063;20250801;62,13;0,00;D;AT/52;;
AT;Achats Tiime;AT/52;20240607;44566100;CompteLib_0034;;;FR011032024060700095555;20240607;EcritureLib_0063;20250801;12,43;0,00;D;AT/52;;
AT;Achats Tiime;AT/52;20240607;40100000;CompteLib_0018;FALIBABA;ALIBABA;FR011032024060700095555;20240607;EcritureLib_0063;20250801;0,00;74,56;C;AT/52;H;20250328
AT;Achats Tiime;AT/53;20240610;60611000;CompteLib_0035;;;40016910892;20240610;EcritureLib_0045;20250801;439,20;0,00;D;AT/53;;
AT;Achats Tiime;AT/53;20240610;44566100;CompteLib_0034;;;40016910892;20240610;EcritureLib_0045;20250801;87,84;0,00;D;AT/53;;
AT;Achats Tiime;AT/53;20240610;40100000;CompteLib_0018;FENGIE;ENGIE;40016910892;20240610;EcritureLib_0045;20250801;0,00;527,04;C;AT/53;H;20250328
AT;Achats Tiime;AT/54;20240612;60260000;CompteLib_0042;;;24F213855;20240612;EcritureLib_0064;20250801;299,05;0,00;D;AT/54;;
AT;Achats Tiime;AT/54;20240612;44566100;CompteLib_0034;;;24F213855;20240612;EcritureLib_0064;20250801;59,81;0,00;D;AT/54;;
AT;Achats Tiime;AT/54;20240612;40100000;CompteLib_0018;FRAJA;RAJA;24F213855;20240612;EcritureLib_0064;20250801;0,00;358,86;C;AT/54;B;20250328
AT;Achats Tiime;AT/55;20240614;60614000;CompteLib_0041;;;24F29;20240614;EcritureLib_0060;20250801;21,06;0,00;D;AT/55;;
AT;Achats Tiime;AT/55;20240614;44566100;CompteLib_0034;;;24F29;20240614;EcritureLib_0060;20250801;4,21;0,00;D;AT/55;;
AT;Achats Tiime;AT/55;20240614;40100000;CompteLib_0018;FCARBURANT;CARBURANT;24F29;20240614;EcritureLib_0060;20250801;0,00;25,27;C;AT/55;A;20250324
AT;Achats Tiime;AT/56;20240617;62600000;CompteLib_0037;;;1896258911;20240617;EcritureLib_0055;20250801;23,73;0,00;D;AT/56;;
AT;Achats Tiime;AT/56;20240617;44566100;CompteLib_0034;;;1896258911;20240617;EcritureLib_0055;20250801;4,74;0,00;D;AT/56;;
AT;Achats Tiime;AT/56;20240617;40100000;CompteLib_0018;FSFR;SFR;1896258911;20240617;EcritureLib_0055;20250801;0,00;28,47;C;AT/56;D;20250220
AT;Achats Tiime;AT/57;20240628;61352000;CompteLib_0040;;;F644172;20240628;EcritureLib_0059;20250801;56,00;0,00;D;AT/57;;
AT;Achats Tiime;AT/57;20240628;44566100;CompteLib_0034;;;F644172;20240628;EcritureLib_0059;20250801;11,20;0,00;D;AT/57;;
AT;Achats Tiime;AT/57;20240628;40100000;CompteLib_0018;FRENT;RENT AND DROP;F644172;20240628;EcritureLib_0059;20250801;0,00;67,20;C;AT/57;O;20241122
AT;Achats Tiime;AT/58;20240630;62420000;CompteLib_0039;;;2405906881;20240630;EcritureLib_0049;20250801;769,58;0,00;D;AT/58;;
AT;Achats Tiime;AT/58;20240630;44566100;CompteLib_0034;;;2405906881;20240630;EcritureLib_0049;20250801;153,92;0,00;D;AT/58;;
AT;Achats Tiime;AT/58;20240630;40100000;CompteLib_0018;FGEODIS;GEODIS;2405906881;20240630;EcritureLib_0049;20250801;0,00;923,50;C;AT/58;C;20250324
AT;Achats Tiime;AT/59;20240705;61321000;CompteLib_0032;;;24G11;20240705;EcritureLib_0043;20250801;750,00;0,00;D;AT/59;;
AT;Achats Tiime;AT/59;20240705;40100000;CompteLib_0018;FROTATIVE;LA ROTATIVE;24G11;20240705;EcritureLib_0043;20250801;0,00;750,00;C;AT/59;D;20250328
AT;Achats Tiime;AT/60;20240705;62260000;CompteLib_0033;;;FACT-20240701-10283;20240705;EcritureLib_0061;20250801;199,00;0,00;D;AT/60;;
AT;Achats Tiime;AT/60;20240705;44566100;CompteLib_0034;;;FACT-20240701-10283;20240705;EcritureLib_0061;20250801;39,80;0,00;D;AT/60;;
AT;Achats Tiime;AT/60;20240705;40100000;CompteLib_0018;FSTC;STC;FACT-20240701-10283;20240705;EcritureLib_0061;20250801;0,00;238,80;C;AT/60;F;20240730
AT;Achats Tiime;AT/61;20240711;60611000;CompteLib_0035;;;120009555971;20240711;EcritureLib_0045;20250801;464,36;0,00;D;AT/61;;
AT;Achats Tiime;AT/61;20240711;44566100;CompteLib_0034;;;120009555971;20240711;EcritureLib_0045;20250801;92,87;0,00;D;AT/61;;
AT;Achats Tiime;AT/61;20240711;40100000;CompteLib_0018;FENGIE;ENGIE;120009555971;20240711;EcritureLib_0045;20250801;0,00;557,23;C;AT/61;I;20250328
AT;Achats Tiime;AT/62;20240711;61352000;CompteLib_0040;;;F646912;20240711;EcritureLib_0059;20250801;56,00;0,00;D;AT/62;;
AT;Achats Tiime;AT/62;20240711;44566100;CompteLib_0034;;;F646912;20240711;EcritureLib_0059;20250801;11,20;0,00;D;AT/62;;
AT;Achats Tiime;AT/62;20240711;40100000;CompteLib_0018;FRENT;RENT AND DROP;F646912;20240711;EcritureLib_0059;20250801;0,00;67,20;C;AT/62;J;20241122
AT;Achats Tiime;AT/63;20240716;60630000;CompteLib_0036;;;000237000016600;20240716;EcritureLib_0046;20250801;119,70;0,00;D;AT/63;;
AT;Achats Tiime;AT/63;20240716;44566100;CompteLib_0034;;;000237000016600;20240716;EcritureLib_0046;20250801;23,94;0,00;D;AT/63;;
AT;Achats Tiime;AT/63;20240716;40100000;CompteLib_0018;FBRICO;BRICO DEPOT;000237000016600;20240716;EcritureLib_0046;20250801;0,00;143,64;C;AT/63;K;20250328
AT;Achats Tiime;AT/64;20240717;62600000;CompteLib_0037;;;1904061045;20240717;EcritureLib_0055;20250801;23,73;0,00;D;AT/64;;
AT;Achats Tiime;AT/64;20240717;44566100;CompteLib_0034;;;1904061045;20240717;EcritureLib_0055;20250801;4,74;0,00;D;AT/64;;
AT;Achats Tiime;AT/64;20240717;40100000;CompteLib_0018;FSFR;SFR;1904061045;20240717;EcritureLib_0055;20250801;0,00;28,47;C;AT/64;E;20250220
AT;Achats Tiime;AT/65;20240718;60100000;CompteLib_0038;;;0/0(013)0010/017320;20240718;EcritureLib_0058;20250801;588,57;0,00;D;AT/65;;
AT;Achats Tiime;AT/65;20240718;44566100;CompteLib_0034;;;0/0(013)0010/017320;20240718;EcritureLib_0058;20250801;60,55;0,00;D;AT/65;;
AT;Achats Tiime;AT/65;20240718;40100000;CompteLib_0018;FMETRO;METRO;0/0(013)0010/017320;20240718;EcritureLib_0058;20250801;0,00;649,12;C;AT/65;O;20250328
AT;Achats Tiime;AT/66;20240731;62420000;CompteLib_0039;;;2405908239;20240731;EcritureLib_0049;20250801;414,90;0,00;D;AT/66;;
AT;Achats Tiime;AT/66;20240731;44566100;CompteLib_0034;;;2405908239;20240731;EcritureLib_0049;20250801;82,98;0,00;D;AT/66;;
AT;Achats Tiime;AT/66;20240731;40100000;CompteLib_0018;FGEODIS;GEODIS;2405908239;20240731;EcritureLib_0049;20250801;0,00;497,88;C;AT/66;C;20250324
AT;Achats Tiime;AT/67;20240805;62260000;CompteLib_0033;;;FACT-20240801-10479;20240805;EcritureLib_0061;20250801;199,00;0,00;D;AT/67;;
AT;Achats Tiime;AT/67;20240805;44566100;CompteLib_0034;;;FACT-20240801-10479;20240805;EcritureLib_0061;20250801;39,80;0,00;D;AT/67;;
AT;Achats Tiime;AT/67;20240805;40100000;CompteLib_0018;FSTC;STC;FACT-20240801-10479;20240805;EcritureLib_0061;20250801;0,00;238,80;C;AT/67;G;20240816
AT;Achats Tiime;AT/68;20240805;61321000;CompteLib_0032;;;24H5;20240805;EcritureLib_0043;20250801;750,00;0,00;D;AT/68;;
AT;Achats Tiime;AT/68;20240805;40100000;CompteLib_0018;FROTATIVE;LA ROTATIVE;24H5;20240805;EcritureLib_0043;20250801;0,00;750,00;C;AT/68;D;20250328
AT;Achats Tiime;AT/69;20240809;60630000;CompteLib_0036;;;FR011032024080900157406;20240809;EcritureLib_0063;20250801;24,33;0,00;D;AT/69;;
AT;Achats Tiime;AT/69;20240809;40100000;CompteLib_0018;FALIBABA;ALIBABA;FR011032024080900157406;20240809;EcritureLib_0063;20250801;0,00;24,33;C;AT/69;B;20250324
AT;Achats Tiime;AT/70;20240809;60630000;CompteLib_0036;;;FR011032024080900157347;20240809;EcritureLib_0063;20250801;15,43;0,00;D;AT/70;;
AT;Achats Tiime;AT/70;20240809;40100000;CompteLib_0018;FALIBABA;ALIBABA;FR011032024080900157347;20240809;EcritureLib_0063;20250801;0,00;15,43;C;AT/70;B;20250324
AT;Achats Tiime;AT/71;20240809;60611000;CompteLib_0035;;;20040347002;20240809;EcritureLib_0045;20250801;424,95;0,00;D;AT/71;;
AT;Achats Tiime;AT/71;20240809;44566100;CompteLib_0034;;;20040347002;20240809;EcritureLib_0045;20250801;84,99;0,00;D;AT/71;;
AT;Achats Tiime;AT/71;20240809;40100000;CompteLib_0018;FENGIE;ENGIE;20040347002;20240809;EcritureLib_0045;20250801;0,00;509,94;C;AT/71;J;20250328
AT;Achats Tiime;AT/72;20240811;60630000;CompteLib_0036;;;FR011032024081100105117;20240811;EcritureLib_0063;20250801;21,26;0,00;D;AT/72;;
AT;Achats Tiime;AT/72;20240811;44566100;CompteLib_0034;;;FR011032024081100105117;20240811;EcritureLib_0063;20250801;4,25;0,00;D;AT/72;;
AT;Achats Tiime;AT/72;20240811;40100000;CompteLib_0018;FALIBABA;ALIBABA;FR011032024081100105117;20240811;EcritureLib_0063;20250801;0,00;25,51;C;AT/72;C;20250324
AT;Achats Tiime;AT/73;20240817;62600000;CompteLib_0037;;;1911723704;20240817;EcritureLib_0055;20250801;23,73;0,00;D;AT/73;;
AT;Achats Tiime;AT/73;20240817;44566100;CompteLib_0034;;;1911723704;20240817;EcritureLib_0055;20250801;4,74;0,00;D;AT/73;;
AT;Achats Tiime;AT/73;20240817;40100000;CompteLib_0018;FSFR;SFR;1911723704;20240817;EcritureLib_0055;20250801;0,00;28,47;C;AT/73;F;20250220
AT;Achats Tiime;AT/74;20240831;60630000;CompteLib_0036;;;FR011032024083100129042;20240831;EcritureLib_0063;20250801;58,57;0,00;D;AT/74;;
AT;Achats Tiime;AT/74;20240831;44566100;CompteLib_0034;;;FR011032024083100129042;20240831;EcritureLib_0063;20250801;11,71;0,00;D;AT/74;;
AT;Achats Tiime;AT/74;20240831;40100000;CompteLib_0018;FALIBABA;ALIBABA;FR011032024083100129042;20240831;EcritureLib_0063;20250801;0,00;70,28;C;AT/74;J;20250328
AT;Achats Tiime;AT/75;20240831;60630000;CompteLib_0036;;;FR011032024083100129026;20240831;EcritureLib_0063;20250801;38,34;0,00;D;AT/75;;
AT;Achats Tiime;AT/75;20240831;44566100;CompteLib_0034;;;FR011032024083100129026;20240831;EcritureLib_0063;20250801;7,66;0,00;D;AT/75;;
AT;Achats Tiime;AT/75;20240831;40100000;CompteLib_0018;FALIBABA;ALIBABA;FR011032024083100129026;20240831;EcritureLib_0063;20250801;0,00;46,00;C;AT/75;J;20250328
AT;Achats Tiime;AT/76;20240831;60630000;CompteLib_0036;;;FR011032024083100129140;20240831;EcritureLib_0063;20250801;154,27;0,00;D;AT/76;;
AT;Achats Tiime;AT/76;20240831;44566100;CompteLib_0034;;;FR011032024083100129140;20240831;EcritureLib_0063;20250801;30,85;0,00;D;AT/76;;
AT;Achats Tiime;AT/76;20240831;40100000;CompteLib_0018;FALIBABA;ALIBABA;FR011032024083100129140;20240831;EcritureLib_0063;20250801;0,00;185,12;C;AT/76;J;20250328
AT;Achats Tiime;AT/77;20240901;60630000;CompteLib_0036;;;FR011032024090100128239;20240901;EcritureLib_0065;20250801;19,49;0,00;D;AT/77;;
AT;Achats Tiime;AT/77;20240901;44566100;CompteLib_0034;;;FR011032024090100128239;20240901;EcritureLib_0065;20250801;3,90;0,00;D;AT/77;;
AT;Achats Tiime;AT/77;20240901;40100000;CompteLib_0018;FALIBABA;ALIBABA;FR011032024090100128239;20240901;EcritureLib_0065;20250801;0,00;23,39;C;AT/77;D;20250324
AT;Achats Tiime;AT/78;20240903;60630000;CompteLib_0036;;;DS-AEU-INV-FR-2024-18987904;20240903;EcritureLib_0053;20250801;94,42;0,00;D;AT/78;;
AT;Achats Tiime;AT/78;20240903;44566100;CompteLib_0034;;;DS-AEU-INV-FR-2024-18987904;20240903;EcritureLib_0053;20250801;18,90;0,00;D;AT/78;;
AT;Achats Tiime;AT/78;20240903;40100000;CompteLib_0018;FAMAZON;AMAZON;DS-AEU-INV-FR-2024-18987904;20240903;EcritureLib_0053;20250801;0,00;113,32;C;AT/78;A;20250220
AT;Achats Tiime;AT/79;20240905;61321000;CompteLib_0032;;;24I13;20240905;EcritureLib_0043;20250801;750,00;0,00;D;AT/79;;
AT;Achats Tiime;AT/79;20240905;40100000;CompteLib_0018;FROTATIVE;LA ROTATIVE;24I13;20240905;EcritureLib_0043;20250801;0,00;750,00;C;AT/79;D;20250328
AT;Achats Tiime;AT/80;20240910;60611000;CompteLib_0035;;;40017053769;20240910;EcritureLib_0045;20250801;448,84;0,00;D;AT/80;;
AT;Achats Tiime;AT/80;20240910;44566100;CompteLib_0034;;;40017053769;20240910;EcritureLib_0045;20250801;89,77;0,00;D;AT/80;;
AT;Achats Tiime;AT/80;20240910;40100000;CompteLib_0018;FENGIE;ENGIE;40017053769;20240910;EcritureLib_0045;20250801;0,00;538,61;C;AT/80;K;20250328
AT;Achats Tiime;AT/81;20240910;62420000;CompteLib_0039;;;PLS18083;20240910;EcritureLib_0057;20250801;10296,54;0,00;D;AT/81;;
AT;Achats Tiime;AT/81;20240910;44566100;CompteLib_0034;;;PLS18083;20240910;EcritureLib_0057;20250801;231,60;0,00;D;AT/81;;
AT;Achats Tiime;AT/81;20240910;40100000;CompteLib_0018;FGEODIS;GEODIS;PLS18083;20240910;EcritureLib_0057;20250801;0,00;10528,14;C;AT/81;G;20250528
AT;Achats Tiime;AT/82;20240914;60630000;CompteLib_0036;;;FR011032024091400141627;20240914;EcritureLib_0066;20250801;47,83;0,00;D;AT/82;;
AT;Achats Tiime;AT/82;20240914;44566100;CompteLib_0034;;;FR011032024091400141627;20240914;EcritureLib_0066;20250801;9,57;0,00;D;AT/82;;
AT;Achats Tiime;AT/82;20240914;40100000;CompteLib_0018;FALIBABA;ALIBABA;FR011032024091400141627;20240914;EcritureLib_0066;20250801;0,00;57,40;C;AT/82;G;20250328
AT;Achats Tiime;AT/83;20240917;62600000;CompteLib_0037;;;1919439259;20240917;EcritureLib_0055;20250801;23,73;0,00;D;AT/83;;
AT;Achats Tiime;AT/83;20240917;44566100;CompteLib_0034;;;1919439259;20240917;EcritureLib_0055;20250801;4,74;0,00;D;AT/83;;
AT;Achats Tiime;AT/83;20240917;40100000;CompteLib_0018;FSFR;SFR;1919439259;20240917;EcritureLib_0055;20250801;0,00;28,47;C;AT/83;H;20250220
AT;Achats Tiime;AT/84;20240919;60630000;CompteLib_0036;;;DS-AEU-INV-FR-2024-29248306;20240919;EcritureLib_0053;20250801;117,47;0,00;D;AT/84;;
AT;Achats Tiime;AT/84;20240919;44566100;CompteLib_0034;;;DS-AEU-INV-FR-2024-29248306;20240919;EcritureLib_0053;20250801;23,50;0,00;D;AT/84;;
AT;Achats Tiime;AT/84;20240919;40100000;CompteLib_0018;FAMAZON;AMAZON;DS-AEU-INV-FR-2024-29248306;20240919;EcritureLib_0053;20250801;0,00;140,97;C;AT/84;B;20250220
AT;Achats Tiime;AT/85;20240919;60100000;CompteLib_0038;;;0/0(013)0008/038895;20240919;EcritureLib_0048;20250801;794,56;0,00;D;AT/85;;
AT;Achats Tiime;AT/85;20240919;44566100;CompteLib_0034;;;0/0(013)0008/038895;20240919;EcritureLib_0048;20250801;80,16;0,00;D;AT/85;;
AT;Achats Tiime;AT/85;20240919;40100000;CompteLib_0018;FMETRO;METRO;0/0(013)0008/038895;20240919;EcritureLib_0048;20250801;0,00;874,72;C;AT/85;P;20250328
AT;Achats Tiime;AT/86;20240920;62260000;CompteLib_0033;;;FACT-20240920-10882;20240920;EcritureLib_0061;20250801;211,00;0,00;D;AT/86;;
AT;Achats Tiime;AT/86;20240920;44566100;CompteLib_0034;;;FACT-20240920-10882;20240920;EcritureLib_0061;20250801;42,20;0,00;D;AT/86;;
AT;Achats Tiime;AT/86;20240920;40100000;CompteLib_0018;FSTC;STC;FACT-20240920-10882;20240920;EcritureLib_0061;20250801;0,00;253,20;C;AT/86;J;20240927
AT;Achats Tiime;AT/87;20240925;60630000;CompteLib_0036;;;FAC-24-13166;20240925;EcritureLib_0067;20250801;66,58;0,00;D;AT/87;;
AT;Achats Tiime;AT/87;20240925;44566100;CompteLib_0034;;;FAC-24-13166;20240925;EcritureLib_0067;20250801;13,32;0,00;D;AT/87;;
AT;Achats Tiime;AT/87;20240925;40100000;CompteLib_0018;FBOUTIQUE;BOUTIQUE MICRO;FAC-24-13166;20240925;EcritureLib_0067;20250801;0,00;79,90;C;AT/87;A;20250328
AT;Achats Tiime;AT/88;20240927;61352000;CompteLib_0040;;;F662501;20240927;EcritureLib_0068;20250801;39,58;0,00;D;AT/88;;
AT;Achats Tiime;AT/88;20240927;44566100;CompteLib_0034;;;F662501;20240927;EcritureLib_0068;20250801;7,92;0,00;D;AT/88;;
AT;Achats Tiime;AT/88;20240927;40100000;CompteLib_0018;FRENT;RENT AND DROP;F662501;20240927;EcritureLib_0068;20250801;0,00;47,50;C;AT/88;P;20241122
AT;Achats Tiime;AT/89;20240927;60614000;CompteLib_0041;;;24I69;20240927;EcritureLib_0069;20250801;10,28;0,00;D;AT/89;;
AT;Achats Tiime;AT/89;20240927;44566100;CompteLib_0034;;;24I69;20240927;EcritureLib_0069;20250801;2,06;0,00;D;AT/89;;
AT;Achats Tiime;AT/89;20240927;40100000;CompteLib_0018;FCARBURANT;CARBURANT;24I69;20240927;EcritureLib_0069;20250801;0,00;12,34;C;AT/89;A;20250324
AT;Achats Tiime;AT/90;20240930;62420000;CompteLib_0039;;;2405910754;20240930;EcritureLib_0049;20250801;644,26;0,00;D;AT/90;;
AT;Achats Tiime;AT/90;20240930;44566100;CompteLib_0034;;;2405910754;20240930;EcritureLib_0049;20250801;128,85;0,00;D;AT/90;;
AT;Achats Tiime;AT/90;20240930;40100000;CompteLib_0018;FGEODIS;GEODIS;2405910754;20240930;EcritureLib_0049;20250801;0,00;773,11;C;AT/90;C;20250324
AT;Achats Tiime;AT/91;20241005;62260000;CompteLib_0033;;;FACT-20241001-11077;20241005;EcritureLib_0061;20250801;211,00;0,00;D;AT/91;;
AT;Achats Tiime;AT/91;20241005;44566100;CompteLib_0034;;;FACT-20241001-11077;20241005;EcritureLib_0061;20250801;42,20;0,00;D;AT/91;;
AT;Achats Tiime;AT/91;20241005;40100000;CompteLib_0018;FSTC;STC;FACT-20241001-11077;20241005;EcritureLib_0061;20250801;0,00;253,20;C;AT/91;O;20241122
AT;Achats Tiime;AT/92;20241010;60630000;CompteLib_0036;;;24J16;20241010;EcritureLib_0070;20250801;41,67;0,00;D;AT/92;;
AT;Achats Tiime;AT/92;20241010;44566100;CompteLib_0034;;;24J16;20241010;EcritureLib_0070;20250801;8,33;0,00;D;AT/92;;
AT;Achats Tiime;AT/92;20241010;40100000;CompteLib_0018;FCOORDONNERI;COORDONNERIE;24J16;20241010;EcritureLib_0070;20250801;0,00;50,00;C;AT/92;A;20250328
AT;Achats Tiime;AT/93;20241010;60614000;CompteLib_0041;;;24J15;20241010;EcritureLib_0051;20250801;17,06;0,00;D;AT/93;;
AT;Achats Tiime;AT/93;20241010;44566100;CompteLib_0034;;;24J15;20241010;EcritureLib_0051;20250801;3,41;0,00;D;AT/93;;
AT;Achats Tiime;AT/93;20241010;40100000;CompteLib_0018;FCARBURANT;CARBURANT;24J15;20241010;EcritureLib_0051;20250801;0,00;20,47;C;AT/93;A;20250324
AT;Achats Tiime;AT/94;20241011;60630000;CompteLib_0036;;;FR011032024101100074194;20241011;EcritureLib_0066;20250801;134,22;0,00;D;AT/94;;
AT;Achats Tiime;AT/94;20241011;44566100;CompteLib_0034;;;FR011032024101100074194;20241011;EcritureLib_0066;20250801;26,85;0,00;D;AT/94;;
AT;Achats Tiime;AT/94;20241011;40100000;CompteLib_0018;FALIBABA;ALIBABA;FR011032024101100074194;20241011;EcritureLib_0066;20250801;0,00;161,07;C;AT/94;E;20250328
AT;Achats Tiime;AT/95;20241011;60611000;CompteLib_0035;;;120009698005;20241011;EcritureLib_0045;20250801;474,34;0,00;D;AT/95;;
AT;Achats Tiime;AT/95;20241011;44566100;CompteLib_0034;;;120009698005;20241011;EcritureLib_0045;20250801;94,87;0,00;D;AT/95;;
AT;Achats Tiime;AT/95;20241011;40100000;CompteLib_0018;FENGIE;ENGIE;120009698005;20241011;EcritureLib_0045;20250801;0,00;569,21;C;AT/95;L;20250328
AT;Achats Tiime;AT/96;20241017;62600000;CompteLib_0037;;;1926920717;20241017;EcritureLib_0055;20250801;18,56;0,00;D;AT/96;;
AT;Achats Tiime;AT/96;20241017;44566100;CompteLib_0034;;;1926920717;20241017;EcritureLib_0055;20250801;3,70;0,00;D;AT/96;;
AT;Achats Tiime;AT/96;20241017;40100000;CompteLib_0018;FSFR;SFR;1926920717;20241017;EcritureLib_0055;20250801;0,00;22,26;C;AT/96;I;20250220
AT;Achats Tiime;AT/97;20241021;61352000;CompteLib_0040;;;F666901;20241021;EcritureLib_0068;20250801;168,00;0,00;D;AT/97;;
AT;Achats Tiime;AT/97;20241021;44566100;CompteLib_0034;;;F666901;20241021;EcritureLib_0068;20250801;33,60;0,00;D;AT/97;;
AT;Achats Tiime;AT/97;20241021;40100000;CompteLib_0018;FRENT;RENT AND DROP;F666901;20241021;EcritureLib_0068;20250801;0,00;201,60;C;AT/97;R;20250328
AT;Achats Tiime;AT/98;20241024;61352000;CompteLib_0040;;;F667449;20241024;EcritureLib_0071;20250801;125,00;0,00;D;AT/98;;
AT;Achats Tiime;AT/98;20241024;44566100;CompteLib_0034;;;F667449;20241024;EcritureLib_0071;20250801;25,00;0,00;D;AT/98;;
AT;Achats Tiime;AT/98;20241024;40100000;CompteLib_0018;FRENT;RENT AND DROP;F667449;20241024;EcritureLib_0071;20250801;0,00;150,00;C;AT/98;R;20250328
AT;Achats Tiime;AT/99;20241024;60700000;CompteLib_0043;;;2024102403;20241024;EcritureLib_0072;20250801;191,25;0,00;D;AT/99;;
AT;Achats Tiime;AT/99;20241024;40100000;CompteLib_0018;FATOMIC;ATOMIC CITY;2024102403;20241024;EcritureLib_0072;20250801;0,00;191,25;C;AT/99;A;20250328
AT;Achats Tiime;AT/100;20241028;60100000;CompteLib_0038;;;0/0(013)0015/0398622;20241028;EcritureLib_0048;20250801;1537,97;0,00;D;AT/100;;
AT;Achats Tiime;AT/100;20241028;44566100;CompteLib_0034;;;0/0(013)0015/0398622;20241028;EcritureLib_0048;20250801;175,40;0,00;D;AT/100;;
AT;Achats Tiime;AT/100;20241028;40100000;CompteLib_0018;FMETRO;METRO;0/0(013)0015/0398622;20241028;EcritureLib_0048;20250801;0,00;1713,37;C;AT/100;Q;20250328
AT;Achats Tiime;AT/101;20241031;62420000;CompteLib_0039;;;2405912098;20241031;EcritureLib_0049;20250801;148,58;0,00;D;AT/101;;
AT;Achats Tiime;AT/101;20241031;44566100;CompteLib_0034;;;2405912098;20241031;EcritureLib_0049;20250801;29,72;0,00;D;AT/101;;
AT;Achats Tiime;AT/101;20241031;40100000;CompteLib_0018;FGEODIS;GEODIS;2405912098;20241031;EcritureLib_0049;20250801;0,00;178,30;C;AT/101;C;20250324
AT;Achats Tiime;AT/102;20241102;60630000;CompteLib_0036;;;FR41N2MBUAEUI;20241102;EcritureLib_0053;20250801;83,32;0,00;D;AT/102;;
AT;Achats Tiime;AT/102;20241102;44566100;CompteLib_0034;;;FR41N2MBUAEUI;20241102;EcritureLib_0053;20250801;16,67;0,00;D;AT/102;;
AT;Achats Tiime;AT/102;20241102;40100000;CompteLib_0018;FAMAZON;AMAZON;FR41N2MBUAEUI;20241102;EcritureLib_0053;20250801;0,00;99,99;C;AT/102;E;20250328
AT;Achats Tiime;AT/103;20241102;60630000;CompteLib_0036;;;DS-AEU-INV-FR-2024-55476926;20241102;EcritureLib_0053;20250801;14,99;0,00;D;AT/103;;
AT;Achats Tiime;AT/103;20241102;44566100;CompteLib_0034;;;DS-AEU-INV-FR-2024-55476926;20241102;EcritureLib_0053;20250801;3,00;0,00;D;AT/103;;
AT;Achats Tiime;AT/103;20241102;40100000;CompteLib_0018;FAMAZON;AMAZON;DS-AEU-INV-FR-2024-55476926;20241102;EcritureLib_0053;20250801;0,00;17,99;C;AT/103;E;20250328
AT;Achats Tiime;AT/104;20241102;60630000;CompteLib_0036;;;FR41N0G7BAEUI;20241102;EcritureLib_0053;20250801;11,58;0,00;D;AT/104;;
AT;Achats Tiime;AT/104;20241102;44566100;CompteLib_0034;;;FR41N0G7BAEUI;20241102;EcritureLib_0053;20250801;2,32;0,00;D;AT/104;;
AT;Achats Tiime;AT/104;20241102;40100000;CompteLib_0018;FAMAZON;AMAZON;FR41N0G7BAEUI;20241102;EcritureLib_0053;20250801;0,00;13,90;C;AT/104;E;20250328
AT;Achats Tiime;AT/105;20241105;62260000;CompteLib_0033;;;FACT-20241101-11257;20241105;EcritureLib_0061;20250801;211,00;0,00;D;AT/105;;
AT;Achats Tiime;AT/105;20241105;44566100;CompteLib_0034;;;FACT-20241101-11257;20241105;EcritureLib_0061;20250801;42,20;0,00;D;AT/105;;
AT;Achats Tiime;AT/105;20241105;40100000;CompteLib_0018;FSTC;STC;FACT-20241101-11257;20241105;EcritureLib_0061;20250801;0,00;253,20;C;AT/105;P;20241129
AT;Achats Tiime;AT/106;20241109;60611000;CompteLib_0035;;;20030516942;20241109;EcritureLib_0045;20250801;622,57;0,00;D;AT/106;;
AT;Achats Tiime;AT/106;20241109;44566100;CompteLib_0034;;;20030516942;20241109;EcritureLib_0045;20250801;124,51;0,00;D;AT/106;;
AT;Achats Tiime;AT/106;20241109;40100000;CompteLib_0018;FENGIE;ENGIE;20030516942;20241109;EcritureLib_0045;20250801;0,00;747,08;C;AT/106;M;20250328
AT;Achats Tiime;AT/107;20241116;61352000;CompteLib_0040;;;F671065;20241116;EcritureLib_0073;20250801;50,00;0,00;D;AT/107;;
AT;Achats Tiime;AT/107;20241116;44566100;CompteLib_0034;;;F671065;20241116;EcritureLib_0073;20250801;10,00;0,00;D;AT/107;;
AT;Achats Tiime;AT/107;20241116;40100000;CompteLib_0018;FRENT;RENT AND DROP;F671065;20241116;EcritureLib_0073;20250801;0,00;60,00;C;AT/107;Q;20241218
AT;Achats Tiime;AT/108;20241121;61352000;CompteLib_0040;;;F671737;20241121;EcritureLib_0073;20250801;64,00;0,00;D;AT/108;;
AT;Achats Tiime;AT/108;20241121;44566100;CompteLib_0034;;;F671737;20241121;EcritureLib_0073;20250801;12,80;0,00;D;AT/108;;
AT;Achats Tiime;AT/108;20241121;40100000;CompteLib_0018;FRENT;RENT AND DROP;F671737;20241121;EcritureLib_0073;20250801;0,00;76,80;C;AT/108;;
AT;Achats Tiime;AT/109;20241122;62600000;CompteLib_0037;;;1934215940;20241122;EcritureLib_0047;20250801;20,82;0,00;D;AT/109;;
AT;Achats Tiime;AT/109;20241122;44566100;CompteLib_0034;;;1934215940;20241122;EcritureLib_0047;20250801;4,16;0,00;D;AT/109;;
AT;Achats Tiime;AT/109;20241122;40100000;CompteLib_0018;FSFR;SFR;1934215940;20241122;EcritureLib_0047;20250801;0,00;24,98;C;AT/109;J;20250220
AT;Achats Tiime;AT/110;20241123;62420000;CompteLib_0039;;;L000000119318569;20241123;EcritureLib_0074;20250801;15,60;0,00;D;AT/110;;
AT;Achats Tiime;AT/110;20241123;40100000;CompteLib_0018;FPOSTE;LA POSTE;L000000119318569;20241123;EcritureLib_0074;20250801;0,00;15,60;C;AT/110;A;20250328
AT;Achats Tiime;AT/111;20241124;60614000;CompteLib_0041;;;24K39;20241124;EcritureLib_0051;20250801;12,51;0,00;D;AT/111;;
AT;Achats Tiime;AT/111;20241124;44566100;CompteLib_0034;;;24K39;20241124;EcritureLib_0051;20250801;2,50;0,00;D;AT/111;;
AT;Achats Tiime;AT/111;20241124;40100000;CompteLib_0018;FCARBURANT;CARBURANT;24K39;20241124;EcritureLib_0051;20250801;0,00;15,01;C;AT/111;A;20250324
AT;Achats Tiime;AT/112;20241127;60630000;CompteLib_0036;;;FR011032024112700209468;20241127;EcritureLib_0063;20250801;7,28;0,00;D;AT/112;;
AT;Achats Tiime;AT/112;20241127;44566100;CompteLib_0034;;;FR011032024112700209468;20241127;EcritureLib_0063;20250801;1,45;0,00;D;AT/112;;
AT;Achats Tiime;AT/112;20241127;40100000;CompteLib_0018;FALIBABA;ALIBABA;FR011032024112700209468;20241127;EcritureLib_0063;20250801;0,00;8,73;C;AT/112;I;20250328
AT;Achats Tiime;AT/113;20241127;60630000;CompteLib_0036;;;FR011032024112700209375;20241127;EcritureLib_0063;20250801;7,33;0,00;D;AT/113;;
AT;Achats Tiime;AT/113;20241127;44566100;CompteLib_0034;;;FR011032024112700209375;20241127;EcritureLib_0063;20250801;1,46;0,00;D;AT/113;;
AT;Achats Tiime;AT/113;20241127;40100000;CompteLib_0018;FALIBABA;ALIBABA;FR011032024112700209375;20241127;EcritureLib_0063;20250801;0,00;8,79;C;AT/113;I;20250328
AT;Achats Tiime;AT/114;20241127;60630000;CompteLib_0036;;;FR011032024112700209449;20241127;EcritureLib_0063;20250801;2,73;0,00;D;AT/114;;
AT;Achats Tiime;AT/114;20241127;44566100;CompteLib_0034;;;FR011032024112700209449;20241127;EcritureLib_0063;20250801;0,54;0,00;D;AT/114;;
AT;Achats Tiime;AT/114;20241127;40100000;CompteLib_0018;FALIBABA;ALIBABA;FR011032024112700209449;20241127;EcritureLib_0063;20250801;0,00;3,27;C;AT/114;I;20250328
AT;Achats Tiime;AT/115;20241130;62420000;CompteLib_0039;;;2405913479;20241130;EcritureLib_0075;20250801;123,36;0,00;D;AT/115;;
AT;Achats Tiime;AT/115;20241130;44566100;CompteLib_0034;;;2405913479;20241130;EcritureLib_0075;20250801;24,67;0,00;D;AT/115;;
AT;Achats Tiime;AT/115;20241130;40100000;CompteLib_0018;FGEODIS;GEODIS;2405913479;20241130;EcritureLib_0075;20250801;0,00;148,03;C;AT/115;C;20250324
AT;Achats Tiime;AT/116;20241205;62260000;CompteLib_0033;;;FACT-20241201-11447;20241205;EcritureLib_0061;20250801;211,00;0,00;D;AT/116;;
AT;Achats Tiime;AT/116;20241205;44566100;CompteLib_0034;;;FACT-20241201-11447;20241205;EcritureLib_0061;20250801;42,20;0,00;D;AT/116;;
AT;Achats Tiime;AT/116;20241205;40100000;CompteLib_0018;FSTC;STC;FACT-20241201-11447;20241205;EcritureLib_0061;20250801;0,00;253,20;C;AT/116;Q;20241227
AT;Achats Tiime;AT/117;20241209;60611000;CompteLib_0035;;;120009787716;20241209;EcritureLib_0045;20250801;1478,29;0,00;D;AT/117;;
AT;Achats Tiime;AT/117;20241209;44566100;CompteLib_0034;;;120009787716;20241209;EcritureLib_0045;20250801;295,66;0,00;D;AT/117;;
AT;Achats Tiime;AT/117;20241209;40100000;CompteLib_0018;FENGIE;ENGIE;120009787716;20241209;EcritureLib_0045;20250801;0,00;1773,95;C;AT/117;N;20250328
AT;Achats Tiime;AT/118;20241217;62600000;CompteLib_0037;;;1941416255;20241217;EcritureLib_0055;20250801;20,82;0,00;D;AT/118;;
AT;Achats Tiime;AT/118;20241217;44566100;CompteLib_0034;;;1941416255;20241217;EcritureLib_0055;20250801;4,16;0,00;D;AT/118;;
AT;Achats Tiime;AT/118;20241217;40100000;CompteLib_0018;FSFR;SFR;1941416255;20241217;EcritureLib_0055;20250801;0,00;24,98;C;AT/118;K;20250220
AT;Achats Tiime;AT/119;20241219;60100000;CompteLib_0038;;;0/0 (013)0007/085402;20241219;EcritureLib_0058;20250801;278,33;0,00;D;AT/119;;
AT;Achats Tiime;AT/119;20241219;44566100;CompteLib_0034;;;0/0 (013)0007/085402;20241219;EcritureLib_0058;20250801;24,81;0,00;D;AT/119;;
AT;Achats Tiime;AT/119;20241219;40100000;CompteLib_0018;FMETRO;METRO;0/0 (013)0007/085402;20241219;EcritureLib_0058;20250801;0,00;303,14;C;AT/119;R;20250328
BQ;Banque BQ;BQ/1;20240105;63511000;CompteLib_0044;;;24A5;20240105;EcritureLib_0076;20250801;0,00;583,00;C;BQ/1;;
BQ;Banque BQ;BQ/1;20240105;51200000;CompteLib_0030;;;24A5;20240105;EcritureLib_0076;20250801;583,00;0,00;D;BQ/1;;
BQ;Banque BQ;BQ/2;20240106;16410000;CompteLib_0006;;;24A8;20240106;EcritureLib_0077;20250801;410,94;0,00;D;BQ/2;;
BQ;Banque BQ;BQ/2;20240106;51200000;CompteLib_0030;;;24A8;20240106;EcritureLib_0077;20250801;0,00;410,94;C;BQ/2;;
BQ;Banque BQ;BQ/2;20240106;66100000;CompteLib_0045;;;24A8;20240106;EcritureLib_0077;20250801;21,71;0,00;D;BQ/2;;
BQ;Banque BQ;BQ/2;20240106;51200000;CompteLib_0030;;;24A8;20240106;EcritureLib_0077;20250801;0,00;21,71;C;BQ/2;;
BQ;Banque BQ;BQ/3;20240108;41100000;CompteLib_0020;CDIVERS;DIVERS;24A10;20240108;EcritureLib_0078;20250801;0,00;150,00;C;BQ/3;N;20250323
BQ;Banque BQ;BQ/3;20240108;51200000;CompteLib_0030;;;24A10;20240108;EcritureLib_0078;20250801;150,00;0,00;D;BQ/3;;
BQ;Banque BQ;BQ/4;20240108;41100000;CompteLib_0020;CRAMERY;RAMERY ENVIRONNEMENT;24A11;20240108;EcritureLib_0079;20250801;0,00;120,00;C;BQ/4;A;20250323
BQ;Banque BQ;BQ/4;20240108;51200000;CompteLib_0030;;;24A11;20240108;EcritureLib_0079;20250801;120,00;0,00;D;BQ/4;;
BQ;Banque BQ;BQ/5;20240108;41100000;CompteLib_0020;CMONTIGNY;MAIRIE MONTIGNY;24A9;20240108;EcritureLib_0080;20250801;0,00;450,00;C;BQ/5;A;20250323
BQ;Banque BQ;BQ/5;20240108;51200000;CompteLib_0030;;;24A9;20240108;EcritureLib_0080;20250801;450,00;0,00;D;BQ/5;;
BQ;Banque BQ;BQ/6;20240110;64660000;CompteLib_0046;;;24A14;20240110;EcritureLib_0081;20250801;47,09;0,00;D;BQ/6;;
BQ;Banque BQ;BQ/6;20240110;51200000;CompteLib_0030;;;24A14;20240110;EcritureLib_0081;20250801;0,00;47,09;C;BQ/6;;
BQ;Banque BQ;BQ/7;20240110;62700000;CompteLib_0047;;;24A13;20240110;EcritureLib_0082;20250801;76,91;0,00;D;BQ/7;;
BQ;Banque BQ;BQ/7;20240110;51200000;CompteLib_0030;;;24A13;20240110;EcritureLib_0082;20250801;0,00;76,91;C;BQ/7;;
BQ;Banque BQ;BQ/8;20240111;60700000;CompteLib_0043;;;24A15;20240111;EcritureLib_0083;20250801;3000,00;0,00;D;BQ/8;;
BQ;Banque BQ;BQ/8;20240111;51200000;CompteLib_0030;;;24A15;20240111;EcritureLib_0083;20250801;0,00;3000,00;C;BQ/8;;
BQ;Banque BQ;BQ/9;20240117;40100000;CompteLib_0018;FBRICO;BRICO DEPOT;24A18;20240117;EcritureLib_0084;20250801;196,35;0,00;D;BQ/9;K;20250328
BQ;Banque BQ;BQ/9;20240117;51200000;CompteLib_0030;;;24A18;20240117;EcritureLib_0084;20250801;0,00;196,35;C;BQ/9;;
BQ;Banque BQ;BQ/10;20240117;60614000;CompteLib_0041;;;24A19;20240117;EcritureLib_0085;20250801;30,01;0,00;D;BQ/10;;
BQ;Banque BQ;BQ/10;20240117;51200000;CompteLib_0030;;;24A19;20240117;EcritureLib_0085;20250801;0,00;30,01;C;BQ/10;;
BQ;Banque BQ;BQ/11;20240118;41100000;CompteLib_0020;COLT;OLT MACON;24A21;20240118;EcritureLib_0086;20250801;0,00;500,00;C;BQ/11;A;20250323
BQ;Banque BQ;BQ/11;20240118;51200000;CompteLib_0030;;;24A21;20240118;EcritureLib_0086;20250801;500,00;0,00;D;BQ/11;;
BQ;Banque BQ;BQ/12;20240119;41100000;CompteLib_0020;CJAUDEAU;JAUDEAU XAVIER;24A23;20240119;EcritureLib_0087;20250801;0,00;200,00;C;BQ/12;A;20250323
BQ;Banque BQ;BQ/12;20240119;51200000;CompteLib_0030;;;24A23;20240119;EcritureLib_0087;20250801;200,00;0,00;D;BQ/12;;
BQ;Banque BQ;BQ/13;20240119;62270000;CompteLib_0048;;;24A25;20240119;EcritureLib_0088;20250801;47,54;0,00;D;BQ/13;;
BQ;Banque BQ;BQ/13;20240119;51200000;CompteLib_0030;;;24A25;20240119;EcritureLib_0088;20250801;0,00;47,54;C;BQ/13;;
BQ;Banque BQ;BQ/14;20240119;62270000;CompteLib_0048;;;24A24;20240119;EcritureLib_0089;20250801;47,54;0,00;D;BQ/14;;
BQ;Banque BQ;BQ/14;20240119;51200000;CompteLib_0030;;;24A24;20240119;EcritureLib_0089;20250801;0,00;47,54;C;BQ/14;;
BQ;Banque BQ;BQ/15;20240119;62270000;CompteLib_0048;;;24A26;20240119;EcritureLib_0090;20250801;47,54;0,00;D;BQ/15;;
BQ;Banque BQ;BQ/15;20240119;51200000;CompteLib_0030;;;24A26;20240119;EcritureLib_0090;20250801;0,00;47,54;C;BQ/15;;
BQ;Banque BQ;BQ/16;20240120;16401000;CompteLib_0005;;;24A29;20240120;EcritureLib_0091;20250801;292,05;0,00;D;BQ/16;;
BQ;Banque BQ;BQ/16;20240120;51200000;CompteLib_0030;;;24A29;20240120;EcritureLib_0091;20250801;0,00;292,05;C;BQ/16;;
BQ;Banque BQ;BQ/16;20240120;66100000;CompteLib_0045;;;24A29;20240120;EcritureLib_0091;20250801;3,50;0,00;D;BQ/16;;
BQ;Banque BQ;BQ/16;20240120;51200000;CompteLib_0030;;;24A29;20240120;EcritureLib_0091;20250801;0,00;3,50;C;BQ/16;;
BQ;Banque BQ;BQ/16;20240120;66100000;CompteLib_0045;;;24A29;20240120;EcritureLib_0091;20250801;8,90;0,00;D;BQ/16;;
BQ;Banque BQ;BQ/16;20240120;51200000;CompteLib_0030;;;24A29;20240120;EcritureLib_0091;20250801;0,00;8,90;C;BQ/16;;
BQ;Banque BQ;BQ/17;20240122;41100000;CompteLib_0020;CPATRICE;PATRICE EVENO ROMALLY ASSURANCES;24A30;20240122;EcritureLib_0092;20250801;0,00;500,00;C;BQ/17;A;20250323
BQ;Banque BQ;BQ/17;20240122;51200000;CompteLib_0030;;;24A30;20240122;EcritureLib_0092;20250801;500,00;0,00;D;BQ/17;;
BQ;Banque BQ;BQ/18;20240122;41100000;CompteLib_0020;CDORIAN;DORIAN NICOLETTI;24A32;20240122;EcritureLib_0093;20250801;0,00;500,00;C;BQ/18;;
BQ;Banque BQ;BQ/18;20240122;51200000;CompteLib_0030;;;24A32;20240122;EcritureLib_0093;20250801;500,00;0,00;D;BQ/18;;
BQ;Banque BQ;BQ/19;20240122;41100000;CompteLib_0020;CDABE;DABE VINCENT;24A31;20240122;EcritureLib_0094;20250801;0,00;500,00;C;BQ/19;A;20250323
BQ;Banque BQ;BQ/19;20240122;51200000;CompteLib_0030;;;24A31;20240122;EcritureLib_0094;20250801;500,00;0,00;D;BQ/19;;
BQ;Banque BQ;BQ/20;20240123;60700000;CompteLib_0043;;;24A38;20240123;EcritureLib_0095;20250801;3000,00;0,00;D;BQ/20;;
BQ;Banque BQ;BQ/20;20240123;51200000;CompteLib_0030;;;24A38;20240123;EcritureLib_0095;20250801;0,00;3000,00;C;BQ/20;;
BQ;Banque BQ;BQ/21;20240123;41100000;CompteLib_0020;CALEXANDRE;ALEXANDRE MARCHAND;24A37;20240123;EcritureLib_0096;20250801;0,00;500,00;C;BQ/21;A;20250323
BQ;Banque BQ;BQ/21;20240123;51200000;CompteLib_0030;;;24A37;20240123;EcritureLib_0096;20250801;500,00;0,00;D;BQ/21;;
BQ;Banque BQ;BQ/22;20240124;41100000;CompteLib_0020;CKELESYS;Kelesys;24A43;20240124;EcritureLib_0078;20250801;0,00;500,00;C;BQ/22;A;20250323
BQ;Banque BQ;BQ/22;20240124;51200000;CompteLib_0030;;;24A43;20240124;EcritureLib_0078;20250801;500,00;0,00;D;BQ/22;;
BQ;Banque BQ;BQ/23;20240124;41100000;CompteLib_0020;CDEALMEIDA;JESSY DE ALMEIDA;24A40;20240124;EcritureLib_0097;20250801;0,00;500,00;C;BQ/23;A;20250323
BQ;Banque BQ;BQ/23;20240124;51200000;CompteLib_0030;;;24A40;20240124;EcritureLib_0097;20250801;500,00;0,00;D;BQ/23;;
BQ;Banque BQ;BQ/24;20240124;40100000;CompteLib_0018;FBRICO;BRICO DEPOT;24A44;20240124;EcritureLib_0098;20250801;203,40;0,00;D;BQ/24;K;20250328
BQ;Banque BQ;BQ/24;20240124;51200000;CompteLib_0030;;;24A44;20240124;EcritureLib_0098;20250801;0,00;203,40;C;BQ/24;;
BQ;Banque BQ;BQ/25;20240124;41100000;CompteLib_0020;DIVERS;RIFFEATER;24A41;20240124;EcritureLib_0078;20250801;0,00;150,00;C;BQ/25;;
BQ;Banque BQ;BQ/25;20240124;51200000;CompteLib_0030;;;24A41;20240124;EcritureLib_0078;20250801;150,00;0,00;D;BQ/25;;
BQ;Banque BQ;BQ/26;20240124;41100000;CompteLib_0020;CKELESYS;Kelesys;24A42;20240124;EcritureLib_0078;20250801;0,00;500,00;C;BQ/26;A;20250323
BQ;Banque BQ;BQ/26;20240124;51200000;CompteLib_0030;;;24A42;20240124;EcritureLib_0078;20250801;500,00;0,00;D;BQ/26;;
BQ;Banque BQ;BQ/27;20240125;40100000;CompteLib_0018;FSFR;SFR;24A49;20240125;EcritureLib_0099;20250801;28,47;0,00;D;BQ/27;M;20250328
BQ;Banque BQ;BQ/27;20240125;51200000;CompteLib_0030;;;24A49;20240125;EcritureLib_0099;20250801;0,00;28,47;C;BQ/27;;
BQ;Banque BQ;BQ/28;20240125;40100000;CompteLib_0018;FSTC;STC;24A48;20240125;EcritureLib_0100;20250801;238,80;0,00;D;BQ/28;K;20241122
BQ;Banque BQ;BQ/28;20240125;51200000;CompteLib_0030;;;24A48;20240125;EcritureLib_0100;20250801;0,00;238,80;C;BQ/28;;
BQ;Banque BQ;BQ/29;20240126;41100000;CompteLib_0020;CDIQUELOU;DIQUELOU GEOFFREY;24A51;20240126;EcritureLib_0101;20250801;0,00;500,00;C;BQ/29;A;20250323
BQ;Banque BQ;BQ/29;20240126;51200000;CompteLib_0030;;;24A51;20240126;EcritureLib_0101;20250801;500,00;0,00;D;BQ/29;;
BQ;Banque BQ;BQ/30;20240126;40100000;CompteLib_0018;FMETRO;METRO;24A52;20240126;EcritureLib_0102;20250801;414,40;0,00;D;BQ/30;K;20250328
BQ;Banque BQ;BQ/30;20240126;51200000;CompteLib_0030;;;24A52;20240126;EcritureLib_0102;20250801;0,00;414,40;C;BQ/30;;
BQ;Banque BQ;BQ/30;20240126;40100000;CompteLib_0018;FMETRO;METRO;24A52;20240126;EcritureLib_0102;20250801;545,07;0,00;D;BQ/30;K;20250328
BQ;Banque BQ;BQ/30;20240126;51200000;CompteLib_0030;;;24A52;20240126;EcritureLib_0102;20250801;0,00;545,07;C;BQ/30;;
BQ;Banque BQ;BQ/31;20240129;40100000;CompteLib_0018;FENGIE;ENGIE;24A54;20240129;EcritureLib_0103;20250801;1218,88;0,00;D;BQ/31;C;20250328
BQ;Banque BQ;BQ/31;20240129;51200000;CompteLib_0030;;;24A54;20240129;EcritureLib_0103;20250801;0,00;1218,88;C;BQ/31;;
BQ;Banque BQ;BQ/32;20240130;41100000;CompteLib_0020;CJAUDEAU;JAUDEAU XAVIER;24A55;20240130;EcritureLib_0087;20250801;0,00;300,00;C;BQ/32;A;20250323
BQ;Banque BQ;BQ/32;20240130;51200000;CompteLib_0030;;;24A55;20240130;EcritureLib_0087;20250801;300,00;0,00;D;BQ/32;;
BQ;Banque BQ;BQ/33;20240130;41100000;CompteLib_0020;CDIVERS;DIVERS;24A56;20240130;EcritureLib_0078;20250801;0,00;150,00;C;BQ/33;O;20250323
BQ;Banque BQ;BQ/33;20240130;51200000;CompteLib_0030;;;24A56;20240130;EcritureLib_0078;20250801;150,00;0,00;D;BQ/33;;
BQ;Banque BQ;BQ/34;20240206;16410000;CompteLib_0006;;;24B6;20240206;EcritureLib_0104;20250801;412,18;0,00;D;BQ/34;;
BQ;Banque BQ;BQ/34;20240206;51200000;CompteLib_0030;;;24B6;20240206;EcritureLib_0104;20250801;0,00;412,18;C;BQ/34;;
BQ;Banque BQ;BQ/34;20240206;66100000;CompteLib_0045;;;24B6;20240206;EcritureLib_0104;20250801;20,47;0,00;D;BQ/34;;
BQ;Banque BQ;BQ/34;20240206;51200000;CompteLib_0030;;;24B6;20240206;EcritureLib_0104;20250801;0,00;20,47;C;BQ/34;;
BQ;Banque BQ;BQ/35;20240206;41100000;CompteLib_0020;CHUBERT;HUBERT DELORANCE SC14;24B7;20240206;EcritureLib_0105;20250801;0,00;500,00;C;BQ/35;A;20250323
BQ;Banque BQ;BQ/35;20240206;51200000;CompteLib_0030;;;24B7;20240206;EcritureLib_0105;20250801;500,00;0,00;D;BQ/35;;
BQ;Banque BQ;BQ/36;20240206;40100000;CompteLib_0018;FCARBURANT;CARBURANT;24B8;20240206;EcritureLib_0106;20250801;22,96;0,00;D;BQ/36;A;20250324
BQ;Banque BQ;BQ/36;20240206;51200000;CompteLib_0030;;;24B8;20240206;EcritureLib_0106;20250801;0,00;22,96;C;BQ/36;;
BQ;Banque BQ;BQ/37;20240207;40100000;CompteLib_0018;FCARBURANT;CARBURANT;24B12;20240207;EcritureLib_0107;20250801;35,00;0,00;D;BQ/37;B;20250328
BQ;Banque BQ;BQ/37;20240207;51200000;CompteLib_0030;;;24B12;20240207;EcritureLib_0107;20250801;0,00;35,00;C;BQ/37;;
BQ;Banque BQ;BQ/38;20240208;40100000;CompteLib_0018;FCARBURANT;CARBURANT;24B19;20240208;EcritureLib_0108;20250801;100,28;0,00;D;BQ/38;A;20250324
BQ;Banque BQ;BQ/38;20240208;51200000;CompteLib_0030;;;24B19;20240208;EcritureLib_0108;20250801;0,00;100,28;C;BQ/38;;
BQ;Banque BQ;BQ/39;20240208;40100000;CompteLib_0018;FRENT;RENT AND DROP;24B18;20240208;EcritureLib_0109;20250801;103,20;0,00;D;BQ/39;K;20241122
BQ;Banque BQ;BQ/39;20240208;51200000;CompteLib_0030;;;24B18;20240208;EcritureLib_0109;20250801;0,00;103,20;C;BQ/39;;
BQ;Banque BQ;BQ/40;20240212;62700000;CompteLib_0047;;;24B22;20240212;EcritureLib_0110;20250801;110,70;0,00;D;BQ/40;;
BQ;Banque BQ;BQ/40;20240212;51200000;CompteLib_0030;;;24B22;20240212;EcritureLib_0110;20250801;0,00;110,70;C;BQ/40;;
BQ;Banque BQ;BQ/41;20240212;64660000;CompteLib_0046;;;24B23;20240212;EcritureLib_0081;20250801;47,09;0,00;D;BQ/41;;
BQ;Banque BQ;BQ/41;20240212;51200000;CompteLib_0030;;;24B23;20240212;EcritureLib_0081;20250801;0,00;47,09;C;BQ/41;;
BQ;Banque BQ;BQ/42;20240212;41100000;CompteLib_0020;CMASSON;MASSON JEREMY;24B24;20240212;EcritureLib_0111;20250801;0,00;500,00;C;BQ/42;A;20250323
BQ;Banque BQ;BQ/42;20240212;51200000;CompteLib_0030;;;24B24;20240212;EcritureLib_0111;20250801;500,00;0,00;D;BQ/42;;
BQ;Banque BQ;BQ/43;20240212;41100000;CompteLib_0020;CDIQUELOU;DIQUELOU GEOFFREY;24B25;20240212;EcritureLib_0112;20250801;0,00;2000,00;C;BQ/43;A;20250323
BQ;Banque BQ;BQ/43;20240212;51200000;CompteLib_0030;;;24B25;20240212;EcritureLib_0112;20250801;2000,00;0,00;D;BQ/43;;
BQ;Banque BQ;BQ/44;20240212;40100000;CompteLib_0018;FAMAZON;AMAZON;24B26;20240212;EcritureLib_0113;20250801;169,89;0,00;D;BQ/44;F;20250328
BQ;Banque BQ;BQ/44;20240212;51200000;CompteLib_0030;;;24B26;20240212;EcritureLib_0113;20250801;0,00;169,89;C;BQ/44;;
BQ;Banque BQ;BQ/45;20240213;41100000;CompteLib_0020;LAN;LAN ;24B30;20240213;EcritureLib_0114;20250801;0,00;500,00;C;BQ/45;D;20250323
BQ;Banque BQ;BQ/45;20240213;51200000;CompteLib_0030;;;24B30;20240213;EcritureLib_0114;20250801;500,00;0,00;D;BQ/45;;
BQ;Banque BQ;BQ/46;20240213;60700000;CompteLib_0043;;;24B29;20240213;EcritureLib_0115;20250801;2000,00;0,00;D;BQ/46;;
BQ;Banque BQ;BQ/46;20240213;51200000;CompteLib_0030;;;24B29;20240213;EcritureLib_0115;20250801;0,00;2000,00;C;BQ/46;;
BQ;Banque BQ;BQ/47;20240213;40100000;CompteLib_0018;FRENT;RENT AND DROP;24B32;20240213;EcritureLib_0116;20250801;170,97;0,00;D;BQ/47;I;20241122
BQ;Banque BQ;BQ/47;20240213;51200000;CompteLib_0030;;;24B32;20240213;EcritureLib_0116;20250801;0,00;170,97;C;BQ/47;;
BQ;Banque BQ;BQ/48;20240213;41100000;CompteLib_0020;CDIQUELOU;DIQUELOU GEOFFREY;24B31;20240213;EcritureLib_0117;20250801;0,00;320,00;C;BQ/48;A;20250323
BQ;Banque BQ;BQ/48;20240213;51200000;CompteLib_0030;;;24B31;20240213;EcritureLib_0117;20250801;320,00;0,00;D;BQ/48;;
BQ;Banque BQ;BQ/49;20240214;41100000;CompteLib_0020;ATOM;ATOM CITY ;24B37;20240214;EcritureLib_0118;20250801;0,00;668,18;C;BQ/49;J;20250323
BQ;Banque BQ;BQ/49;20240214;51200000;CompteLib_0030;;;24B37;20240214;EcritureLib_0118;20250801;183,72;0,00;D;BQ/49;;
BQ;Banque BQ;BQ/49;20240214;51200000;CompteLib_0030;;;24B37;20240214;EcritureLib_0118;20250801;484,46;0,00;D;BQ/49;;
BQ;Banque BQ;BQ/50;20240214;41100000;CompteLib_0020;BRATS;LES PETITS BRATS ;24B36;20240214;EcritureLib_0119;20250801;0,00;418,11;C;BQ/50;C;20250323
BQ;Banque BQ;BQ/50;20240214;51200000;CompteLib_0030;;;24B36;20240214;EcritureLib_0119;20250801;196,56;0,00;D;BQ/50;;
BQ;Banque BQ;BQ/50;20240214;51200000;CompteLib_0030;;;24B36;20240214;EcritureLib_0119;20250801;221,55;0,00;D;BQ/50;;
BQ;Banque BQ;BQ/51;20240214;40100000;CompteLib_0018;FROTATIVE;LA ROTATIVE;24B35;20240214;EcritureLib_0120;20250801;750,00;0,00;D;BQ/51;A;20250328
BQ;Banque BQ;BQ/51;20240214;51200000;CompteLib_0030;;;24B35;20240214;EcritureLib_0120;20250801;0,00;750,00;C;BQ/51;;
BQ;Banque BQ;BQ/52;20240214;41100000;CompteLib_0020;CRAMERY;RAMERY ENVIRONNEMENT;24B33;20240214;EcritureLib_0121;20250801;0,00;480,00;C;BQ/52;A;20250323
BQ;Banque BQ;BQ/52;20240214;51200000;CompteLib_0030;;;24B33;20240214;EcritureLib_0121;20250801;480,00;0,00;D;BQ/52;;
BQ;Banque BQ;BQ/53;20240214;41100000;CompteLib_0020;CDIVERS;DIVERS;24B34;20240214;EcritureLib_0078;20250801;0,00;300,00;C;BQ/53;P;20250323
BQ;Banque BQ;BQ/53;20240214;51200000;CompteLib_0030;;;24B34;20240214;EcritureLib_0078;20250801;300,00;0,00;D;BQ/53;;
BQ;Banque BQ;BQ/54;20240214;62420000;CompteLib_0039;;;24B38;20240214;EcritureLib_0122;20250801;6,50;0,00;D;BQ/54;;
BQ;Banque BQ;BQ/54;20240214;51200000;CompteLib_0030;;;24B38;20240214;EcritureLib_0122;20250801;0,00;6,50;C;BQ/54;;
BQ;Banque BQ;BQ/55;20240216;40100000;CompteLib_0018;FAMAZON;AMAZON;24B40;20240216;EcritureLib_0123;20250801;0,00;139,90;C;BQ/55;F;20250328
BQ;Banque BQ;BQ/55;20240216;51200000;CompteLib_0030;;;24B40;20240216;EcritureLib_0123;20250801;139,90;0,00;D;BQ/55;;
BQ;Banque BQ;BQ/56;20240220;16401000;CompteLib_0005;;;24B43;20240220;EcritureLib_0124;20250801;292,21;0,00;D;BQ/56;;
BQ;Banque BQ;BQ/56;20240220;51200000;CompteLib_0030;;;24B43;20240220;EcritureLib_0124;20250801;0,00;292,21;C;BQ/56;;
BQ;Banque BQ;BQ/56;20240220;66100000;CompteLib_0045;;;24B43;20240220;EcritureLib_0124;20250801;3,34;0,00;D;BQ/56;;
BQ;Banque BQ;BQ/56;20240220;51200000;CompteLib_0030;;;24B43;20240220;EcritureLib_0124;20250801;0,00;3,34;C;BQ/56;;
BQ;Banque BQ;BQ/56;20240220;66100000;CompteLib_0045;;;24B43;20240220;EcritureLib_0124;20250801;8,90;0,00;D;BQ/56;;
BQ;Banque BQ;BQ/56;20240220;51200000;CompteLib_0030;;;24B43;20240220;EcritureLib_0124;20250801;0,00;8,90;C;BQ/56;;
BQ;Banque BQ;BQ/57;20240221;41100000;CompteLib_0020;CFRANCISCO;FRANCISCO DE SOUSA;24B44;20240221;EcritureLib_0125;20250801;0,00;1070,00;C;BQ/57;;
BQ;Banque BQ;BQ/57;20240221;51200000;CompteLib_0030;;;24B44;20240221;EcritureLib_0125;20250801;900,00;0,00;D;BQ/57;;
BQ;Banque BQ;BQ/57;20240221;51200000;CompteLib_0030;;;24B44;20240221;EcritureLib_0125;20250801;170,00;0,00;D;BQ/57;;
BQ;Banque BQ;BQ/58;20240222;40100000;CompteLib_0018;FMETRO;METRO;24B47;20240222;EcritureLib_0126;20250801;182,40;0,00;D;BQ/58;L;20250328
BQ;Banque BQ;BQ/58;20240222;51200000;CompteLib_0030;;;24B47;20240222;EcritureLib_0126;20250801;0,00;182,40;C;BQ/58;;
BQ;Banque BQ;BQ/58;20240222;40100000;CompteLib_0018;FMETRO;METRO;24B47;20240222;EcritureLib_0126;20250801;280,65;0,00;D;BQ/58;L;20250328
BQ;Banque BQ;BQ/58;20240222;51200000;CompteLib_0030;;;24B47;20240222;EcritureLib_0126;20250801;0,00;280,65;C;BQ/58;;
BQ;Banque BQ;BQ/59;20240222;41100000;CompteLib_0020;ATOM;ATOM CITY ;24B48;20240222;EcritureLib_0127;20250801;0,00;1000,00;C;BQ/59;J;20250323
BQ;Banque BQ;BQ/59;20240222;51200000;CompteLib_0030;;;24B48;20240222;EcritureLib_0127;20250801;1000,00;0,00;D;BQ/59;;
BQ;Banque BQ;BQ/60;20240223;40100000;CompteLib_0018;FSTC;STC;24B52;20240223;EcritureLib_0100;20250801;238,80;0,00;D;BQ/60;L;20241122
BQ;Banque BQ;BQ/60;20240223;51200000;CompteLib_0030;;;24B52;20240223;EcritureLib_0100;20250801;0,00;238,80;C;BQ/60;;
BQ;Banque BQ;BQ/61;20240223;40100000;CompteLib_0018;FBRICO;BRICO DEPOT;24B53;20240223;EcritureLib_0128;20250801;77,60;0,00;D;BQ/61;K;20250328
BQ;Banque BQ;BQ/61;20240223;51200000;CompteLib_0030;;;24B53;20240223;EcritureLib_0128;20250801;0,00;77,60;C;BQ/61;;
BQ;Banque BQ;BQ/62;20240224;41100000;CompteLib_0020;POUGEOISE;GAUTIER POUGEOISE;24B54;20240224;EcritureLib_0129;20250801;0,00;500,00;C;BQ/62;A;20250323
BQ;Banque BQ;BQ/62;20240224;51200000;CompteLib_0030;;;24B54;20240224;EcritureLib_0129;20250801;320,00;0,00;D;BQ/62;;
BQ;Banque BQ;BQ/62;20240224;51200000;CompteLib_0030;;;24B54;20240224;EcritureLib_0129;20250801;180,00;0,00;D;BQ/62;;
BQ;Banque BQ;BQ/63;20240226;40100000;CompteLib_0018;FENGIE;ENGIE;24B56;20240226;EcritureLib_0130;20250801;1953,86;0,00;D;BQ/63;D;20250328
BQ;Banque BQ;BQ/63;20240226;51200000;CompteLib_0030;;;24B56;20240226;EcritureLib_0130;20250801;0,00;1953,86;C;BQ/63;;
BQ;Banque BQ;BQ/64;20240226;40100000;CompteLib_0018;FSFR;SFR;24B55;20240226;EcritureLib_0131;20250801;28,47;0,00;D;BQ/64;G;20250220
BQ;Banque BQ;BQ/64;20240226;51200000;CompteLib_0030;;;24B55;20240226;EcritureLib_0131;20250801;0,00;28,47;C;BQ/64;;
BQ;Banque BQ;BQ/65;20240226;41100000;CompteLib_0020;CBACCOUS;BACCOUS CYRIL;24B57;20240226;EcritureLib_0132;20250801;0,00;500,00;C;BQ/65;A;20250323
BQ;Banque BQ;BQ/65;20240226;51200000;CompteLib_0030;;;24B57;20240226;EcritureLib_0132;20250801;285,00;0,00;D;BQ/65;;
BQ;Banque BQ;BQ/65;20240226;51200000;CompteLib_0030;;;24B57;20240226;EcritureLib_0132;20250801;215,00;0,00;D;BQ/65;;
BQ;Banque BQ;BQ/66;20240227;51200000;CompteLib_0030;;;24B60;20240227;EcritureLib_0133;20250801;300,00;0,00;D;BQ/66;;
BQ;Banque BQ;BQ/66;20240227;51200000;CompteLib_0030;;;24B60;20240227;EcritureLib_0133;20250801;23,00;0,00;D;BQ/66;;
BQ;Banque BQ;BQ/66;20240227;41100000;CompteLib_0020;CADN;ADN-EVENTS;24B60;20240227;EcritureLib_0133;20250801;0,00;339,00;C;BQ/66;A;20250323
BQ;Banque BQ;BQ/66;20240227;51200000;CompteLib_0030;;;24B60;20240227;EcritureLib_0133;20250801;16,00;0,00;D;BQ/66;;
BQ;Banque BQ;BQ/67;20240228;41100000;CompteLib_0020;CTEDDY;TEDDY;24B61;20240228;EcritureLib_0078;20250801;0,00;1000,00;C;BQ/67;A;20250323
BQ;Banque BQ;BQ/67;20240228;51200000;CompteLib_0030;;;24B61;20240228;EcritureLib_0078;20250801;1000,00;0,00;D;BQ/67;;
BQ;Banque BQ;BQ/68;20240229;40100000;CompteLib_0018;FGEODIS;GEODIS;24B62;20240229;EcritureLib_0134;20250801;249,07;0,00;D;BQ/68;C;20250324
BQ;Banque BQ;BQ/68;20240229;51200000;CompteLib_0030;;;24B62;20240229;EcritureLib_0134;20250801;0,00;249,07;C;BQ/68;;
BQ;Banque BQ;BQ/69;20240301;41100000;CompteLib_0020;ATOM;ATOM CITY ;24C1;20240301;EcritureLib_0135;20250801;0,00;1000,00;C;BQ/69;K;20250323
BQ;Banque BQ;BQ/69;20240301;51200000;CompteLib_0030;;;24C1;20240301;EcritureLib_0135;20250801;1000,00;0,00;D;BQ/69;;
BQ;Banque BQ;BQ/70;20240304;40100000;CompteLib_0018;FBRICO;BRICO DEPOT;24C7;20240304;EcritureLib_0136;20250801;149,70;0,00;D;BQ/70;K;20250328
BQ;Banque BQ;BQ/70;20240304;51200000;CompteLib_0030;;;24C7;20240304;EcritureLib_0136;20250801;0,00;149,70;C;BQ/70;;
BQ;Banque BQ;BQ/71;20240306;41100000;CompteLib_0020;CPHALEMPIN;VILLE PHALEMPIN;24C13;20240306;EcritureLib_0137;20250801;0,00;1200,00;C;BQ/71;A;20250323
BQ;Banque BQ;BQ/71;20240306;51200000;CompteLib_0030;;;24C13;20240306;EcritureLib_0137;20250801;1200,00;0,00;D;BQ/71;;
BQ;Banque BQ;BQ/72;20240306;16410000;CompteLib_0006;;;24C12;20240306;EcritureLib_0138;20250801;413,43;0,00;D;BQ/72;;
BQ;Banque BQ;BQ/72;20240306;51200000;CompteLib_0030;;;24C12;20240306;EcritureLib_0138;20250801;0,00;413,43;C;BQ/72;;
BQ;Banque BQ;BQ/72;20240306;66100000;CompteLib_0045;;;24C12;20240306;EcritureLib_0138;20250801;19,22;0,00;D;BQ/72;;
BQ;Banque BQ;BQ/72;20240306;51200000;CompteLib_0030;;;24C12;20240306;EcritureLib_0138;20250801;0,00;19,22;C;BQ/72;;
BQ;Banque BQ;BQ/73;20240309;41100000;CompteLib_0020;ATOM;ATOM CITY ;24C16;20240309;EcritureLib_0139;20250801;0,00;1000,00;C;BQ/73;L;20250323
BQ;Banque BQ;BQ/73;20240309;51200000;CompteLib_0030;;;24C16;20240309;EcritureLib_0139;20250801;1000,00;0,00;D;BQ/73;;
BQ;Banque BQ;BQ/74;20240311;64660000;CompteLib_0046;;;24C19;20240311;EcritureLib_0081;20250801;47,09;0,00;D;BQ/74;;
BQ;Banque BQ;BQ/74;20240311;51200000;CompteLib_0030;;;24C19;20240311;EcritureLib_0081;20250801;0,00;47,09;C;BQ/74;;
BQ;Banque BQ;BQ/75;20240311;62700000;CompteLib_0047;;;24C18;20240311;EcritureLib_0140;20250801;75,91;0,00;D;BQ/75;;
BQ;Banque BQ;BQ/75;20240311;51200000;CompteLib_0030;;;24C18;20240311;EcritureLib_0140;20250801;0,00;75,91;C;BQ/75;;
BQ;Banque BQ;BQ/76;20240311;64400000;CompteLib_0049;;;24C20;20240311;EcritureLib_0141;20250801;500,00;0,00;D;BQ/76;;
BQ;Banque BQ;BQ/76;20240311;51200000;CompteLib_0030;;;24C20;20240311;EcritureLib_0141;20250801;0,00;500,00;C;BQ/76;;
BQ;Banque BQ;BQ/77;20240313;41100000;CompteLib_0020;CDABE;DABE VINCENT;24C22;20240313;EcritureLib_0078;20250801;0,00;900,00;C;BQ/77;A;20250323
BQ;Banque BQ;BQ/77;20240313;51200000;CompteLib_0030;;;24C22;20240313;EcritureLib_0078;20250801;900,00;0,00;D;BQ/77;;
BQ;Banque BQ;BQ/78;20240314;41100000;CompteLib_0020;CPUTOT;HUBERT PUTOT;24C23;20240314;EcritureLib_0142;20250801;0,00;500,00;C;BQ/78;A;20250323
BQ;Banque BQ;BQ/78;20240314;51200000;CompteLib_0030;;;24C23;20240314;EcritureLib_0142;20250801;500,00;0,00;D;BQ/78;;
BQ;Banque BQ;BQ/79;20240315;44551000;CompteLib_0022;;;24C24;20240315;EcritureLib_0143;20250801;5356,00;0,00;D;BQ/79;;
BQ;Banque BQ;BQ/79;20240315;51200000;CompteLib_0030;;;24C24;20240315;EcritureLib_0143;20250801;0,00;5356,00;C;BQ/79;;
BQ;Banque BQ;BQ/80;20240315;63511000;CompteLib_0044;;;24C25;20240315;EcritureLib_0144;20250801;583,00;0,00;D;BQ/80;;
BQ;Banque BQ;BQ/80;20240315;51200000;CompteLib_0030;;;24C25;20240315;EcritureLib_0144;20250801;0,00;583,00;C;BQ/80;;
BQ;Banque BQ;BQ/81;20240319;60700000;CompteLib_0043;;;24C28;20240319;EcritureLib_0145;20250801;5000,00;0,00;D;BQ/81;;
BQ;Banque BQ;BQ/81;20240319;51200000;CompteLib_0030;;;24C28;20240319;EcritureLib_0145;20250801;0,00;5000,00;C;BQ/81;;
BQ;Banque BQ;BQ/82;20240319;45100000;CompteLib_0024;;;24C27;20240319;EcritureLib_0146;20250801;0,00;4000,00;C;BQ/82;;
BQ;Banque BQ;BQ/82;20240319;51200000;CompteLib_0030;;;24C27;20240319;EcritureLib_0146;20250801;4000,00;0,00;D;BQ/82;;
BQ;Banque BQ;BQ/83;20240320;40100000;CompteLib_0018;FSTC;STC;24C29;20240320;EcritureLib_0100;20250801;238,80;0,00;D;BQ/83;M;20241122
BQ;Banque BQ;BQ/83;20240320;51200000;CompteLib_0030;;;24C29;20240320;EcritureLib_0100;20250801;0,00;238,80;C;BQ/83;;
BQ;Banque BQ;BQ/84;20240320;16401000;CompteLib_0005;;;24C30;20240320;EcritureLib_0147;20250801;292,37;0,00;D;BQ/84;;
BQ;Banque BQ;BQ/84;20240320;51200000;CompteLib_0030;;;24C30;20240320;EcritureLib_0147;20250801;0,00;292,37;C;BQ/84;;
BQ;Banque BQ;BQ/84;20240320;66100000;CompteLib_0045;;;24C30;20240320;EcritureLib_0147;20250801;3,18;0,00;D;BQ/84;;
BQ;Banque BQ;BQ/84;20240320;51200000;CompteLib_0030;;;24C30;20240320;EcritureLib_0147;20250801;0,00;3,18;C;BQ/84;;
BQ;Banque BQ;BQ/84;20240320;66100000;CompteLib_0045;;;24C30;20240320;EcritureLib_0147;20250801;8,90;0,00;D;BQ/84;;
BQ;Banque BQ;BQ/84;20240320;51200000;CompteLib_0030;;;24C30;20240320;EcritureLib_0147;20250801;0,00;8,90;C;BQ/84;;
BQ;Banque BQ;BQ/85;20240322;41100000;CompteLib_0020;CBERGHIDA;BERGHIDA NAIM;24C32;20240322;EcritureLib_0148;20250801;0,00;1000,00;C;BQ/85;A;20250323
BQ;Banque BQ;BQ/85;20240322;51200000;CompteLib_0030;;;24C32;20240322;EcritureLib_0148;20250801;1000,00;0,00;D;BQ/85;;
BQ;Banque BQ;BQ/86;20240325;40100000;CompteLib_0018;FSFR;SFR;24C35;20240325;EcritureLib_0149;20250801;28,47;0,00;D;BQ/86;A;20250220
BQ;Banque BQ;BQ/86;20240325;51200000;CompteLib_0030;;;24C35;20240325;EcritureLib_0149;20250801;0,00;28,47;C;BQ/86;;
BQ;Banque BQ;BQ/87;20240325;40100000;CompteLib_0018;FENGIE;ENGIE;24C36;20240325;EcritureLib_0150;20250801;1517,86;0,00;D;BQ/87;E;20250328
BQ;Banque BQ;BQ/87;20240325;51200000;CompteLib_0030;;;24C36;20240325;EcritureLib_0150;20250801;0,00;1517,86;C;BQ/87;;
BQ;Banque BQ;BQ/88;20240325;60630000;CompteLib_0036;;;24C37;20240325;EcritureLib_0151;20250801;411,63;0,00;D;BQ/88;;
BQ;Banque BQ;BQ/88;20240325;51200000;CompteLib_0030;;;24C37;20240325;EcritureLib_0151;20250801;0,00;411,63;C;BQ/88;;
BQ;Banque BQ;BQ/89;20240325;41100000;CompteLib_0020;CTHERY;DAVID THERY;24C34;20240325;EcritureLib_0152;20250801;0,00;1000,00;C;BQ/89;A;20250323
BQ;Banque BQ;BQ/89;20240325;51200000;CompteLib_0030;;;24C34;20240325;EcritureLib_0152;20250801;1000,00;0,00;D;BQ/89;;
BQ;Banque BQ;BQ/90;20240327;60630000;CompteLib_0036;;;24C41;20240327;EcritureLib_0153;20250801;23,25;0,00;D;BQ/90;;
BQ;Banque BQ;BQ/90;20240327;44566100;CompteLib_0034;;;24C41;20240327;EcritureLib_0153;20250801;4,65;0,00;D;BQ/90;;
BQ;Banque BQ;BQ/90;20240327;51200000;CompteLib_0030;;;24C41;20240327;EcritureLib_0153;20250801;0,00;27,90;C;BQ/90;;
BQ;Banque BQ;BQ/91;20240328;60630000;CompteLib_0036;;;24C43;20240328;EcritureLib_0153;20250801;59,53;0,00;D;BQ/91;;
BQ;Banque BQ;BQ/91;20240328;44566100;CompteLib_0034;;;24C43;20240328;EcritureLib_0153;20250801;11,91;0,00;D;BQ/91;;
BQ;Banque BQ;BQ/91;20240328;51200000;CompteLib_0030;;;24C43;20240328;EcritureLib_0153;20250801;0,00;71,44;C;BQ/91;;
BQ;Banque BQ;BQ/92;20240328;41100000;CompteLib_0020;CKOREKUTA;KOREKUTA NO HAKINOWA;24C42;20240328;EcritureLib_0154;20250801;0,00;800,00;C;BQ/92;A;20250323
BQ;Banque BQ;BQ/92;20240328;51200000;CompteLib_0030;;;24C42;20240328;EcritureLib_0154;20250801;800,00;0,00;D;BQ/92;;
BQ;Banque BQ;BQ/93;20240329;41100000;CompteLib_0020;CVIELLA;CHARLOTTE VIELLA;24C44;20240329;EcritureLib_0155;20250801;0,00;1000,00;C;BQ/93;A;20250323
BQ;Banque BQ;BQ/93;20240329;51200000;CompteLib_0030;;;24C44;20240329;EcritureLib_0155;20250801;1000,00;0,00;D;BQ/93;;
BQ;Banque BQ;BQ/94;20240329;41100000;CompteLib_0020;CERIC;CLAUDE ERIC;24C45;20240329;EcritureLib_0156;20250801;0,00;500,00;C;BQ/94;A;20250323
BQ;Banque BQ;BQ/94;20240329;51200000;CompteLib_0030;;;24C45;20240329;EcritureLib_0156;20250801;500,00;0,00;D;BQ/94;;
BQ;Banque BQ;BQ/95;20240401;64400000;CompteLib_0049;;;24D1;20240401;EcritureLib_0157;20250801;500,00;0,00;D;BQ/95;;
BQ;Banque BQ;BQ/95;20240401;51200000;CompteLib_0030;;;24D1;20240401;EcritureLib_0157;20250801;0,00;500,00;C;BQ/95;;
BQ;Banque BQ;BQ/96;20240402;40100000;CompteLib_0018;FGEODIS;GEODIS;24D5;20240402;EcritureLib_0134;20250801;333,34;0,00;D;BQ/96;D;20250328
BQ;Banque BQ;BQ/96;20240402;51200000;CompteLib_0030;;;24D5;20240402;EcritureLib_0134;20250801;0,00;333,34;C;BQ/96;;
BQ;Banque BQ;BQ/97;20240402;41100000;CompteLib_0020;CSICOT;JEAN-CHRISTOPHE SICOT;24D3;20240402;EcritureLib_0158;20250801;0,00;1600,00;C;BQ/97;A;20250323
BQ;Banque BQ;BQ/97;20240402;51200000;CompteLib_0030;;;24D3;20240402;EcritureLib_0158;20250801;1600,00;0,00;D;BQ/97;;
BQ;Banque BQ;BQ/98;20240402;41100000;CompteLib_0020;CAGNAN;ART AGNAN;24D6;20240402;EcritureLib_0159;20250801;0,00;570,00;C;BQ/98;A;20250323
BQ;Banque BQ;BQ/98;20240402;51200000;CompteLib_0030;;;24D6;20240402;EcritureLib_0159;20250801;570,00;0,00;D;BQ/98;;
BQ;Banque BQ;BQ/99;20240402;41100000;CompteLib_0020;CTHERY;DAVID THERY;24D4;20240402;EcritureLib_0160;20250801;0,00;200,00;C;BQ/99;A;20250323
BQ;Banque BQ;BQ/99;20240402;51200000;CompteLib_0030;;;24D4;20240402;EcritureLib_0160;20250801;200,00;0,00;D;BQ/99;;
BQ;Banque BQ;BQ/100;20240402;41100000;CompteLib_0020;CDUPONCHEL;SEBASTIEN DUPONCHEEL;24D2;20240402;EcritureLib_0161;20250801;0,00;1000,00;C;BQ/100;A;20250323
BQ;Banque BQ;BQ/100;20240402;51200000;CompteLib_0030;;;24D2;20240402;EcritureLib_0161;20250801;1000,00;0,00;D;BQ/100;;
BQ;Banque BQ;BQ/101;20240403;40100000;CompteLib_0018;FROTATIVE;LA ROTATIVE;24D14;20240403;EcritureLib_0162;20250801;750,00;0,00;D;BQ/101;A;20250328
BQ;Banque BQ;BQ/101;20240403;51200000;CompteLib_0030;;;24D14;20240403;EcritureLib_0162;20250801;0,00;750,00;C;BQ/101;;
BQ;Banque BQ;BQ/102;20240403;60700000;CompteLib_0043;;;24D11;20240403;EcritureLib_0163;20250801;4050,00;0,00;D;BQ/102;;
BQ;Banque BQ;BQ/102;20240403;51200000;CompteLib_0030;;;24D11;20240403;EcritureLib_0163;20250801;0,00;4050,00;C;BQ/102;;
BQ;Banque BQ;BQ/103;20240403;41100000;CompteLib_0020;BRATS;LES PETITS BRATS ;24D12;20240403;EcritureLib_0164;20250801;0,00;4044,00;C;BQ/103;C;20250323
BQ;Banque BQ;BQ/103;20240403;51200000;CompteLib_0030;;;24D12;20240403;EcritureLib_0164;20250801;4044,00;0,00;D;BQ/103;;
BQ;Banque BQ;BQ/104;20240403;41100000;CompteLib_0020;CPROXIAD;PROXIAD;24D10;20240403;EcritureLib_0165;20250801;0,00;156,00;C;BQ/104;A;20250323
BQ;Banque BQ;BQ/104;20240403;51200000;CompteLib_0030;;;24D10;20240403;EcritureLib_0165;20250801;156,00;0,00;D;BQ/104;;
BQ;Banque BQ;BQ/105;20240403;40100000;CompteLib_0018;FROTATIVE;LA ROTATIVE;24D13;20240403;EcritureLib_0166;20250801;750,00;0,00;D;BQ/105;B;20250328
BQ;Banque BQ;BQ/105;20240403;51200000;CompteLib_0030;;;24D13;20240403;EcritureLib_0166;20250801;0,00;750,00;C;BQ/105;;
BQ;Banque BQ;BQ/106;20240403;40100000;CompteLib_0018;FROTATIVE;LA ROTATIVE;24D15;20240403;EcritureLib_0167;20250801;750,00;0,00;D;BQ/106;A;20250328
BQ;Banque BQ;BQ/106;20240403;51200000;CompteLib_0030;;;24D15;20240403;EcritureLib_0167;20250801;0,00;750,00;C;BQ/106;;
BQ;Banque BQ;BQ/107;20240405;60614000;CompteLib_0041;;;24D19;20240405;EcritureLib_0168;20250801;14,14;0,00;D;BQ/107;;
BQ;Banque BQ;BQ/107;20240405;51200000;CompteLib_0030;;;24D19;20240405;EcritureLib_0168;20250801;0,00;14,14;C;BQ/107;;
BQ;Banque BQ;BQ/108;20240405;40100000;CompteLib_0018;FMETRO;METRO;24D18;20240405;EcritureLib_0169;20250801;604,46;0,00;D;BQ/108;M;20250328
BQ;Banque BQ;BQ/108;20240405;51200000;CompteLib_0030;;;24D18;20240405;EcritureLib_0169;20250801;0,00;604,46;C;BQ/108;;
BQ;Banque BQ;BQ/108;20240405;40100000;CompteLib_0018;FMETRO;METRO;24D18;20240405;EcritureLib_0169;20250801;938,48;0,00;D;BQ/108;M;20250328
BQ;Banque BQ;BQ/108;20240405;51200000;CompteLib_0030;;;24D18;20240405;EcritureLib_0169;20250801;0,00;938,48;C;BQ/108;;
BQ;Banque BQ;BQ/109;20240406;16410000;CompteLib_0006;;;24D22;20240406;EcritureLib_0170;20250801;414,69;0,00;D;BQ/109;;
BQ;Banque BQ;BQ/109;20240406;51200000;CompteLib_0030;;;24D22;20240406;EcritureLib_0170;20250801;0,00;414,69;C;BQ/109;;
BQ;Banque BQ;BQ/109;20240406;66100000;CompteLib_0045;;;24D22;20240406;EcritureLib_0170;20250801;17,96;0,00;D;BQ/109;;
BQ;Banque BQ;BQ/109;20240406;51200000;CompteLib_0030;;;24D22;20240406;EcritureLib_0170;20250801;0,00;17,96;C;BQ/109;;
BQ;Banque BQ;BQ/110;20240410;41100000;CompteLib_0020;CFACHES;MAIRIE DE FACHES THUMESNIL;24D26;20240410;EcritureLib_0171;20250801;0,00;126,00;C;BQ/110;A;20250323
BQ;Banque BQ;BQ/110;20240410;51200000;CompteLib_0030;;;24D26;20240410;EcritureLib_0171;20250801;126,00;0,00;D;BQ/110;;
BQ;Banque BQ;BQ/111;20240410;41100000;CompteLib_0020;CLAMBERSART;VILLE DE LAMBERSART;24D25;20240410;EcritureLib_0172;20250801;0,00;329,00;C;BQ/111;B;20250323
BQ;Banque BQ;BQ/111;20240410;51200000;CompteLib_0030;;;24D25;20240410;EcritureLib_0172;20250801;329,00;0,00;D;BQ/111;;
BQ;Banque BQ;BQ/112;20240410;64660000;CompteLib_0046;;;24D24;20240410;EcritureLib_0081;20250801;47,09;0,00;D;BQ/112;;
BQ;Banque BQ;BQ/112;20240410;51200000;CompteLib_0030;;;24D24;20240410;EcritureLib_0081;20250801;0,00;47,09;C;BQ/112;;
BQ;Banque BQ;BQ/113;20240410;41100000;CompteLib_0020;CPATRICE;PATRICE EVENO ROMALLY ASSURANCES;24D27;20240410;EcritureLib_0173;20250801;0,00;1250,00;C;BQ/113;A;20250323
BQ;Banque BQ;BQ/113;20240410;51200000;CompteLib_0030;;;24D27;20240410;EcritureLib_0173;20250801;1250,00;0,00;D;BQ/113;;
BQ;Banque BQ;BQ/114;20240410;62700000;CompteLib_0047;;;24D23;20240410;EcritureLib_0174;20250801;76,12;0,00;D;BQ/114;;
BQ;Banque BQ;BQ/114;20240410;51200000;CompteLib_0030;;;24D23;20240410;EcritureLib_0174;20250801;0,00;76,12;C;BQ/114;;
BQ;Banque BQ;BQ/115;20240410;40100000;CompteLib_0018;FRENT;RENT AND DROP;24D28;20240410;EcritureLib_0175;20250801;60,00;0,00;D;BQ/115;L;20241122
BQ;Banque BQ;BQ/115;20240410;51200000;CompteLib_0030;;;24D28;20240410;EcritureLib_0175;20250801;0,00;60,00;C;BQ/115;;
BQ;Banque BQ;BQ/116;20240412;64600000;CompteLib_0050;;;24D31;20240412;EcritureLib_0176;20250801;306,00;0,00;D;BQ/116;;
BQ;Banque BQ;BQ/116;20240412;51200000;CompteLib_0030;;;24D31;20240412;EcritureLib_0176;20250801;0,00;306,00;C;BQ/116;;
BQ;Banque BQ;BQ/117;20240412;41100000;CompteLib_0020;CBEHAGUE;BEHAGUE ROMAIN;24D34;20240412;EcritureLib_0177;20250801;0,00;1200,00;C;BQ/117;;
BQ;Banque BQ;BQ/117;20240412;51200000;CompteLib_0030;;;24D34;20240412;EcritureLib_0177;20250801;1200,00;0,00;D;BQ/117;;
BQ;Banque BQ;BQ/118;20240412;41100000;CompteLib_0020;CTEDDY;TEDDY;24D32;20240412;EcritureLib_0078;20250801;0,00;1000,00;C;BQ/118;A;20250323
BQ;Banque BQ;BQ/118;20240412;51200000;CompteLib_0030;;;24D32;20240412;EcritureLib_0078;20250801;1000,00;0,00;D;BQ/118;;
BQ;Banque BQ;BQ/119;20240412;41100000;CompteLib_0020;CCARAMEL;MAISON DE QUARTIER CARAMEL;24D33;20240412;EcritureLib_0078;20250801;0,00;55,00;C;BQ/119;A;20250323
BQ;Banque BQ;BQ/119;20240412;51200000;CompteLib_0030;;;24D33;20240412;EcritureLib_0078;20250801;55,00;0,00;D;BQ/119;;
BQ;Banque BQ;BQ/120;20240413;41100000;CompteLib_0020;CLOMONACO;LOMONACO OLIVIER;24D35;20240413;EcritureLib_0178;20250801;0,00;1260,00;C;BQ/120;A;20250323
BQ;Banque BQ;BQ/120;20240413;51200000;CompteLib_0030;;;24D35;20240413;EcritureLib_0178;20250801;1260,00;0,00;D;BQ/120;;
BQ;Banque BQ;BQ/121;20240415;41100000;CompteLib_0020;CDIQUELOU;DIQUELOU GEOFFREY;24D38;20240415;EcritureLib_0112;20250801;0,00;1250,00;C;BQ/121;A;20250323
BQ;Banque BQ;BQ/121;20240415;51200000;CompteLib_0030;;;24D38;20240415;EcritureLib_0112;20250801;1250,00;0,00;D;BQ/121;;
BQ;Banque BQ;BQ/122;20240415;41100000;CompteLib_0020;CJAUDEAU;JAUDEAU XAVIER;24D37;20240415;EcritureLib_0087;20250801;0,00;1430,00;C;BQ/122;A;20250323
BQ;Banque BQ;BQ/122;20240415;51200000;CompteLib_0030;;;24D37;20240415;EcritureLib_0087;20250801;1430,00;0,00;D;BQ/122;;
BQ;Banque BQ;BQ/123;20240416;41100000;CompteLib_0020;COLT;OLT MACON;24D40;20240416;EcritureLib_0179;20250801;0,00;1430,00;C;BQ/123;A;20250323
BQ;Banque BQ;BQ/123;20240416;51200000;CompteLib_0030;;;24D40;20240416;EcritureLib_0179;20250801;1250,00;0,00;D;BQ/123;;
BQ;Banque BQ;BQ/123;20240416;51200000;CompteLib_0030;;;24D40;20240416;EcritureLib_0179;20250801;180,00;0,00;D;BQ/123;;
BQ;Banque BQ;BQ/124;20240416;41100000;CompteLib_0020;CALEXANDRE;ALEXANDRE MARCHAND;24D39;20240416;EcritureLib_0180;20250801;0,00;1400,00;C;BQ/124;A;20250323
BQ;Banque BQ;BQ/124;20240416;51200000;CompteLib_0030;;;24D39;20240416;EcritureLib_0180;20250801;1250,00;0,00;D;BQ/124;;
BQ;Banque BQ;BQ/124;20240416;51200000;CompteLib_0030;;;24D39;20240416;EcritureLib_0180;20250801;150,00;0,00;D;BQ/124;;
BQ;Banque BQ;BQ/125;20240417;41100000;CompteLib_0020;CDEALMEIDA;JESSY DE ALMEIDA;24D41;20240417;EcritureLib_0181;20250801;0,00;1250,00;C;BQ/125;A;20250323
BQ;Banque BQ;BQ/125;20240417;51200000;CompteLib_0030;;;24D41;20240417;EcritureLib_0181;20250801;1250,00;0,00;D;BQ/125;;
BQ;Banque BQ;BQ/126;20240418;62420000;CompteLib_0039;;;24D43;20240418;EcritureLib_0182;20250801;25,75;0,00;D;BQ/126;;
BQ;Banque BQ;BQ/126;20240418;51200000;CompteLib_0030;;;24D43;20240418;EcritureLib_0182;20250801;0,00;25,75;C;BQ/126;;
BQ;Banque BQ;BQ/127;20240419;40100000;CompteLib_0018;FSTC;STC;24D44;20240419;EcritureLib_0100;20250801;238,80;0,00;D;BQ/127;N;20241122
BQ;Banque BQ;BQ/127;20240419;51200000;CompteLib_0030;;;24D44;20240419;EcritureLib_0100;20250801;0,00;238,80;C;BQ/127;;
BQ;Banque BQ;BQ/128;20240420;16401000;CompteLib_0005;;;24D45;20240420;EcritureLib_0183;20250801;292,52;0,00;D;BQ/128;;
BQ;Banque BQ;BQ/128;20240420;51200000;CompteLib_0030;;;24D45;20240420;EcritureLib_0183;20250801;0,00;292,52;C;BQ/128;;
BQ;Banque BQ;BQ/128;20240420;66100000;CompteLib_0045;;;24D45;20240420;EcritureLib_0183;20250801;3,03;0,00;D;BQ/128;;
BQ;Banque BQ;BQ/128;20240420;51200000;CompteLib_0030;;;24D45;20240420;EcritureLib_0183;20250801;0,00;3,03;C;BQ/128;;
BQ;Banque BQ;BQ/128;20240420;66100000;CompteLib_0045;;;24D45;20240420;EcritureLib_0183;20250801;8,90;0,00;D;BQ/128;;
BQ;Banque BQ;BQ/128;20240420;51200000;CompteLib_0030;;;24D45;20240420;EcritureLib_0183;20250801;0,00;8,90;C;BQ/128;;
BQ;Banque BQ;BQ/129;20240420;41100000;CompteLib_0020;CKELESYS;Kelesys;24D46;20240420;EcritureLib_0078;20250801;0,00;1250,00;C;BQ/129;A;20250323
BQ;Banque BQ;BQ/129;20240420;51200000;CompteLib_0030;;;24D46;20240420;EcritureLib_0078;20250801;1250,00;0,00;D;BQ/129;;
BQ;Banque BQ;BQ/130;20240420;41100000;CompteLib_0020;CKELESYS;Kelesys;24D47;20240420;EcritureLib_0078;20250801;0,00;1430,00;C;BQ/130;A;20250323
BQ;Banque BQ;BQ/130;20240420;51200000;CompteLib_0030;;;24D47;20240420;EcritureLib_0078;20250801;1250,00;0,00;D;BQ/130;;
BQ;Banque BQ;BQ/130;20240420;51200000;CompteLib_0030;;;24D47;20240420;EcritureLib_0078;20250801;180,00;0,00;D;BQ/130;;
BQ;Banque BQ;BQ/131;20240422;40910000;CompteLib_0019;;;24D49;20240422;EcritureLib_0184;20250801;5000,00;0,00;D;BQ/131;;
BQ;Banque BQ;BQ/131;20240422;51200000;CompteLib_0030;;;24D49;20240422;EcritureLib_0184;20250801;0,00;5000,00;C;BQ/131;;
BQ;Banque BQ;BQ/132;20240422;41100000;CompteLib_0020;CSEQUEDIN;MAIRIE DE SEQUEDIN;24D48;20240422;EcritureLib_0185;20250801;0,00;154,00;C;BQ/132;A;20250323
BQ;Banque BQ;BQ/132;20240422;51200000;CompteLib_0030;;;24D48;20240422;EcritureLib_0185;20250801;154,00;0,00;D;BQ/132;;
BQ;Banque BQ;BQ/133;20240423;40100000;CompteLib_0018;FCARBURANT;CARBURANT;24D55;20240423;EcritureLib_0186;20250801;12,36;0,00;D;BQ/133;A;20250324
BQ;Banque BQ;BQ/133;20240423;51200000;CompteLib_0030;;;24D55;20240423;EcritureLib_0186;20250801;0,00;12,36;C;BQ/133;;
BQ;Banque BQ;BQ/134;20240423;41100000;CompteLib_0020;CDUPONCHEL;SEBASTIEN DUPONCHEEL;24D53;20240423;EcritureLib_0187;20250801;0,00;1450,00;C;BQ/134;A;20250323
BQ;Banque BQ;BQ/134;20240423;51200000;CompteLib_0030;;;24D53;20240423;EcritureLib_0187;20250801;1450,00;0,00;D;BQ/134;;
BQ;Banque BQ;BQ/135;20240423;41100000;CompteLib_0020;CJULES;Jules Payages;24D54;20240423;EcritureLib_0188;20250801;0,00;1500,00;C;BQ/135;A;20250323
BQ;Banque BQ;BQ/135;20240423;51200000;CompteLib_0030;;;24D54;20240423;EcritureLib_0188;20250801;1500,00;0,00;D;BQ/135;;
BQ;Banque BQ;BQ/136;20240424;40100000;CompteLib_0018;FBRICO;BRICO DEPOT;24D57;20240424;EcritureLib_0189;20250801;282,30;0,00;D;BQ/136;K;20250328
BQ;Banque BQ;BQ/136;20240424;51200000;CompteLib_0030;;;24D57;20240424;EcritureLib_0189;20250801;0,00;282,30;C;BQ/136;;
BQ;Banque BQ;BQ/137;20240424;62510000;CompteLib_0051;;;24D58;20240424;EcritureLib_0190;20250801;0,30;0,00;D;BQ/137;;
BQ;Banque BQ;BQ/137;20240424;51200000;CompteLib_0030;;;24D58;20240424;EcritureLib_0190;20250801;0,00;0,30;C;BQ/137;;
BQ;Banque BQ;BQ/138;20240424;41100000;CompteLib_0020;CBACCOUS;BACCOUS CYRIL;24D59;20240424;EcritureLib_0191;20250801;0,00;1465,00;C;BQ/138;A;20250323
BQ;Banque BQ;BQ/138;20240424;51200000;CompteLib_0030;;;24D59;20240424;EcritureLib_0191;20250801;1250,00;0,00;D;BQ/138;;
BQ;Banque BQ;BQ/138;20240424;51200000;CompteLib_0030;;;24D59;20240424;EcritureLib_0191;20250801;215,00;0,00;D;BQ/138;;
BQ;Banque BQ;BQ/139;20240424;41100000;CompteLib_0020;CBRUYERE;VINCENT BRUYRE;24D60;20240424;EcritureLib_0192;20250801;0,00;750,00;C;BQ/139;A;20250323
BQ;Banque BQ;BQ/139;20240424;51200000;CompteLib_0030;;;24D60;20240424;EcritureLib_0192;20250801;750,00;0,00;D;BQ/139;;
BQ;Banque BQ;BQ/140;20240425;40100000;CompteLib_0018;FSFR;SFR;24D62;20240425;EcritureLib_0193;20250801;28,47;0,00;D;BQ/140;B;20250220
BQ;Banque BQ;BQ/140;20240425;51200000;CompteLib_0030;;;24D62;20240425;EcritureLib_0193;20250801;0,00;28,47;C;BQ/140;;
BQ;Banque BQ;BQ/141;20240426;41100000;CompteLib_0020;CMASSON;MASSON JEREMY;24D65;20240426;EcritureLib_0194;20250801;0,00;1445,00;C;BQ/141;A;20250323
BQ;Banque BQ;BQ/141;20240426;51200000;CompteLib_0030;;;24D65;20240426;EcritureLib_0194;20250801;1250,00;0,00;D;BQ/141;;
BQ;Banque BQ;BQ/141;20240426;51200000;CompteLib_0030;;;24D65;20240426;EcritureLib_0194;20250801;195,00;0,00;D;BQ/141;;
BQ;Banque BQ;BQ/142;20240426;40100000;CompteLib_0018;FENGIE;ENGIE;24D64;20240426;EcritureLib_0195;20250801;1378,94;0,00;D;BQ/142;F;20250328
BQ;Banque BQ;BQ/142;20240426;51200000;CompteLib_0030;;;24D64;20240426;EcritureLib_0195;20250801;0,00;1378,94;C;BQ/142;;
BQ;Banque BQ;BQ/143;20240426;41100000;CompteLib_0020;CDORIAN;DORIAN NICOLETTI;24D63;20240426;EcritureLib_0093;20250801;0,00;1410,00;C;BQ/143;;
BQ;Banque BQ;BQ/143;20240426;51200000;CompteLib_0030;;;24D63;20240426;EcritureLib_0093;20250801;1250,00;0,00;D;BQ/143;;
BQ;Banque BQ;BQ/143;20240426;51200000;CompteLib_0030;;;24D63;20240426;EcritureLib_0093;20250801;160,00;0,00;D;BQ/143;;
BQ;Banque BQ;BQ/144;20240427;41100000;CompteLib_0020;CBRUYERE;VINCENT BRUYRE;24D66;20240427;EcritureLib_0196;20250801;0,00;750,00;C;BQ/144;A;20250323
BQ;Banque BQ;BQ/144;20240427;51200000;CompteLib_0030;;;24D66;20240427;EcritureLib_0196;20250801;750,00;0,00;D;BQ/144;;
BQ;Banque BQ;BQ/145;20240428;41100000;CompteLib_0020;CERIC;CLAUDE ERIC;24D67;20240428;EcritureLib_0156;20250801;0,00;1400,00;C;BQ/145;A;20250323
BQ;Banque BQ;BQ/145;20240428;51200000;CompteLib_0030;;;24D67;20240428;EcritureLib_0156;20250801;1250,00;0,00;D;BQ/145;;
BQ;Banque BQ;BQ/145;20240428;51200000;CompteLib_0030;;;24D67;20240428;EcritureLib_0156;20250801;150,00;0,00;D;BQ/145;;
BQ;Banque BQ;BQ/146;20240429;40100000;CompteLib_0018;FRENT;RENT AND DROP;24D68;20240429;EcritureLib_0197;20250801;66,00;0,00;D;BQ/146;M;20241122
BQ;Banque BQ;BQ/146;20240429;51200000;CompteLib_0030;;;24D68;20240429;EcritureLib_0197;20250801;0,00;66,00;C;BQ/146;;
BQ;Banque BQ;BQ/147;20240430;40100000;CompteLib_0018;FGEODIS;GEODIS;24D71;20240430;EcritureLib_0198;20250801;8256,59;0,00;D;BQ/147;C;20250324
BQ;Banque BQ;BQ/147;20240430;51200000;CompteLib_0030;;;24D71;20240430;EcritureLib_0198;20250801;0,00;8256,59;C;BQ/147;;
BQ;Banque BQ;BQ/148;20240430;40100000;CompteLib_0018;FGEODIS;GEODIS;24D70;20240430;EcritureLib_0134;20250801;160,69;0,00;D;BQ/148;D;20250328
BQ;Banque BQ;BQ/148;20240430;51200000;CompteLib_0030;;;24D70;20240430;EcritureLib_0134;20250801;0,00;160,69;C;BQ/148;;
BQ;Banque BQ;BQ/149;20240501;64400000;CompteLib_0049;;;24E2;20240501;EcritureLib_0157;20250801;500,00;0,00;D;BQ/149;;
BQ;Banque BQ;BQ/149;20240501;51200000;CompteLib_0030;;;24E2;20240501;EcritureLib_0157;20250801;0,00;500,00;C;BQ/149;;
BQ;Banque BQ;BQ/150;20240501;41100000;CompteLib_0020;CHUBERT;HUBERT DELORANCE SC14;24E1;20240501;EcritureLib_0177;20250801;0,00;1250,00;C;BQ/150;A;20250323
BQ;Banque BQ;BQ/150;20240501;51200000;CompteLib_0030;;;24E1;20240501;EcritureLib_0177;20250801;1250,00;0,00;D;BQ/150;;
BQ;Banque BQ;BQ/151;20240501;40100000;CompteLib_0018;FROTATIVE;LA ROTATIVE;24E3;20240501;EcritureLib_0199;20250801;750,00;0,00;D;BQ/151;C;20250328
BQ;Banque BQ;BQ/151;20240501;51200000;CompteLib_0030;;;24E3;20240501;EcritureLib_0199;20250801;0,00;750,00;C;BQ/151;;
BQ;Banque BQ;BQ/152;20240502;41100000;CompteLib_0020;CBAILLEUL;VILLE DE BAILLEUL;24E4;20240502;EcritureLib_0200;20250801;0,00;195,16;C;BQ/152;B;20250323
BQ;Banque BQ;BQ/152;20240502;51200000;CompteLib_0030;;;24E4;20240502;EcritureLib_0200;20250801;195,16;0,00;D;BQ/152;;
BQ;Banque BQ;BQ/153;20240503;41100000;CompteLib_0020;BRATS;LES PETITS BRATS ;24E9;20240503;EcritureLib_0201;20250801;0,00;838,64;C;BQ/153;C;20250323
BQ;Banque BQ;BQ/153;20240503;51200000;CompteLib_0030;;;24E9;20240503;EcritureLib_0201;20250801;613,92;0,00;D;BQ/153;;
BQ;Banque BQ;BQ/153;20240503;51200000;CompteLib_0030;;;24E9;20240503;EcritureLib_0201;20250801;224,72;0,00;D;BQ/153;;
BQ;Banque BQ;BQ/154;20240503;41100000;CompteLib_0020;ATOM;ATOM CITY ;24E8;20240503;EcritureLib_0202;20250801;0,00;2000,00;C;BQ/154;M;20250323
BQ;Banque BQ;BQ/154;20240503;51200000;CompteLib_0030;;;24E8;20240503;EcritureLib_0202;20250801;2000,00;0,00;D;BQ/154;;
BQ;Banque BQ;BQ/155;20240503;41100000;CompteLib_0020;ATOM;ATOM CITY ;24E7;20240503;EcritureLib_0203;20250801;0,00;1500,00;C;BQ/155;M;20250323
BQ;Banque BQ;BQ/155;20240503;51200000;CompteLib_0030;;;24E7;20240503;EcritureLib_0203;20250801;268,92;0,00;D;BQ/155;;
BQ;Banque BQ;BQ/155;20240503;51200000;CompteLib_0030;;;24E7;20240503;EcritureLib_0203;20250801;1231,08;0,00;D;BQ/155;;
BQ;Banque BQ;BQ/156;20240503;41100000;CompteLib_0020;CASSO;ASSOCIATION RENCONTRES ET LOISIRS;24E5;20240503;EcritureLib_0078;20250801;0,00;160,00;C;BQ/156;A;20250323
BQ;Banque BQ;BQ/156;20240503;51200000;CompteLib_0030;;;24E5;20240503;EcritureLib_0078;20250801;160,00;0,00;D;BQ/156;;
BQ;Banque BQ;BQ/157;20240503;41100000;CompteLib_0020;CDIVERS;DIVERS;24E6;20240503;EcritureLib_0078;20250801;0,00;100,00;C;BQ/157;Q;20250323
BQ;Banque BQ;BQ/157;20240503;51200000;CompteLib_0030;;;24E6;20240503;EcritureLib_0078;20250801;100,00;0,00;D;BQ/157;;
BQ;Banque BQ;BQ/158;20240504;16410000;CompteLib_0006;;;24E13;20240504;EcritureLib_0204;20250801;415,95;0,00;D;BQ/158;;
BQ;Banque BQ;BQ/158;20240504;51200000;CompteLib_0030;;;24E13;20240504;EcritureLib_0204;20250801;0,00;415,95;C;BQ/158;;
BQ;Banque BQ;BQ/158;20240504;66100000;CompteLib_0045;;;24E13;20240504;EcritureLib_0204;20250801;16,70;0,00;D;BQ/158;;
BQ;Banque BQ;BQ/158;20240504;51200000;CompteLib_0030;;;24E13;20240504;EcritureLib_0204;20250801;0,00;16,70;C;BQ/158;;
BQ;Banque BQ;BQ/159;20240507;40100000;CompteLib_0018;FRENT;RENT AND DROP;24E16;20240507;EcritureLib_0205;20250801;60,00;0,00;D;BQ/159;H;20241122
BQ;Banque BQ;BQ/159;20240507;51200000;CompteLib_0030;;;24E16;20240507;EcritureLib_0205;20250801;0,00;60,00;C;BQ/159;;
BQ;Banque BQ;BQ/160;20240508;41100000;CompteLib_0020;POUGEOISE;GAUTIER POUGEOISE;24E18;20240508;EcritureLib_0206;20250801;0,00;1480,00;C;BQ/160;A;20250323
BQ;Banque BQ;BQ/160;20240508;51200000;CompteLib_0030;;;24E18;20240508;EcritureLib_0206;20250801;1300,00;0,00;D;BQ/160;;
BQ;Banque BQ;BQ/160;20240508;51200000;CompteLib_0030;;;24E18;20240508;EcritureLib_0206;20250801;180,00;0,00;D;BQ/160;;
BQ;Banque BQ;BQ/161;20240508;44551000;CompteLib_0022;;;24E17;20240508;EcritureLib_0207;20250801;7079,00;0,00;D;BQ/161;;
BQ;Banque BQ;BQ/161;20240508;51200000;CompteLib_0030;;;24E17;20240508;EcritureLib_0207;20250801;0,00;7079,00;C;BQ/161;;
BQ;Banque BQ;BQ/162;20240510;62700000;CompteLib_0047;;;24E21;20240510;EcritureLib_0208;20250801;94,20;0,00;D;BQ/162;;
BQ;Banque BQ;BQ/162;20240510;51200000;CompteLib_0030;;;24E21;20240510;EcritureLib_0208;20250801;0,00;94,20;C;BQ/162;;
BQ;Banque BQ;BQ/163;20240510;64660000;CompteLib_0046;;;24E22;20240510;EcritureLib_0081;20250801;47,09;0,00;D;BQ/163;;
BQ;Banque BQ;BQ/163;20240510;51200000;CompteLib_0030;;;24E22;20240510;EcritureLib_0081;20250801;0,00;47,09;C;BQ/163;;
BQ;Banque BQ;BQ/164;20240513;40100000;CompteLib_0018;FALIBABA;ALIBABA;24E26;20240513;EcritureLib_0209;20250801;38,40;0,00;D;BQ/164;F;20250328
BQ;Banque BQ;BQ/164;20240513;51200000;CompteLib_0030;;;24E26;20240513;EcritureLib_0209;20250801;0,00;38,40;C;BQ/164;;
BQ;Banque BQ;BQ/165;20240513;40910000;CompteLib_0019;;;24E25;20240513;EcritureLib_0210;20250801;3000,00;0,00;D;BQ/165;;
BQ;Banque BQ;BQ/165;20240513;51200000;CompteLib_0030;;;24E25;20240513;EcritureLib_0210;20250801;0,00;3000,00;C;BQ/165;;
BQ;Banque BQ;BQ/166;20240514;41100000;CompteLib_0020;CDABE;DABE VINCENT;24E27;20240514;EcritureLib_0211;20250801;0,00;1375,00;C;BQ/166;A;20250323
BQ;Banque BQ;BQ/166;20240514;51200000;CompteLib_0030;;;24E27;20240514;EcritureLib_0211;20250801;1375,00;0,00;D;BQ/166;;
BQ;Banque BQ;BQ/167;20240516;41100000;CompteLib_0020;CTEDDY;TEDDY;24E28;20240516;EcritureLib_0078;20250801;0,00;1000,00;C;BQ/167;A;20250323
BQ;Banque BQ;BQ/167;20240516;51200000;CompteLib_0030;;;24E28;20240516;EcritureLib_0078;20250801;1000,00;0,00;D;BQ/167;;
BQ;Banque BQ;BQ/168;20240520;41100000;CompteLib_0020;CPUTOT;HUBERT PUTOT;24E30;20240520;EcritureLib_0212;20250801;0,00;890,00;C;BQ/168;A;20250323
BQ;Banque BQ;BQ/168;20240520;51200000;CompteLib_0030;;;24E30;20240520;EcritureLib_0212;20250801;700,00;0,00;D;BQ/168;;
BQ;Banque BQ;BQ/168;20240520;51200000;CompteLib_0030;;;24E30;20240520;EcritureLib_0212;20250801;190,00;0,00;D;BQ/168;;
BQ;Banque BQ;BQ/169;20240520;16401000;CompteLib_0005;;;24E31;20240520;EcritureLib_0213;20250801;292,68;0,00;D;BQ/169;;
BQ;Banque BQ;BQ/169;20240520;51200000;CompteLib_0030;;;24E31;20240520;EcritureLib_0213;20250801;0,00;292,68;C;BQ/169;;
BQ;Banque BQ;BQ/169;20240520;66100000;CompteLib_0045;;;24E31;20240520;EcritureLib_0213;20250801;2,87;0,00;D;BQ/169;;
BQ;Banque BQ;BQ/169;20240520;51200000;CompteLib_0030;;;24E31;20240520;EcritureLib_0213;20250801;0,00;2,87;C;BQ/169;;
BQ;Banque BQ;BQ/169;20240520;66100000;CompteLib_0045;;;24E31;20240520;EcritureLib_0213;20250801;8,90;0,00;D;BQ/169;;
BQ;Banque BQ;BQ/169;20240520;51200000;CompteLib_0030;;;24E31;20240520;EcritureLib_0213;20250801;0,00;8,90;C;BQ/169;;
BQ;Banque BQ;BQ/170;20240522;40100000;CompteLib_0018;FRENT;RENT AND DROP;24E33;20240522;EcritureLib_0214;20250801;264,00;0,00;D;BQ/170;N;20241122
BQ;Banque BQ;BQ/170;20240522;51200000;CompteLib_0030;;;24E33;20240522;EcritureLib_0214;20250801;0,00;264,00;C;BQ/170;;
BQ;Banque BQ;BQ/171;20240523;40100000;CompteLib_0018;FSTC;STC;24E34;20240523;EcritureLib_0100;20250801;238,80;0,00;D;BQ/171;H;20240921
BQ;Banque BQ;BQ/171;20240523;51200000;CompteLib_0030;;;24E34;20240523;EcritureLib_0100;20250801;0,00;238,80;C;BQ/171;;
BQ;Banque BQ;BQ/172;20240526;41100000;CompteLib_0020;CLOMONACO;LOMONACO OLIVIER;24E36;20240526;EcritureLib_0178;20250801;0,00;1260,00;C;BQ/172;B;20250323
BQ;Banque BQ;BQ/172;20240526;51200000;CompteLib_0030;;;24E36;20240526;EcritureLib_0178;20250801;1260,00;0,00;D;BQ/172;;
BQ;Banque BQ;BQ/173;20240527;40100000;CompteLib_0018;FSFR;SFR;24E39;20240527;EcritureLib_0193;20250801;28,47;0,00;D;BQ/173;C;20250220
BQ;Banque BQ;BQ/173;20240527;51200000;CompteLib_0030;;;24E39;20240527;EcritureLib_0193;20250801;0,00;28,47;C;BQ/173;;
BQ;Banque BQ;BQ/174;20240527;40100000;CompteLib_0018;FENGIE;ENGIE;24E38;20240527;EcritureLib_0215;20250801;641,21;0,00;D;BQ/174;G;20250328
BQ;Banque BQ;BQ/174;20240527;51200000;CompteLib_0030;;;24E38;20240527;EcritureLib_0215;20250801;0,00;641,21;C;BQ/174;;
BQ;Banque BQ;BQ/175;20240530;40100000;CompteLib_0018;FGEODIS;GEODIS;24E40;20240530;EcritureLib_0134;20250801;433,80;0,00;D;BQ/175;C;20250324
BQ;Banque BQ;BQ/175;20240530;51200000;CompteLib_0030;;;24E40;20240530;EcritureLib_0134;20250801;0,00;433,80;C;BQ/175;;
BQ;Banque BQ;BQ/176;20240531;60700000;CompteLib_0043;;;24E45;20240531;EcritureLib_0216;20250801;6300,00;0,00;D;BQ/176;;
BQ;Banque BQ;BQ/176;20240531;51200000;CompteLib_0030;;;24E45;20240531;EcritureLib_0216;20250801;0,00;6300,00;C;BQ/176;;
BQ;Banque BQ;BQ/177;20240531;40100000;CompteLib_0018;FMETRO;METRO;24E47;20240531;EcritureLib_0217;20250801;146,29;0,00;D;BQ/177;N;20250328
BQ;Banque BQ;BQ/177;20240531;51200000;CompteLib_0030;;;24E47;20240531;EcritureLib_0217;20250801;0,00;146,29;C;BQ/177;;
BQ;Banque BQ;BQ/177;20240531;40100000;CompteLib_0018;FMETRO;METRO;24E47;20240531;EcritureLib_0217;20250801;348,02;0,00;D;BQ/177;N;20250328
BQ;Banque BQ;BQ/177;20240531;51200000;CompteLib_0030;;;24E47;20240531;EcritureLib_0217;20250801;0,00;348,02;C;BQ/177;;
BQ;Banque BQ;BQ/178;20240531;40100000;CompteLib_0018;FBRICO;BRICO DEPOT;24E46;20240531;EcritureLib_0218;20250801;282,20;0,00;D;BQ/178;K;20250328
BQ;Banque BQ;BQ/178;20240531;51200000;CompteLib_0030;;;24E46;20240531;EcritureLib_0218;20250801;0,00;282,20;C;BQ/178;;
BQ;Banque BQ;BQ/179;20240602;41100000;CompteLib_0020;CVIELLA;CHARLOTTE VIELLA;24F1;20240602;EcritureLib_0155;20250801;0,00;400,00;C;BQ/179;A;20250323
BQ;Banque BQ;BQ/179;20240602;51200000;CompteLib_0030;;;24F1;20240602;EcritureLib_0155;20250801;400,00;0,00;D;BQ/179;;
BQ;Banque BQ;BQ/180;20240604;41100000;CompteLib_0020;CSICOT;JEAN-CHRISTOPHE SICOT;24F2;20240604;EcritureLib_0158;20250801;0,00;1200,00;C;BQ/180;B;20250323
BQ;Banque BQ;BQ/180;20240604;51200000;CompteLib_0030;;;24F2;20240604;EcritureLib_0158;20250801;1200,00;0,00;D;BQ/180;;
BQ;Banque BQ;BQ/181;20240604;41100000;CompteLib_0020;CSICOT;JEAN-CHRISTOPHE SICOT;24F3;20240604;EcritureLib_0158;20250801;0,00;608,10;C;BQ/181;B;20250323
BQ;Banque BQ;BQ/181;20240604;51200000;CompteLib_0030;;;24F3;20240604;EcritureLib_0158;20250801;608,10;0,00;D;BQ/181;;
BQ;Banque BQ;BQ/182;20240605;41100000;CompteLib_0020;CDIQUELOU;DIQUELOU GEOFFREY;24F5;20240605;EcritureLib_0219;20250801;0,00;335,00;C;BQ/182;A;20250323
BQ;Banque BQ;BQ/182;20240605;51200000;CompteLib_0030;;;24F5;20240605;EcritureLib_0219;20250801;335,00;0,00;D;BQ/182;;
BQ;Banque BQ;BQ/183;20240606;16410000;CompteLib_0006;;;24F9;20240606;EcritureLib_0220;20250801;417,21;0,00;D;BQ/183;;
BQ;Banque BQ;BQ/183;20240606;51200000;CompteLib_0030;;;24F9;20240606;EcritureLib_0220;20250801;0,00;417,21;C;BQ/183;;
BQ;Banque BQ;BQ/183;20240606;66100000;CompteLib_0045;;;24F9;20240606;EcritureLib_0220;20250801;15,44;0,00;D;BQ/183;;
BQ;Banque BQ;BQ/183;20240606;51200000;CompteLib_0030;;;24F9;20240606;EcritureLib_0220;20250801;0,00;15,44;C;BQ/183;;
BQ;Banque BQ;BQ/184;20240607;41100000;CompteLib_0020;CRANI;KADDOUR RANI;24F10;20240607;EcritureLib_0221;20250801;0,00;800,00;C;BQ/184;A;20250323
BQ;Banque BQ;BQ/184;20240607;51200000;CompteLib_0030;;;24F10;20240607;EcritureLib_0221;20250801;800,00;0,00;D;BQ/184;;
BQ;Banque BQ;BQ/185;20240608;64400000;CompteLib_0049;;;24F16;20240608;EcritureLib_0157;20250801;500,00;0,00;D;BQ/185;;
BQ;Banque BQ;BQ/185;20240608;51200000;CompteLib_0030;;;24F16;20240608;EcritureLib_0157;20250801;0,00;500,00;C;BQ/185;;
BQ;Banque BQ;BQ/186;20240608;41100000;CompteLib_0020;ATOM;ATOM CITY ;24F15;20240608;EcritureLib_0222;20250801;0,00;1000,00;C;BQ/186;N;20250323
BQ;Banque BQ;BQ/186;20240608;51200000;CompteLib_0030;;;24F15;20240608;EcritureLib_0222;20250801;1000,00;0,00;D;BQ/186;;
BQ;Banque BQ;BQ/187;20240610;64660000;CompteLib_0046;;;24F19;20240610;EcritureLib_0081;20250801;47,09;0,00;D;BQ/187;;
BQ;Banque BQ;BQ/187;20240610;51200000;CompteLib_0030;;;24F19;20240610;EcritureLib_0081;20250801;0,00;47,09;C;BQ/187;;
BQ;Banque BQ;BQ/188;20240610;40100000;CompteLib_0018;FALIBABA;ALIBABA;24F21;20240610;EcritureLib_0223;20250801;104,60;0,00;D;BQ/188;H;20250328
BQ;Banque BQ;BQ/188;20240610;51200000;CompteLib_0030;;;24F21;20240610;EcritureLib_0223;20250801;0,00;104,60;C;BQ/188;;
BQ;Banque BQ;BQ/189;20240610;40910000;CompteLib_0019;;;24F20;20240610;EcritureLib_0224;20250801;3000,00;0,00;D;BQ/189;;
BQ;Banque BQ;BQ/189;20240610;51200000;CompteLib_0030;;;24F20;20240610;EcritureLib_0224;20250801;0,00;3000,00;C;BQ/189;;
BQ;Banque BQ;BQ/190;20240610;62700000;CompteLib_0047;;;24F18;20240610;EcritureLib_0225;20250801;175,70;0,00;D;BQ/190;;
BQ;Banque BQ;BQ/190;20240610;51200000;CompteLib_0030;;;24F18;20240610;EcritureLib_0225;20250801;0,00;175,70;C;BQ/190;;
BQ;Banque BQ;BQ/191;20240611;60614000;CompteLib_0041;;;24F24;20240611;EcritureLib_0226;20250801;32,80;0,00;D;BQ/191;;
BQ;Banque BQ;BQ/191;20240611;51200000;CompteLib_0030;;;24F24;20240611;EcritureLib_0226;20250801;0,00;32,80;C;BQ/191;;
BQ;Banque BQ;BQ/192;20240613;60630000;CompteLib_0036;;;24F27;20240613;EcritureLib_0227;20250801;8,86;0,00;D;BQ/192;;
BQ;Banque BQ;BQ/192;20240613;44566100;CompteLib_0034;;;24F27;20240613;EcritureLib_0227;20250801;1,77;0,00;D;BQ/192;;
BQ;Banque BQ;BQ/192;20240613;51200000;CompteLib_0030;;;24F27;20240613;EcritureLib_0227;20250801;0,00;10,63;C;BQ/192;;
BQ;Banque BQ;BQ/193;20240613;62700000;CompteLib_0047;;;24F26;20240613;EcritureLib_0228;20250801;0,64;0,00;D;BQ/193;;
BQ;Banque BQ;BQ/193;20240613;51200000;CompteLib_0030;;;24F26;20240613;EcritureLib_0228;20250801;0,00;0,64;C;BQ/193;;
BQ;Banque BQ;BQ/194;20240613;40100000;CompteLib_0018;FRAJA;RAJA;24F28;20240613;EcritureLib_0229;20250801;358,86;0,00;D;BQ/194;B;20250328
BQ;Banque BQ;BQ/194;20240613;51200000;CompteLib_0030;;;24F28;20240613;EcritureLib_0229;20250801;0,00;358,86;C;BQ/194;;
BQ;Banque BQ;BQ/195;20240617;40100000;CompteLib_0018;FCARBURANT;CARBURANT;24F31;20240617;EcritureLib_0230;20250801;25,27;0,00;D;BQ/195;A;20250324
BQ;Banque BQ;BQ/195;20240617;51200000;CompteLib_0030;;;24F31;20240617;EcritureLib_0230;20250801;0,00;25,27;C;BQ/195;;
BQ;Banque BQ;BQ/196;20240618;41100000;CompteLib_0020;CDEBOURGE;DEBOURGE JOHN;24F34;20240618;EcritureLib_0231;20250801;0,00;1954,00;C;BQ/196;A;20250323
BQ;Banque BQ;BQ/196;20240618;51200000;CompteLib_0030;;;24F34;20240618;EcritureLib_0231;20250801;1750,00;0,00;D;BQ/196;;
BQ;Banque BQ;BQ/196;20240618;51200000;CompteLib_0030;;;24F34;20240618;EcritureLib_0231;20250801;204,00;0,00;D;BQ/196;;
BQ;Banque BQ;BQ/197;20240619;62700000;CompteLib_0047;;;24F37;20240619;EcritureLib_0232;20250801;1,09;0,00;D;BQ/197;;
BQ;Banque BQ;BQ/197;20240619;51200000;CompteLib_0030;;;24F37;20240619;EcritureLib_0232;20250801;0,00;1,09;C;BQ/197;;
BQ;Banque BQ;BQ/198;20240619;60630000;CompteLib_0036;;;24F36;20240619;EcritureLib_0233;20250801;26,22;0,00;D;BQ/198;;
BQ;Banque BQ;BQ/198;20240619;51200000;CompteLib_0030;;;24F36;20240619;EcritureLib_0233;20250801;0,00;26,22;C;BQ/198;;
BQ;Banque BQ;BQ/199;20240619;60630000;CompteLib_0036;;;24F35;20240619;EcritureLib_0234;20250801;67,29;0,00;D;BQ/199;;
BQ;Banque BQ;BQ/199;20240619;51200000;CompteLib_0030;;;24F35;20240619;EcritureLib_0234;20250801;0,00;67,29;C;BQ/199;;
BQ;Banque BQ;BQ/200;20240620;16401000;CompteLib_0005;;;24F44;20240620;EcritureLib_0235;20250801;292,84;0,00;D;BQ/200;;
BQ;Banque BQ;BQ/200;20240620;51200000;CompteLib_0030;;;24F44;20240620;EcritureLib_0235;20250801;0,00;292,84;C;BQ/200;;
BQ;Banque BQ;BQ/200;20240620;66100000;CompteLib_0045;;;24F44;20240620;EcritureLib_0235;20250801;2,71;0,00;D;BQ/200;;
BQ;Banque BQ;BQ/200;20240620;51200000;CompteLib_0030;;;24F44;20240620;EcritureLib_0235;20250801;0,00;2,71;C;BQ/200;;
BQ;Banque BQ;BQ/200;20240620;66100000;CompteLib_0045;;;24F44;20240620;EcritureLib_0235;20250801;8,90;0,00;D;BQ/200;;
BQ;Banque BQ;BQ/200;20240620;51200000;CompteLib_0030;;;24F44;20240620;EcritureLib_0235;20250801;0,00;8,90;C;BQ/200;;
BQ;Banque BQ;BQ/201;20240620;40100000;CompteLib_0018;FRENT;RENT AND DROP;24F43;20240620;EcritureLib_0236;20250801;134,40;0,00;D;BQ/201;S;20250328
BQ;Banque BQ;BQ/201;20240620;51200000;CompteLib_0030;;;24F43;20240620;EcritureLib_0236;20250801;0,00;134,40;C;BQ/201;;
BQ;Banque BQ;BQ/202;20240625;40100000;CompteLib_0018;FSFR;SFR;24F48;20240625;EcritureLib_0237;20250801;28,47;0,00;D;BQ/202;D;20250220
BQ;Banque BQ;BQ/202;20240625;51200000;CompteLib_0030;;;24F48;20240625;EcritureLib_0237;20250801;0,00;28,47;C;BQ/202;;
BQ;Banque BQ;BQ/203;20240625;40100000;CompteLib_0018;FRENT;RENT AND DROP;24F50;20240625;EcritureLib_0238;20250801;67,20;0,00;D;BQ/203;O;20241122
BQ;Banque BQ;BQ/203;20240625;51200000;CompteLib_0030;;;24F50;20240625;EcritureLib_0238;20250801;0,00;67,20;C;BQ/203;;
BQ;Banque BQ;BQ/204;20240625;40100000;CompteLib_0018;FENGIE;ENGIE;24F46;20240625;EcritureLib_0239;20250801;527,04;0,00;D;BQ/204;H;20250328
BQ;Banque BQ;BQ/204;20240625;51200000;CompteLib_0030;;;24F46;20240625;EcritureLib_0239;20250801;0,00;527,04;C;BQ/204;;
BQ;Banque BQ;BQ/205;20240625;41100000;CompteLib_0020;CKOREKUTA;KOREKUTA NO HAKINOWA;24F49;20240625;EcritureLib_0240;20250801;0,00;1300,00;C;BQ/205;A;20250323
BQ;Banque BQ;BQ/205;20240625;51200000;CompteLib_0030;;;24F49;20240625;EcritureLib_0240;20250801;1300,00;0,00;D;BQ/205;;
BQ;Banque BQ;BQ/206;20240625;40100000;CompteLib_0018;FSTC;STC;24F47;20240625;EcritureLib_0100;20250801;238,80;0,00;D;BQ/206;I;20240921
BQ;Banque BQ;BQ/206;20240625;51200000;CompteLib_0030;;;24F47;20240625;EcritureLib_0100;20250801;0,00;238,80;C;BQ/206;;
BQ;Banque BQ;BQ/207;20240626;40910000;CompteLib_0019;;;24F52;20240626;EcritureLib_0241;20250801;3000,00;0,00;D;BQ/207;;
BQ;Banque BQ;BQ/207;20240626;51200000;CompteLib_0030;;;24F52;20240626;EcritureLib_0241;20250801;0,00;3000,00;C;BQ/207;;
BQ;Banque BQ;BQ/208;20240626;41100000;CompteLib_0020;CZERAOUI;CLMENT ZERAOUI;24F51;20240626;EcritureLib_0078;20250801;0,00;1200,00;C;BQ/208;A;20250323
BQ;Banque BQ;BQ/208;20240626;51200000;CompteLib_0030;;;24F51;20240626;EcritureLib_0078;20250801;1200,00;0,00;D;BQ/208;;
BQ;Banque BQ;BQ/209;20240626;62420000;CompteLib_0039;;;24F53;20240626;EcritureLib_0242;20250801;12,80;0,00;D;BQ/209;;
BQ;Banque BQ;BQ/209;20240626;51200000;CompteLib_0030;;;24F53;20240626;EcritureLib_0242;20250801;0,00;12,80;C;BQ/209;;
BQ;Banque BQ;BQ/210;20240627;41100000;CompteLib_0020;CANNOEULLIN;ANNOEULLIN;24F54;20240627;EcritureLib_0243;20250801;0,00;182,00;C;BQ/210;A;20250323
BQ;Banque BQ;BQ/210;20240627;51200000;CompteLib_0030;;;24F54;20240627;EcritureLib_0243;20250801;182,00;0,00;D;BQ/210;;
BQ;Banque BQ;BQ/211;20240628;41100000;CompteLib_0020;CLYS; ESPACE SOCIOCULTUREL DE LA LYS;24F57;20240628;EcritureLib_0244;20250801;0,00;110,00;C;BQ/211;A;20250323
BQ;Banque BQ;BQ/211;20240628;51200000;CompteLib_0030;;;24F57;20240628;EcritureLib_0244;20250801;110,00;0,00;D;BQ/211;;
BQ;Banque BQ;BQ/212;20240628;41100000;CompteLib_0020;CHOYMILLE;CENTRE DE LOISIRS DE HOYMILLE;24F55;20240628;EcritureLib_0245;20250801;0,00;161,00;C;BQ/212;A;20250323
BQ;Banque BQ;BQ/212;20240628;51200000;CompteLib_0030;;;24F55;20240628;EcritureLib_0245;20250801;161,00;0,00;D;BQ/212;;
BQ;Banque BQ;BQ/213;20240628;41100000;CompteLib_0020;COLIVIER;FEUILLAS MARC OLIVIER;24F56;20240628;EcritureLib_0246;20250801;0,00;1460,00;C;BQ/213;A;20250323
BQ;Banque BQ;BQ/213;20240628;51200000;CompteLib_0030;;;24F56;20240628;EcritureLib_0246;20250801;1200,00;0,00;D;BQ/213;;
BQ;Banque BQ;BQ/213;20240628;51200000;CompteLib_0030;;;24F56;20240628;EcritureLib_0246;20250801;260,00;0,00;D;BQ/213;;
BQ;Banque BQ;BQ/214;20240701;40100000;CompteLib_0018;FGEODIS;GEODIS;24G1;20240701;EcritureLib_0134;20250801;812,95;0,00;D;BQ/214;C;20250324
BQ;Banque BQ;BQ/214;20240701;51200000;CompteLib_0030;;;24G1;20240701;EcritureLib_0134;20250801;0,00;812,95;C;BQ/214;;
BQ;Banque BQ;BQ/215;20240701;41100000;CompteLib_0020;CCOURCELLES;COURCESLLES-LES-LENS;24G2;20240701;EcritureLib_0247;20250801;0,00;224,00;C;BQ/215;A;20250323
BQ;Banque BQ;BQ/215;20240701;51200000;CompteLib_0030;;;24G2;20240701;EcritureLib_0247;20250801;224,00;0,00;D;BQ/215;;
BQ;Banque BQ;BQ/216;20240702;60614000;CompteLib_0041;;;24G3;20240702;EcritureLib_0248;20250801;8,49;0,00;D;BQ/216;;
BQ;Banque BQ;BQ/216;20240702;51200000;CompteLib_0030;;;24G3;20240702;EcritureLib_0248;20250801;0,00;8,49;C;BQ/216;;
BQ;Banque BQ;BQ/217;20240702;61353000;CompteLib_0052;;;24G4;20240702;EcritureLib_0249;20250801;46,74;0,00;D;BQ/217;;
BQ;Banque BQ;BQ/217;20240702;51200000;CompteLib_0030;;;24G4;20240702;EcritureLib_0249;20250801;0,00;46,74;C;BQ/217;;
BQ;Banque BQ;BQ/218;20240704;41100000;CompteLib_0020;CLAN;LAN;24G7;20240704;EcritureLib_0250;20250801;0,00;550,00;C;BQ/218;A;20250323
BQ;Banque BQ;BQ/218;20240704;51200000;CompteLib_0030;;;24G7;20240704;EcritureLib_0250;20250801;550,00;0,00;D;BQ/218;;
BQ;Banque BQ;BQ/219;20240704;64400000;CompteLib_0049;;;24G6;20240704;EcritureLib_0157;20250801;500,00;0,00;D;BQ/219;;
BQ;Banque BQ;BQ/219;20240704;51200000;CompteLib_0030;;;24G6;20240704;EcritureLib_0157;20250801;0,00;500,00;C;BQ/219;;
BQ;Banque BQ;BQ/220;20240705;62420000;CompteLib_0039;;;24G9;20240705;EcritureLib_0251;20250801;0,00;450,67;C;BQ/220;;
BQ;Banque BQ;BQ/220;20240705;51200000;CompteLib_0030;;;24G9;20240705;EcritureLib_0251;20250801;450,67;0,00;D;BQ/220;;
BQ;Banque BQ;BQ/221;20240705;41100000;CompteLib_0020;CESQUINGHEM;ESQUINGHEM-LYS;24G8;20240705;EcritureLib_0252;20250801;0,00;217,00;C;BQ/221;A;20250323
BQ;Banque BQ;BQ/221;20240705;51200000;CompteLib_0030;;;24G8;20240705;EcritureLib_0252;20250801;217,00;0,00;D;BQ/221;;
BQ;Banque BQ;BQ/222;20240706;16410000;CompteLib_0006;;;24G12;20240706;EcritureLib_0253;20250801;418,47;0,00;D;BQ/222;;
BQ;Banque BQ;BQ/222;20240706;51200000;CompteLib_0030;;;24G12;20240706;EcritureLib_0253;20250801;0,00;418,47;C;BQ/222;;
BQ;Banque BQ;BQ/222;20240706;66100000;CompteLib_0045;;;24G12;20240706;EcritureLib_0253;20250801;14,18;0,00;D;BQ/222;;
BQ;Banque BQ;BQ/222;20240706;51200000;CompteLib_0030;;;24G12;20240706;EcritureLib_0253;20250801;0,00;14,18;C;BQ/222;;
BQ;Banque BQ;BQ/223;20240708;41100000;CompteLib_0020;CAFERTES;AFERTES;24G14;20240708;EcritureLib_0254;20250801;0,00;1000,00;C;BQ/223;A;20250323
BQ;Banque BQ;BQ/223;20240708;51200000;CompteLib_0030;;;24G14;20240708;EcritureLib_0254;20250801;1000,00;0,00;D;BQ/223;;
BQ;Banque BQ;BQ/224;20240710;64660000;CompteLib_0046;;;24G18;20240710;EcritureLib_0081;20250801;47,09;0,00;D;BQ/224;;
BQ;Banque BQ;BQ/224;20240710;51200000;CompteLib_0030;;;24G18;20240710;EcritureLib_0081;20250801;0,00;47,09;C;BQ/224;;
BQ;Banque BQ;BQ/225;20240710;41100000;CompteLib_0020;CBERISHA;BERISHA OLIVIER;24G19;20240710;EcritureLib_0255;20250801;0,00;1200,00;C;BQ/225;A;20250323
BQ;Banque BQ;BQ/225;20240710;51200000;CompteLib_0030;;;24G19;20240710;EcritureLib_0255;20250801;1200,00;0,00;D;BQ/225;;
BQ;Banque BQ;BQ/226;20240710;62700000;CompteLib_0047;;;24G17;20240710;EcritureLib_0256;20250801;110,70;0,00;D;BQ/226;;
BQ;Banque BQ;BQ/226;20240710;51200000;CompteLib_0030;;;24G17;20240710;EcritureLib_0256;20250801;0,00;110,70;C;BQ/226;;
BQ;Banque BQ;BQ/227;20240711;41100000;CompteLib_0020;CRANI;KADDOUR RANI;24G20;20240711;EcritureLib_0078;20250801;0,00;800,00;C;BQ/227;A;20250323
BQ;Banque BQ;BQ/227;20240711;51200000;CompteLib_0030;;;24G20;20240711;EcritureLib_0078;20250801;800,00;0,00;D;BQ/227;;
BQ;Banque BQ;BQ/228;20240711;41100000;CompteLib_0020;ATOM;ATOM CITY ;24G22;20240711;EcritureLib_0257;20250801;0,00;1000,00;C;BQ/228;O;20250323
BQ;Banque BQ;BQ/228;20240711;51200000;CompteLib_0030;;;24G22;20240711;EcritureLib_0257;20250801;1000,00;0,00;D;BQ/228;;
BQ;Banque BQ;BQ/229;20240711;41100000;CompteLib_0020;CRANI;KADDOUR RANI;24G21;20240711;EcritureLib_0078;20250801;0,00;800,00;C;BQ/229;A;20250323
BQ;Banque BQ;BQ/229;20240711;51200000;CompteLib_0030;;;24G21;20240711;EcritureLib_0078;20250801;800,00;0,00;D;BQ/229;;
BQ;Banque BQ;BQ/230;20240714;41100000;CompteLib_0020;CWAM;WAM;24G31;20240714;EcritureLib_0078;20250801;0,00;140,00;C;BQ/230;A;20250323
BQ;Banque BQ;BQ/230;20240714;51200000;CompteLib_0030;;;24G31;20240714;EcritureLib_0078;20250801;140,00;0,00;D;BQ/230;;
BQ;Banque BQ;BQ/231;20240714;41100000;CompteLib_0020;CFLERS;CENTRE SOCIAL FLERS SART;24G30;20240714;EcritureLib_0078;20250801;0,00;160,00;C;BQ/231;A;20250323
BQ;Banque BQ;BQ/231;20240714;51200000;CompteLib_0030;;;24G30;20240714;EcritureLib_0078;20250801;160,00;0,00;D;BQ/231;;
BQ;Banque BQ;BQ/232;20240714;41100000;CompteLib_0020;CROITELET;ESAT DU ROITELET;24G32;20240714;EcritureLib_0177;20250801;0,00;413,00;C;BQ/232;A;20250323
BQ;Banque BQ;BQ/232;20240714;51200000;CompteLib_0030;;;24G32;20240714;EcritureLib_0177;20250801;413,00;0,00;D;BQ/232;;
BQ;Banque BQ;BQ/233;20240716;40100000;CompteLib_0018;FRENT;RENT AND DROP;24G36;20240716;EcritureLib_0258;20250801;67,20;0,00;D;BQ/233;J;20241122
BQ;Banque BQ;BQ/233;20240716;51200000;CompteLib_0030;;;24G36;20240716;EcritureLib_0258;20250801;0,00;67,20;C;BQ/233;;
BQ;Banque BQ;BQ/234;20240716;41100000;CompteLib_0020;CEPSILON;EPSILON;24G35;20240716;EcritureLib_0259;20250801;0,00;1000,00;C;BQ/234;A;20250323
BQ;Banque BQ;BQ/234;20240716;51200000;CompteLib_0030;;;24G35;20240716;EcritureLib_0259;20250801;1000,00;0,00;D;BQ/234;;
BQ;Banque BQ;BQ/235;20240718;40100000;CompteLib_0018;FBRICO;BRICO DEPOT;24G39;20240718;EcritureLib_0260;20250801;143,64;0,00;D;BQ/235;K;20250328
BQ;Banque BQ;BQ/235;20240718;51200000;CompteLib_0030;;;24G39;20240718;EcritureLib_0260;20250801;0,00;143,64;C;BQ/235;;
BQ;Banque BQ;BQ/236;20240719;40100000;CompteLib_0018;FMETRO;METRO;24G41;20240719;EcritureLib_0261;20250801;415,91;0,00;D;BQ/236;O;20250328
BQ;Banque BQ;BQ/236;20240719;51200000;CompteLib_0030;;;24G41;20240719;EcritureLib_0261;20250801;0,00;415,91;C;BQ/236;;
BQ;Banque BQ;BQ/236;20240719;40100000;CompteLib_0018;FMETRO;METRO;24G41;20240719;EcritureLib_0261;20250801;233,21;0,00;D;BQ/236;O;20250328
BQ;Banque BQ;BQ/236;20240719;51200000;CompteLib_0030;;;24G41;20240719;EcritureLib_0261;20250801;0,00;233,21;C;BQ/236;;
BQ;Banque BQ;BQ/237;20240720;16401000;CompteLib_0005;;;24G42;20240720;EcritureLib_0262;20250801;293,00;0,00;D;BQ/237;;
BQ;Banque BQ;BQ/237;20240720;51200000;CompteLib_0030;;;24G42;20240720;EcritureLib_0262;20250801;0,00;293,00;C;BQ/237;;
BQ;Banque BQ;BQ/237;20240720;66100000;CompteLib_0045;;;24G42;20240720;EcritureLib_0262;20250801;2,55;0,00;D;BQ/237;;
BQ;Banque BQ;BQ/237;20240720;51200000;CompteLib_0030;;;24G42;20240720;EcritureLib_0262;20250801;0,00;2,55;C;BQ/237;;
BQ;Banque BQ;BQ/237;20240720;66100000;CompteLib_0045;;;24G42;20240720;EcritureLib_0262;20250801;8,90;0,00;D;BQ/237;;
BQ;Banque BQ;BQ/237;20240720;51200000;CompteLib_0030;;;24G42;20240720;EcritureLib_0262;20250801;0,00;8,90;C;BQ/237;;
BQ;Banque BQ;BQ/238;20240724;41100000;CompteLib_0020;CMARTIN;GAETAN MARTIN;24G47;20240724;EcritureLib_0263;20250801;0,00;1350,00;C;BQ/238;A;20250323
BQ;Banque BQ;BQ/238;20240724;51200000;CompteLib_0030;;;24G47;20240724;EcritureLib_0263;20250801;1200,00;0,00;D;BQ/238;;
BQ;Banque BQ;BQ/238;20240724;51200000;CompteLib_0030;;;24G47;20240724;EcritureLib_0263;20250801;150,00;0,00;D;BQ/238;;
BQ;Banque BQ;BQ/239;20240724;41100000;CompteLib_0020;CQUENTIN;QUENTIN;24G46;20240724;EcritureLib_0078;20250801;0,00;1200,00;C;BQ/239;A;20250323
BQ;Banque BQ;BQ/239;20240724;51200000;CompteLib_0030;;;24G46;20240724;EcritureLib_0078;20250801;1200,00;0,00;D;BQ/239;;
BQ;Banque BQ;BQ/240;20240725;41100000;CompteLib_0020;CJAUDEAU;JAUDEAU XAVIER;24G54;20240725;EcritureLib_0264;20250801;1930,00;0,00;D;BQ/240;A;20250323
BQ;Banque BQ;BQ/240;20240725;51200000;CompteLib_0030;;;24G54;20240725;EcritureLib_0264;20250801;0,00;1930,00;C;BQ/240;;
BQ;Banque BQ;BQ/241;20240725;41100000;CompteLib_0020;CGLEVENTS;GL EVENTS;24G51;20240725;EcritureLib_0265;20250801;0,00;1500,00;C;BQ/241;A;20250323
BQ;Banque BQ;BQ/241;20240725;51200000;CompteLib_0030;;;24G51;20240725;EcritureLib_0265;20250801;1500,00;0,00;D;BQ/241;;
BQ;Banque BQ;BQ/242;20240725;41100000;CompteLib_0020;CCASSEL;MAIRE DE CASSEL;24G52;20240725;EcritureLib_0266;20250801;0,00;105,00;C;BQ/242;A;20250323
BQ;Banque BQ;BQ/242;20240725;51200000;CompteLib_0030;;;24G52;20240725;EcritureLib_0266;20250801;105,00;0,00;D;BQ/242;;
BQ;Banque BQ;BQ/243;20240725;40100000;CompteLib_0018;FSFR;SFR;24G53;20240725;EcritureLib_0267;20250801;28,47;0,00;D;BQ/243;E;20250220
BQ;Banque BQ;BQ/243;20240725;51200000;CompteLib_0030;;;24G53;20240725;EcritureLib_0267;20250801;0,00;28,47;C;BQ/243;;
BQ;Banque BQ;BQ/244;20240726;40100000;CompteLib_0018;FSTC;STC;24G55;20240726;EcritureLib_0100;20250801;238,80;0,00;D;BQ/244;F;20240730
BQ;Banque BQ;BQ/244;20240726;51200000;CompteLib_0030;;;24G55;20240726;EcritureLib_0100;20250801;0,00;238,80;C;BQ/244;;
BQ;Banque BQ;BQ/245;20240726;51200000;CompteLib_0030;;;24G56;20240726;EcritureLib_0268;20250801;1200,00;0,00;D;BQ/245;;
BQ;Banque BQ;BQ/245;20240726;41100000;CompteLib_0020;CRENARD;RENARD YOANN (LEBONCOIN);24G56;20240726;EcritureLib_0268;20250801;0,00;1325,00;C;BQ/245;A;20250323
BQ;Banque BQ;BQ/245;20240726;51200000;CompteLib_0030;;;24G56;20240726;EcritureLib_0268;20250801;125,00;0,00;D;BQ/245;;
BQ;Banque BQ;BQ/246;20240726;41100000;CompteLib_0020;CMENARD;MENARD JIMMY (LEBONCOIN);24G57;20240726;EcritureLib_0269;20250801;0,00;1925,00;C;BQ/246;A;20250323
BQ;Banque BQ;BQ/246;20240726;51200000;CompteLib_0030;;;24G57;20240726;EcritureLib_0269;20250801;1750,00;0,00;D;BQ/246;;
BQ;Banque BQ;BQ/246;20240726;51200000;CompteLib_0030;;;24G57;20240726;EcritureLib_0269;20250801;175,00;0,00;D;BQ/246;;
BQ;Banque BQ;BQ/247;20240729;40100000;CompteLib_0018;FENGIE;ENGIE;24G61;20240729;EcritureLib_0270;20250801;557,23;0,00;D;BQ/247;I;20250328
BQ;Banque BQ;BQ/247;20240729;51200000;CompteLib_0030;;;24G61;20240729;EcritureLib_0270;20250801;0,00;557,23;C;BQ/247;;
BQ;Banque BQ;BQ/248;20240730;40100000;CompteLib_0018;FGEODIS;GEODIS;24G62;20240730;EcritureLib_0134;20250801;923,50;0,00;D;BQ/248;C;20250324
BQ;Banque BQ;BQ/248;20240730;51200000;CompteLib_0030;;;24G62;20240730;EcritureLib_0134;20250801;0,00;923,50;C;BQ/248;;
BQ;Banque BQ;BQ/249;20240801;41100000;CompteLib_0020;CEPDSAE;EPDSAE MEF DU DOUAISI;24H1;20240801;EcritureLib_0078;20250801;0,00;35,00;C;BQ/249;A;20250323
BQ;Banque BQ;BQ/249;20240801;51200000;CompteLib_0030;;;24H1;20240801;EcritureLib_0078;20250801;35,00;0,00;D;BQ/249;;
BQ;Banque BQ;BQ/250;20240801;41100000;CompteLib_0020;CCERF;MAISON DU GRAND CERF;24H2;20240801;EcritureLib_0177;20250801;0,00;126,00;C;BQ/250;A;20250323
BQ;Banque BQ;BQ/250;20240801;51200000;CompteLib_0030;;;24H2;20240801;EcritureLib_0177;20250801;126,00;0,00;D;BQ/250;;
BQ;Banque BQ;BQ/251;20240806;16410000;CompteLib_0006;;;24H6;20240806;EcritureLib_0271;20250801;419,74;0,00;D;BQ/251;;
BQ;Banque BQ;BQ/251;20240806;51200000;CompteLib_0030;;;24H6;20240806;EcritureLib_0271;20250801;0,00;419,74;C;BQ/251;;
BQ;Banque BQ;BQ/251;20240806;66100000;CompteLib_0045;;;24H6;20240806;EcritureLib_0271;20250801;12,91;0,00;D;BQ/251;;
BQ;Banque BQ;BQ/251;20240806;51200000;CompteLib_0030;;;24H6;20240806;EcritureLib_0271;20250801;0,00;12,91;C;BQ/251;;
BQ;Banque BQ;BQ/252;20240807;41100000;CompteLib_0020;CMASSON;MASSON JEREMY;24H11;20240807;EcritureLib_0272;20250801;90,00;0,00;D;BQ/252;A;20250323
BQ;Banque BQ;BQ/252;20240807;51200000;CompteLib_0030;;;24H11;20240807;EcritureLib_0272;20250801;0,00;90,00;C;BQ/252;;
BQ;Banque BQ;BQ/253;20240807;40910000;CompteLib_0019;;;24H9;20240807;EcritureLib_0273;20250801;3000,00;0,00;D;BQ/253;;
BQ;Banque BQ;BQ/253;20240807;51200000;CompteLib_0030;;;24H9;20240807;EcritureLib_0273;20250801;0,00;3000,00;C;BQ/253;;
BQ;Banque BQ;BQ/254;20240807;41100000;CompteLib_0020;ATOM;ATOM CITY ;24H12;20240807;EcritureLib_0274;20250801;0,00;1000,00;C;BQ/254;P;20250323
BQ;Banque BQ;BQ/254;20240807;51200000;CompteLib_0030;;;24H12;20240807;EcritureLib_0274;20250801;1000,00;0,00;D;BQ/254;;
BQ;Banque BQ;BQ/255;20240807;64400000;CompteLib_0049;;;24H10;20240807;EcritureLib_0157;20250801;500,00;0,00;D;BQ/255;;
BQ;Banque BQ;BQ/255;20240807;51200000;CompteLib_0030;;;24H10;20240807;EcritureLib_0157;20250801;0,00;500,00;C;BQ/255;;
BQ;Banque BQ;BQ/256;20240810;41100000;CompteLib_0020;CCLAIN;ALEXANDRE CLAIN;24H16;20240810;EcritureLib_0275;20250801;0,00;1750,00;C;BQ/256;A;20250323
BQ;Banque BQ;BQ/256;20240810;51200000;CompteLib_0030;;;24H16;20240810;EcritureLib_0275;20250801;1750,00;0,00;D;BQ/256;;
BQ;Banque BQ;BQ/257;20240812;60630000;CompteLib_0036;;;24H24;20240812;EcritureLib_0276;20250801;0,00;30,00;C;BQ/257;;
BQ;Banque BQ;BQ/257;20240812;51200000;CompteLib_0030;;;24H24;20240812;EcritureLib_0276;20250801;30,00;0,00;D;BQ/257;;
BQ;Banque BQ;BQ/258;20240812;40100000;CompteLib_0018;FALIBABA;ALIBABA;24H22;20240812;EcritureLib_0277;20250801;25,50;0,00;D;BQ/258;C;20250324
BQ;Banque BQ;BQ/258;20240812;51200000;CompteLib_0030;;;24H22;20240812;EcritureLib_0277;20250801;0,00;25,50;C;BQ/258;;
BQ;Banque BQ;BQ/259;20240812;62700000;CompteLib_0047;;;24H18;20240812;EcritureLib_0278;20250801;59,20;0,00;D;BQ/259;;
BQ;Banque BQ;BQ/259;20240812;51200000;CompteLib_0030;;;24H18;20240812;EcritureLib_0278;20250801;0,00;59,20;C;BQ/259;;
BQ;Banque BQ;BQ/260;20240812;64600000;CompteLib_0050;;;24H20;20240812;EcritureLib_0279;20250801;1815,00;0,00;D;BQ/260;;
BQ;Banque BQ;BQ/260;20240812;51200000;CompteLib_0030;;;24H20;20240812;EcritureLib_0279;20250801;0,00;1815,00;C;BQ/260;;
BQ;Banque BQ;BQ/261;20240812;64600000;CompteLib_0050;;;24H21;20240812;EcritureLib_0279;20250801;3798,00;0,00;D;BQ/261;;
BQ;Banque BQ;BQ/261;20240812;51200000;CompteLib_0030;;;24H21;20240812;EcritureLib_0279;20250801;0,00;3798,00;C;BQ/261;;
BQ;Banque BQ;BQ/262;20240812;64660000;CompteLib_0046;;;24H19;20240812;EcritureLib_0081;20250801;47,09;0,00;D;BQ/262;;
BQ;Banque BQ;BQ/262;20240812;51200000;CompteLib_0030;;;24H19;20240812;EcritureLib_0081;20250801;0,00;47,09;C;BQ/262;;
BQ;Banque BQ;BQ/263;20240812;40100000;CompteLib_0018;FALIBABA;ALIBABA;24H23;20240812;EcritureLib_0276;20250801;39,72;0,00;D;BQ/263;B;20250324
BQ;Banque BQ;BQ/263;20240812;51200000;CompteLib_0030;;;24H23;20240812;EcritureLib_0276;20250801;0,00;39,72;C;BQ/263;;
BQ;Banque BQ;BQ/264;20240813;40100000;CompteLib_0018;FSTC;STC;24H27;20240813;EcritureLib_0100;20250801;238,80;0,00;D;BQ/264;G;20240816
BQ;Banque BQ;BQ/264;20240813;51200000;CompteLib_0030;;;24H27;20240813;EcritureLib_0100;20250801;0,00;238,80;C;BQ/264;;
BQ;Banque BQ;BQ/265;20240820;16401000;CompteLib_0005;;;24H29;20240820;EcritureLib_0280;20250801;293,16;0,00;D;BQ/265;;
BQ;Banque BQ;BQ/265;20240820;51200000;CompteLib_0030;;;24H29;20240820;EcritureLib_0280;20250801;0,00;293,16;C;BQ/265;;
BQ;Banque BQ;BQ/265;20240820;66100000;CompteLib_0045;;;24H29;20240820;EcritureLib_0280;20250801;2,39;0,00;D;BQ/265;;
BQ;Banque BQ;BQ/265;20240820;51200000;CompteLib_0030;;;24H29;20240820;EcritureLib_0280;20250801;0,00;2,39;C;BQ/265;;
BQ;Banque BQ;BQ/265;20240820;66100000;CompteLib_0045;;;24H29;20240820;EcritureLib_0280;20250801;8,90;0,00;D;BQ/265;;
BQ;Banque BQ;BQ/265;20240820;51200000;CompteLib_0030;;;24H29;20240820;EcritureLib_0280;20250801;0,00;8,90;C;BQ/265;;
BQ;Banque BQ;BQ/266;20240821;41100000;CompteLib_0020;CMERVILLE;MERVILLE;24H32;20240821;EcritureLib_0281;20250801;0,00;161,00;C;BQ/266;A;20250323
BQ;Banque BQ;BQ/266;20240821;51200000;CompteLib_0030;;;24H32;20240821;EcritureLib_0281;20250801;161,00;0,00;D;BQ/266;;
BQ;Banque BQ;BQ/267;20240826;40100000;CompteLib_0018;FSFR;SFR;24H34;20240826;EcritureLib_0282;20250801;28,47;0,00;D;BQ/267;F;20250220
BQ;Banque BQ;BQ/267;20240826;51200000;CompteLib_0030;;;24H34;20240826;EcritureLib_0282;20250801;0,00;28,47;C;BQ/267;;
BQ;Banque BQ;BQ/268;20240826;40910000;CompteLib_0019;;;24H35;20240826;EcritureLib_0283;20250801;3000,00;0,00;D;BQ/268;;
BQ;Banque BQ;BQ/268;20240826;51200000;CompteLib_0030;;;24H35;20240826;EcritureLib_0283;20250801;0,00;3000,00;C;BQ/268;;
BQ;Banque BQ;BQ/269;20240826;40100000;CompteLib_0018;FENGIE;ENGIE;24H33;20240826;EcritureLib_0284;20250801;509,94;0,00;D;BQ/269;J;20250328
BQ;Banque BQ;BQ/269;20240826;51200000;CompteLib_0030;;;24H33;20240826;EcritureLib_0284;20250801;0,00;509,94;C;BQ/269;;
BQ;Banque BQ;BQ/270;20240826;41100000;CompteLib_0020;CHOUDART;HOUDART AUDREY;24H36;20240826;EcritureLib_0285;20250801;0,00;990,00;C;BQ/270;A;20250323
BQ;Banque BQ;BQ/270;20240826;51200000;CompteLib_0030;;;24H36;20240826;EcritureLib_0285;20250801;990,00;0,00;D;BQ/270;;
BQ;Banque BQ;BQ/271;20240827;41100000;CompteLib_0020;CDABE;DABE VINCENT;24H38;20240827;EcritureLib_0286;20250801;0,00;1800,00;C;BQ/271;B;20250323
BQ;Banque BQ;BQ/271;20240827;51200000;CompteLib_0030;;;24H38;20240827;EcritureLib_0286;20250801;1800,00;0,00;D;BQ/271;;
BQ;Banque BQ;BQ/272;20240828;41100000;CompteLib_0020;BRATS;LES PETITS BRATS ;24H46;20240828;EcritureLib_0287;20250801;0,00;204,92;C;BQ/272;C;20250323
BQ;Banque BQ;BQ/272;20240828;51200000;CompteLib_0030;;;24H46;20240828;EcritureLib_0287;20250801;112,08;0,00;D;BQ/272;;
BQ;Banque BQ;BQ/272;20240828;51200000;CompteLib_0030;;;24H46;20240828;EcritureLib_0287;20250801;92,84;0,00;D;BQ/272;;
BQ;Banque BQ;BQ/273;20240828;41100000;CompteLib_0020;BRATS;LES PETITS BRATS ;24H45;20240828;EcritureLib_0288;20250801;0,00;422,04;C;BQ/273;C;20250323
BQ;Banque BQ;BQ/273;20240828;51200000;CompteLib_0030;;;24H45;20240828;EcritureLib_0288;20250801;270,12;0,00;D;BQ/273;;
BQ;Banque BQ;BQ/273;20240828;51200000;CompteLib_0030;;;24H45;20240828;EcritureLib_0288;20250801;151,92;0,00;D;BQ/273;;
BQ;Banque BQ;BQ/274;20240828;41100000;CompteLib_0020;ATOM;ATOM CITY ;24H44;20240828;EcritureLib_0289;20250801;0,00;628,90;C;BQ/274;P;20250323
BQ;Banque BQ;BQ/274;20240828;51200000;CompteLib_0030;;;24H44;20240828;EcritureLib_0289;20250801;186,96;0,00;D;BQ/274;;
BQ;Banque BQ;BQ/274;20240828;51200000;CompteLib_0030;;;24H44;20240828;EcritureLib_0289;20250801;441,94;0,00;D;BQ/274;;
BQ;Banque BQ;BQ/275;20240828;41100000;CompteLib_0020;CCOMMUNITY;COMMUNITY;24H42;20240828;EcritureLib_0177;20250801;0,00;336,00;C;BQ/275;A;20250323
BQ;Banque BQ;BQ/275;20240828;51200000;CompteLib_0030;;;24H42;20240828;EcritureLib_0177;20250801;336,00;0,00;D;BQ/275;;
BQ;Banque BQ;BQ/276;20240828;41100000;CompteLib_0020;ATOM;ATOM CITY ;24H43;20240828;EcritureLib_0290;20250801;0,00;222,51;C;BQ/276;P;20250323
BQ;Banque BQ;BQ/276;20240828;51200000;CompteLib_0030;;;24H43;20240828;EcritureLib_0290;20250801;127,56;0,00;D;BQ/276;;
BQ;Banque BQ;BQ/276;20240828;51200000;CompteLib_0030;;;24H43;20240828;EcritureLib_0290;20250801;94,95;0,00;D;BQ/276;;
BQ;Banque BQ;BQ/277;20240829;41100000;CompteLib_0020;CDUPONCHEL;SEBASTIEN DUPONCHEEL;24H47;20240829;EcritureLib_0291;20250801;0,00;250,00;C;BQ/277;A;20250323
BQ;Banque BQ;BQ/277;20240829;51200000;CompteLib_0030;;;24H47;20240829;EcritureLib_0291;20250801;250,00;0,00;D;BQ/277;;
BQ;Banque BQ;BQ/278;20240829;41100000;CompteLib_0020;CRONA;LA RONA (SRL);24H48;20240829;EcritureLib_0292;20250801;0,00;1630,00;C;BQ/278;A;20250323
BQ;Banque BQ;BQ/278;20240829;51200000;CompteLib_0030;;;24H48;20240829;EcritureLib_0292;20250801;1500,00;0,00;D;BQ/278;;
BQ;Banque BQ;BQ/278;20240829;51200000;CompteLib_0030;;;24H48;20240829;EcritureLib_0292;20250801;130,00;0,00;D;BQ/278;;
BQ;Banque BQ;BQ/279;20240830;40100000;CompteLib_0018;FGEODIS;GEODIS;24H49;20240830;EcritureLib_0134;20250801;497,88;0,00;D;BQ/279;C;20250324
BQ;Banque BQ;BQ/279;20240830;51200000;CompteLib_0030;;;24H49;20240830;EcritureLib_0134;20250801;0,00;497,88;C;BQ/279;;
BQ;Banque BQ;BQ/280;20240903;61600000;CompteLib_0053;;;24I3;20240903;EcritureLib_0293;20250801;65,03;0,00;D;BQ/280;;
BQ;Banque BQ;BQ/280;20240903;51200000;CompteLib_0030;;;24I3;20240903;EcritureLib_0293;20250801;0,00;65,03;C;BQ/280;;
BQ;Banque BQ;BQ/281;20240903;61600000;CompteLib_0053;;;24I4;20240903;EcritureLib_0294;20250801;44,05;0,00;D;BQ/281;;
BQ;Banque BQ;BQ/281;20240903;51200000;CompteLib_0030;;;24I4;20240903;EcritureLib_0294;20250801;0,00;44,05;C;BQ/281;;
BQ;Banque BQ;BQ/282;20240903;40100000;CompteLib_0018;FALIBABA;ALIBABA;24I6;20240903;EcritureLib_0295;20250801;23,39;0,00;D;BQ/282;D;20250324
BQ;Banque BQ;BQ/282;20240903;51200000;CompteLib_0030;;;24I6;20240903;EcritureLib_0295;20250801;0,00;23,39;C;BQ/282;;
BQ;Banque BQ;BQ/283;20240903;40100000;CompteLib_0018;FALIBABA;ALIBABA;24I5;20240903;EcritureLib_0296;20250801;301,40;0,00;D;BQ/283;J;20250328
BQ;Banque BQ;BQ/283;20240903;51200000;CompteLib_0030;;;24I5;20240903;EcritureLib_0296;20250801;0,00;301,40;C;BQ/283;;
BQ;Banque BQ;BQ/284;20240904;64400000;CompteLib_0049;;;24I9;20240904;EcritureLib_0157;20250801;500,00;0,00;D;BQ/284;;
BQ;Banque BQ;BQ/284;20240904;51200000;CompteLib_0030;;;24I9;20240904;EcritureLib_0157;20250801;0,00;500,00;C;BQ/284;;
BQ;Banque BQ;BQ/285;20240904;41100000;CompteLib_0020;CMERICOURT;MERICOURT;24I8;20240904;EcritureLib_0297;20250801;0,00;231,00;C;BQ/285;A;20250323
BQ;Banque BQ;BQ/285;20240904;51200000;CompteLib_0030;;;24I8;20240904;EcritureLib_0297;20250801;231,00;0,00;D;BQ/285;;
BQ;Banque BQ;BQ/286;20240904;40100000;CompteLib_0018;FAMAZON;AMAZON;24I10;20240904;EcritureLib_0298;20250801;113,32;0,00;D;BQ/286;A;20250220
BQ;Banque BQ;BQ/286;20240904;51200000;CompteLib_0030;;;24I10;20240904;EcritureLib_0298;20250801;0,00;113,32;C;BQ/286;;
BQ;Banque BQ;BQ/287;20240905;41100000;CompteLib_0020;ATOM;ATOM CITY ;24I11;20240905;EcritureLib_0299;20250801;0,00;1000,00;C;BQ/287;Q;20250323
BQ;Banque BQ;BQ/287;20240905;51200000;CompteLib_0030;;;24I11;20240905;EcritureLib_0299;20250801;1000,00;0,00;D;BQ/287;;
BQ;Banque BQ;BQ/288;20240905;40910000;CompteLib_0019;;;24I12;20240905;EcritureLib_0300;20250801;5000,00;0,00;D;BQ/288;;
BQ;Banque BQ;BQ/288;20240905;51200000;CompteLib_0030;;;24I12;20240905;EcritureLib_0300;20250801;0,00;5000,00;C;BQ/288;;
BQ;Banque BQ;BQ/289;20240906;41100000;CompteLib_0020;CKOREKUTA;KOREKUTA NO HAKINOWA;24I18;20240906;EcritureLib_0301;20250801;0,00;1600,00;C;BQ/289;B;20250323
BQ;Banque BQ;BQ/289;20240906;51200000;CompteLib_0030;;;24I18;20240906;EcritureLib_0301;20250801;1600,00;0,00;D;BQ/289;;
BQ;Banque BQ;BQ/290;20240906;41100000;CompteLib_0020;CCARAMEL;MAISON DE QUARTIER CARAMEL;24I16;20240906;EcritureLib_0302;20250801;0,00;161,00;C;BQ/290;B;20250323
BQ;Banque BQ;BQ/290;20240906;51200000;CompteLib_0030;;;24I16;20240906;EcritureLib_0302;20250801;161,00;0,00;D;BQ/290;;
BQ;Banque BQ;BQ/291;20240906;41100000;CompteLib_0020;CBOUTREAU;EURL BOUTRAU RAPHAL;24I17;20240906;EcritureLib_0303;20250801;0,00;500,00;C;BQ/291;A;20250323
BQ;Banque BQ;BQ/291;20240906;51200000;CompteLib_0030;;;24I17;20240906;EcritureLib_0303;20250801;500,00;0,00;D;BQ/291;;
BQ;Banque BQ;BQ/292;20240906;16410000;CompteLib_0006;;;24I15;20240906;EcritureLib_0304;20250801;421,02;0,00;D;BQ/292;;
BQ;Banque BQ;BQ/292;20240906;51200000;CompteLib_0030;;;24I15;20240906;EcritureLib_0304;20250801;0,00;421,02;C;BQ/292;;
BQ;Banque BQ;BQ/292;20240906;66100000;CompteLib_0045;;;24I15;20240906;EcritureLib_0304;20250801;11,63;0,00;D;BQ/292;;
BQ;Banque BQ;BQ/292;20240906;51200000;CompteLib_0030;;;24I15;20240906;EcritureLib_0304;20250801;0,00;11,63;C;BQ/292;;
BQ;Banque BQ;BQ/293;20240910;41100000;CompteLib_0020;CJULES;Jules Payages;24I25;20240910;EcritureLib_0305;20250801;0,00;100,00;C;BQ/293;A;20250323
BQ;Banque BQ;BQ/293;20240910;51200000;CompteLib_0030;;;24I25;20240910;EcritureLib_0305;20250801;100,00;0,00;D;BQ/293;;
BQ;Banque BQ;BQ/294;20240910;62700000;CompteLib_0047;;;24I23;20240910;EcritureLib_0306;20250801;94,20;0,00;D;BQ/294;;
BQ;Banque BQ;BQ/294;20240910;51200000;CompteLib_0030;;;24I23;20240910;EcritureLib_0306;20250801;0,00;94,20;C;BQ/294;;
BQ;Banque BQ;BQ/295;20240910;64660000;CompteLib_0046;;;24I24;20240910;EcritureLib_0081;20250801;47,09;0,00;D;BQ/295;;
BQ;Banque BQ;BQ/295;20240910;51200000;CompteLib_0030;;;24I24;20240910;EcritureLib_0081;20250801;0,00;47,09;C;BQ/295;;
BQ;Banque BQ;BQ/296;20240911;40100000;CompteLib_0018;FROTATIVE;LA ROTATIVE;24I31;20240911;EcritureLib_0307;20250801;750,00;0,00;D;BQ/296;D;20250328
BQ;Banque BQ;BQ/296;20240911;51200000;CompteLib_0030;;;24I31;20240911;EcritureLib_0307;20250801;0,00;750,00;C;BQ/296;;
BQ;Banque BQ;BQ/297;20240911;40100000;CompteLib_0018;FROTATIVE;LA ROTATIVE;24I29;20240911;EcritureLib_0308;20250801;750,00;0,00;D;BQ/297;D;20250328
BQ;Banque BQ;BQ/297;20240911;51200000;CompteLib_0030;;;24I29;20240911;EcritureLib_0308;20250801;0,00;750,00;C;BQ/297;;
BQ;Banque BQ;BQ/298;20240911;41100000;CompteLib_0020;BRATS;LES PETITS BRATS ;24I28;20240911;EcritureLib_0309;20250801;0,00;4044,00;C;BQ/298;C;20250323
BQ;Banque BQ;BQ/298;20240911;51200000;CompteLib_0030;;;24I28;20240911;EcritureLib_0309;20250801;4044,00;0,00;D;BQ/298;;
BQ;Banque BQ;BQ/299;20240911;40100000;CompteLib_0018;FROTATIVE;LA ROTATIVE;24I30;20240911;EcritureLib_0310;20250801;750,00;0,00;D;BQ/299;D;20250328
BQ;Banque BQ;BQ/299;20240911;51200000;CompteLib_0030;;;24I30;20240911;EcritureLib_0310;20250801;0,00;750,00;C;BQ/299;;
BQ;Banque BQ;BQ/300;20240912;40910000;CompteLib_0019;;;24I32;20240912;EcritureLib_0311;20250801;3000,00;0,00;D;BQ/300;;
BQ;Banque BQ;BQ/300;20240912;51200000;CompteLib_0030;;;24I32;20240912;EcritureLib_0311;20250801;0,00;3000,00;C;BQ/300;;
BQ;Banque BQ;BQ/301;20240913;41100000;CompteLib_0020;CBOUTREAU;EURL BOUTRAU RAPHAL;24I34;20240913;EcritureLib_0312;20250801;0,00;2000,00;C;BQ/301;A;20250323
BQ;Banque BQ;BQ/301;20240913;51200000;CompteLib_0030;;;24I34;20240913;EcritureLib_0312;20250801;2000,00;0,00;D;BQ/301;;
BQ;Banque BQ;BQ/302;20240913;45500000;CompteLib_0025;;;24I35;20240913;EcritureLib_0313;20250801;1000,00;0,00;D;BQ/302;;
BQ;Banque BQ;BQ/302;20240913;51200000;CompteLib_0030;;;24I35;20240913;EcritureLib_0313;20250801;0,00;1000,00;C;BQ/302;;
BQ;Banque BQ;BQ/303;20240913;41100000;CompteLib_0020;CGINNY;GINNY;24I33;20240913;EcritureLib_0314;20250801;0,00;300,00;C;BQ/303;A;20250323
BQ;Banque BQ;BQ/303;20240913;51200000;CompteLib_0030;;;24I33;20240913;EcritureLib_0314;20250801;300,00;0,00;D;BQ/303;;
BQ;Banque BQ;BQ/304;20240916;41100000;CompteLib_0020;CDUPONCHEL;SEBASTIEN DUPONCHEEL;24I37;20240916;EcritureLib_0315;20250801;0,00;750,00;C;BQ/304;A;20250323
BQ;Banque BQ;BQ/304;20240916;51200000;CompteLib_0030;;;24I37;20240916;EcritureLib_0315;20250801;750,00;0,00;D;BQ/304;;
BQ;Banque BQ;BQ/305;20240916;41100000;CompteLib_0020;CBRUYERE;VINCENT BRUYRE;24I38;20240916;EcritureLib_0316;20250801;0,00;150,00;C;BQ/305;A;20250323
BQ;Banque BQ;BQ/305;20240916;51200000;CompteLib_0030;;;24I38;20240916;EcritureLib_0316;20250801;150,00;0,00;D;BQ/305;;
BQ;Banque BQ;BQ/306;20240916;40100000;CompteLib_0018;FALIBABA;ALIBABA;24I39;20240916;EcritureLib_0317;20250801;57,39;0,00;D;BQ/306;G;20250328
BQ;Banque BQ;BQ/306;20240916;51200000;CompteLib_0030;;;24I39;20240916;EcritureLib_0317;20250801;0,00;57,39;C;BQ/306;;
BQ;Banque BQ;BQ/307;20240917;41100000;CompteLib_0020;CDUPONCHEL;SEBASTIEN DUPONCHEEL;24I42;20240917;EcritureLib_0318;20250801;0,00;450,00;C;BQ/307;A;20250323
BQ;Banque BQ;BQ/307;20240917;51200000;CompteLib_0030;;;24I42;20240917;EcritureLib_0318;20250801;450,00;0,00;D;BQ/307;;
BQ;Banque BQ;BQ/308;20240917;41100000;CompteLib_0020;CBERGHIDA;BERGHIDA NAIM;24I41;20240917;EcritureLib_0319;20250801;0,00;600,00;C;BQ/308;A;20250323
BQ;Banque BQ;BQ/308;20240917;51200000;CompteLib_0030;;;24I41;20240917;EcritureLib_0319;20250801;600,00;0,00;D;BQ/308;;
BQ;Banque BQ;BQ/309;20240919;40910000;CompteLib_0019;;;24I45;20240919;EcritureLib_0320;20250801;3000,00;0,00;D;BQ/309;;
BQ;Banque BQ;BQ/309;20240919;51200000;CompteLib_0030;;;24I45;20240919;EcritureLib_0320;20250801;0,00;3000,00;C;BQ/309;;
BQ;Banque BQ;BQ/310;20240919;62420000;CompteLib_0039;;;24I47;20240919;EcritureLib_0321;20250801;14,25;0,00;D;BQ/310;;
BQ;Banque BQ;BQ/310;20240919;51200000;CompteLib_0030;;;24I47;20240919;EcritureLib_0321;20250801;0,00;14,25;C;BQ/310;;
BQ;Banque BQ;BQ/311;20240919;41100000;CompteLib_0020;CGROSCLAUDE;VICTOR GROSCLAUDE;24I46;20240919;EcritureLib_0322;20250801;0,00;1750,00;C;BQ/311;A;20250323
BQ;Banque BQ;BQ/311;20240919;51200000;CompteLib_0030;;;24I46;20240919;EcritureLib_0322;20250801;1750,00;0,00;D;BQ/311;;
BQ;Banque BQ;BQ/312;20240919;41100000;CompteLib_0020;CHAZEBROUCK;HAZEBROUCK;24I44;20240919;EcritureLib_0323;20250801;0,00;161,00;C;BQ/312;A;20250323
BQ;Banque BQ;BQ/312;20240919;51200000;CompteLib_0030;;;24I44;20240919;EcritureLib_0323;20250801;161,00;0,00;D;BQ/312;;
BQ;Banque BQ;BQ/313;20240920;41100000;CompteLib_0020;CLABARRE;SEBASTIEN LABARRE;24I53;20240920;EcritureLib_0324;20250801;0,00;3080,00;C;BQ/313;A;20250323
BQ;Banque BQ;BQ/313;20240920;51200000;CompteLib_0030;;;24I53;20240920;EcritureLib_0324;20250801;2800,00;0,00;D;BQ/313;;
BQ;Banque BQ;BQ/313;20240920;51200000;CompteLib_0030;;;24I53;20240920;EcritureLib_0324;20250801;280,00;0,00;D;BQ/313;;
BQ;Banque BQ;BQ/314;20240920;40100000;CompteLib_0018;FAMAZON;AMAZON;24I54;20240920;EcritureLib_0325;20250801;140,97;0,00;D;BQ/314;B;20250220
BQ;Banque BQ;BQ/314;20240920;51200000;CompteLib_0030;;;24I54;20240920;EcritureLib_0325;20250801;0,00;140,97;C;BQ/314;;
BQ;Banque BQ;BQ/315;20240920;40100000;CompteLib_0018;FMETRO;METRO;24I55;20240920;EcritureLib_0326;20250801;301,74;0,00;D;BQ/315;P;20250328
BQ;Banque BQ;BQ/315;20240920;51200000;CompteLib_0030;;;24I55;20240920;EcritureLib_0326;20250801;0,00;301,74;C;BQ/315;;
BQ;Banque BQ;BQ/315;20240920;40100000;CompteLib_0018;FMETRO;METRO;24I55;20240920;EcritureLib_0326;20250801;572,98;0,00;D;BQ/315;P;20250328
BQ;Banque BQ;BQ/315;20240920;51200000;CompteLib_0030;;;24I55;20240920;EcritureLib_0326;20250801;0,00;572,98;C;BQ/315;;
BQ;Banque BQ;BQ/316;20240920;16401000;CompteLib_0005;;;24I56;20240920;EcritureLib_0327;20250801;293,32;0,00;D;BQ/316;;
BQ;Banque BQ;BQ/316;20240920;51200000;CompteLib_0030;;;24I56;20240920;EcritureLib_0327;20250801;0,00;293,32;C;BQ/316;;
BQ;Banque BQ;BQ/316;20240920;66100000;CompteLib_0045;;;24I56;20240920;EcritureLib_0327;20250801;2,23;0,00;D;BQ/316;;
BQ;Banque BQ;BQ/316;20240920;51200000;CompteLib_0030;;;24I56;20240920;EcritureLib_0327;20250801;0,00;2,23;C;BQ/316;;
BQ;Banque BQ;BQ/316;20240920;66100000;CompteLib_0045;;;24I56;20240920;EcritureLib_0327;20250801;8,90;0,00;D;BQ/316;;
BQ;Banque BQ;BQ/316;20240920;51200000;CompteLib_0030;;;24I56;20240920;EcritureLib_0327;20250801;0,00;8,90;C;BQ/316;;
BQ;Banque BQ;BQ/317;20240920;41100000;CompteLib_0020;CCAMBRIN;COMMUNE DE CAMBRIN;24I52;20240920;EcritureLib_0328;20250801;0,00;280,00;C;BQ/317;A;20250323
BQ;Banque BQ;BQ/317;20240920;51200000;CompteLib_0030;;;24I52;20240920;EcritureLib_0328;20250801;280,00;0,00;D;BQ/317;;
BQ;Banque BQ;BQ/318;20240923;40100000;CompteLib_0018;FATOMIC;ATOMIC CITY;24I59;20240923;EcritureLib_0329;20250801;191,25;0,00;D;BQ/318;A;20250328
BQ;Banque BQ;BQ/318;20240923;51200000;CompteLib_0030;;;24I59;20240923;EcritureLib_0329;20250801;0,00;191,25;C;BQ/318;;
BQ;Banque BQ;BQ/319;20240923;41100000;CompteLib_0020;CTHIBERT;JEAN MICHEL THIBERT;24I58;20240923;EcritureLib_0330;20250801;0,00;2500,00;C;BQ/319;A;20250323
BQ;Banque BQ;BQ/319;20240923;51200000;CompteLib_0030;;;24I58;20240923;EcritureLib_0330;20250801;2500,00;0,00;D;BQ/319;;
BQ;Banque BQ;BQ/320;20240924;40100000;CompteLib_0018;FSTC;STC;24I61;20240924;EcritureLib_0100;20250801;253,20;0,00;D;BQ/320;J;20240927
BQ;Banque BQ;BQ/320;20240924;51200000;CompteLib_0030;;;24I61;20240924;EcritureLib_0100;20250801;0,00;253,20;C;BQ/320;;
BQ;Banque BQ;BQ/321;20240925;41100000;CompteLib_0020;CDESOUSA;DE SOUSA FRANCISCO;24I64;20240925;EcritureLib_0331;20250801;0,00;1965,00;C;BQ/321;B;20250323
BQ;Banque BQ;BQ/321;20240925;51200000;CompteLib_0030;;;24I64;20240925;EcritureLib_0331;20250801;1780,00;0,00;D;BQ/321;;
BQ;Banque BQ;BQ/321;20240925;51200000;CompteLib_0030;;;24I64;20240925;EcritureLib_0331;20250801;185,00;0,00;D;BQ/321;;
BQ;Banque BQ;BQ/322;20240925;40100000;CompteLib_0018;FENGIE;ENGIE;24I63;20240925;EcritureLib_0332;20250801;538,61;0,00;D;BQ/322;K;20250328
BQ;Banque BQ;BQ/322;20240925;51200000;CompteLib_0030;;;24I63;20240925;EcritureLib_0332;20250801;0,00;538,61;C;BQ/322;;
BQ;Banque BQ;BQ/323;20240925;40100000;CompteLib_0018;FSFR;SFR;24I62;20240925;EcritureLib_0282;20250801;28,47;0,00;D;BQ/323;H;20250220
BQ;Banque BQ;BQ/323;20240925;51200000;CompteLib_0030;;;24I62;20240925;EcritureLib_0282;20250801;0,00;28,47;C;BQ/323;;
BQ;Banque BQ;BQ/324;20240927;40100000;CompteLib_0018;FBOUTIQUE;BOUTIQUE MICRO;24I67;20240927;EcritureLib_0333;20250801;79,90;0,00;D;BQ/324;A;20250328
BQ;Banque BQ;BQ/324;20240927;51200000;CompteLib_0030;;;24I67;20240927;EcritureLib_0333;20250801;0,00;79,90;C;BQ/324;;
BQ;Banque BQ;BQ/325;20241001;61321000;CompteLib_0032;;;24J2;20241001;EcritureLib_0334;20250801;750,00;0,00;D;BQ/325;;
BQ;Banque BQ;BQ/325;20241001;51200000;CompteLib_0030;;;24J2;20241001;EcritureLib_0334;20250801;0,00;750,00;C;BQ/325;;
BQ;Banque BQ;BQ/326;20241001;64400000;CompteLib_0049;;;24J3;20241001;EcritureLib_0157;20250801;500,00;0,00;D;BQ/326;;
BQ;Banque BQ;BQ/326;20241001;51200000;CompteLib_0030;;;24J3;20241001;EcritureLib_0157;20250801;0,00;500,00;C;BQ/326;;
BQ;Banque BQ;BQ/327;20241001;40100000;CompteLib_0018;FCARBURANT;CARBURANT;24J4;20241001;EcritureLib_0335;20250801;12,34;0,00;D;BQ/327;A;20250324
BQ;Banque BQ;BQ/327;20241001;51200000;CompteLib_0030;;;24J4;20241001;EcritureLib_0335;20250801;0,00;12,34;C;BQ/327;;
BQ;Banque BQ;BQ/328;20241001;40100000;CompteLib_0018;FROTATIVE;LA ROTATIVE;24J1;20241001;EcritureLib_0336;20250801;750,00;0,00;D;BQ/328;D;20250328
BQ;Banque BQ;BQ/328;20241001;51200000;CompteLib_0030;;;24J1;20241001;EcritureLib_0336;20250801;0,00;750,00;C;BQ/328;;
BQ;Banque BQ;BQ/329;20241002;40100000;CompteLib_0018;FRENT;RENT AND DROP;24J6;20241002;EcritureLib_0337;20250801;47,50;0,00;D;BQ/329;P;20241122
BQ;Banque BQ;BQ/329;20241002;51200000;CompteLib_0030;;;24J6;20241002;EcritureLib_0337;20250801;0,00;47,50;C;BQ/329;;
BQ;Banque BQ;BQ/330;20241002;41100000;CompteLib_0020;CEXOTEC;EXOTEC;24J5;20241002;EcritureLib_0338;20250801;0,00;500,00;C;BQ/330;A;20250323
BQ;Banque BQ;BQ/330;20241002;51200000;CompteLib_0030;;;24J5;20241002;EcritureLib_0338;20250801;500,00;0,00;D;BQ/330;;
BQ;Banque BQ;BQ/331;20241005;16410000;CompteLib_0006;;;24J8;20241005;EcritureLib_0339;20250801;422,29;0,00;D;BQ/331;;
BQ;Banque BQ;BQ/331;20241005;51200000;CompteLib_0030;;;24J8;20241005;EcritureLib_0339;20250801;0,00;422,29;C;BQ/331;;
BQ;Banque BQ;BQ/331;20241005;66100000;CompteLib_0045;;;24J8;20241005;EcritureLib_0339;20250801;10,36;0,00;D;BQ/331;;
BQ;Banque BQ;BQ/331;20241005;51200000;CompteLib_0030;;;24J8;20241005;EcritureLib_0339;20250801;0,00;10,36;C;BQ/331;;
BQ;Banque BQ;BQ/332;20241010;62700000;CompteLib_0047;;;24J13;20241010;EcritureLib_0340;20250801;111,70;0,00;D;BQ/332;;
BQ;Banque BQ;BQ/332;20241010;51200000;CompteLib_0030;;;24J13;20241010;EcritureLib_0340;20250801;0,00;111,70;C;BQ/332;;
BQ;Banque BQ;BQ/333;20241010;64660000;CompteLib_0046;;;24J14;20241010;EcritureLib_0081;20250801;47,09;0,00;D;BQ/333;;
BQ;Banque BQ;BQ/333;20241010;51200000;CompteLib_0030;;;24J14;20241010;EcritureLib_0081;20250801;0,00;47,09;C;BQ/333;;
BQ;Banque BQ;BQ/334;20241011;60630000;CompteLib_0036;;;24J17;20241011;EcritureLib_0341;20250801;51,65;0,00;D;BQ/334;;
BQ;Banque BQ;BQ/334;20241011;44566100;CompteLib_0034;;;24J17;20241011;EcritureLib_0341;20250801;10,33;0,00;D;BQ/334;;
BQ;Banque BQ;BQ/334;20241011;51200000;CompteLib_0030;;;24J17;20241011;EcritureLib_0341;20250801;0,00;61,98;C;BQ/334;;
BQ;Banque BQ;BQ/335;20241011;40100000;CompteLib_0018;FCOORDONNERI;COORDONNERIE;24J18;20241011;EcritureLib_0342;20250801;50,00;0,00;D;BQ/335;A;20250328
BQ;Banque BQ;BQ/335;20241011;51200000;CompteLib_0030;;;24J18;20241011;EcritureLib_0342;20250801;0,00;50,00;C;BQ/335;;
BQ;Banque BQ;BQ/336;20241014;60630000;CompteLib_0036;;;24J26;20241014;EcritureLib_0343;20250801;0,00;37,78;C;BQ/336;;
BQ;Banque BQ;BQ/336;20241014;51200000;CompteLib_0030;;;24J26;20241014;EcritureLib_0343;20250801;37,78;0,00;D;BQ/336;;
BQ;Banque BQ;BQ/337;20241014;60630000;CompteLib_0036;;;24J22;20241014;EcritureLib_0344;20250801;0,00;37,77;C;BQ/337;;
BQ;Banque BQ;BQ/337;20241014;51200000;CompteLib_0030;;;24J22;20241014;EcritureLib_0344;20250801;37,77;0,00;D;BQ/337;;
BQ;Banque BQ;BQ/338;20241014;60630000;CompteLib_0036;;;24J23;20241014;EcritureLib_0344;20250801;0,00;37,77;C;BQ/338;;
BQ;Banque BQ;BQ/338;20241014;51200000;CompteLib_0030;;;24J23;20241014;EcritureLib_0344;20250801;37,77;0,00;D;BQ/338;;
BQ;Banque BQ;BQ/339;20241014;62420000;CompteLib_0039;;;24J27;20241014;EcritureLib_0345;20250801;22,70;0,00;D;BQ/339;;
BQ;Banque BQ;BQ/339;20241014;51200000;CompteLib_0030;;;24J27;20241014;EcritureLib_0345;20250801;0,00;22,70;C;BQ/339;;
BQ;Banque BQ;BQ/340;20241014;40100000;CompteLib_0018;FCARBURANT;CARBURANT;24J25;20241014;EcritureLib_0346;20250801;20,47;0,00;D;BQ/340;A;20250324
BQ;Banque BQ;BQ/340;20241014;51200000;CompteLib_0030;;;24J25;20241014;EcritureLib_0346;20250801;0,00;20,47;C;BQ/340;;
BQ;Banque BQ;BQ/341;20241014;40100000;CompteLib_0018;FALIBABA;ALIBABA;24J24;20241014;EcritureLib_0347;20250801;161,07;0,00;D;BQ/341;E;20250328
BQ;Banque BQ;BQ/341;20241014;51200000;CompteLib_0030;;;24J24;20241014;EcritureLib_0347;20250801;0,00;161,07;C;BQ/341;;
BQ;Banque BQ;BQ/342;20241016;64600000;CompteLib_0050;;;24J30;20241016;EcritureLib_0279;20250801;52,00;0,00;D;BQ/342;;
BQ;Banque BQ;BQ/342;20241016;51200000;CompteLib_0030;;;24J30;20241016;EcritureLib_0279;20250801;0,00;52,00;C;BQ/342;;
BQ;Banque BQ;BQ/343;20241016;64600000;CompteLib_0050;;;24J28;20241016;EcritureLib_0279;20250801;1,00;0,00;D;BQ/343;;
BQ;Banque BQ;BQ/343;20241016;51200000;CompteLib_0030;;;24J28;20241016;EcritureLib_0279;20250801;0,00;1,00;C;BQ/343;;
BQ;Banque BQ;BQ/344;20241016;64600000;CompteLib_0050;;;24J29;20241016;EcritureLib_0279;20250801;21,00;0,00;D;BQ/344;;
BQ;Banque BQ;BQ/344;20241016;51200000;CompteLib_0030;;;24J29;20241016;EcritureLib_0279;20250801;0,00;21,00;C;BQ/344;;
BQ;Banque BQ;BQ/345;20241016;64600000;CompteLib_0050;;;24J31;20241016;EcritureLib_0279;20250801;1957,00;0,00;D;BQ/345;;
BQ;Banque BQ;BQ/345;20241016;51200000;CompteLib_0030;;;24J31;20241016;EcritureLib_0279;20250801;0,00;1957,00;C;BQ/345;;
BQ;Banque BQ;BQ/346;20241017;41100000;CompteLib_0020;BRATS;LES PETITS BRATS ;24J32;20241017;EcritureLib_0348;20250801;0,00;4044,00;C;BQ/346;C;20250323
BQ;Banque BQ;BQ/346;20241017;51200000;CompteLib_0030;;;24J32;20241017;EcritureLib_0348;20250801;4044,00;0,00;D;BQ/346;;
BQ;Banque BQ;BQ/347;20241017;45513000;CompteLib_0027;;;24J33;20241017;EcritureLib_0349;20250801;0,00;400,00;C;BQ/347;;
BQ;Banque BQ;BQ/347;20241017;51200000;CompteLib_0030;;;24J33;20241017;EcritureLib_0349;20250801;400,00;0,00;D;BQ/347;;
BQ;Banque BQ;BQ/348;20241017;40100000;CompteLib_0018;FGEODIS;GEODIS;24J34;20241017;EcritureLib_0350;20250801;10528,14;0,00;D;BQ/348;G;20250528
BQ;Banque BQ;BQ/348;20241017;51200000;CompteLib_0030;;;24J34;20241017;EcritureLib_0350;20250801;0,00;10528,14;C;BQ/348;;
BQ;Banque BQ;BQ/349;20241018;41100000;CompteLib_0020;CTEDDY;TEDDY;24J37;20241018;EcritureLib_0351;20250801;0,00;1600,00;C;BQ/349;B;20250323
BQ;Banque BQ;BQ/349;20241018;51200000;CompteLib_0030;;;24J37;20241018;EcritureLib_0351;20250801;1400,00;0,00;D;BQ/349;;
BQ;Banque BQ;BQ/349;20241018;51200000;CompteLib_0030;;;24J37;20241018;EcritureLib_0351;20250801;200,00;0,00;D;BQ/349;;
BQ;Banque BQ;BQ/350;20241018;41100000;CompteLib_0020;CMONTERO;AURLIEN MONTRO;24J36;20241018;EcritureLib_0352;20250801;0,00;1600,00;C;BQ/350;A;20250323
BQ;Banque BQ;BQ/350;20241018;51200000;CompteLib_0030;;;24J36;20241018;EcritureLib_0352;20250801;1450,00;0,00;D;BQ/350;;
BQ;Banque BQ;BQ/350;20241018;51200000;CompteLib_0030;;;24J36;20241018;EcritureLib_0352;20250801;150,00;0,00;D;BQ/350;;
BQ;Banque BQ;BQ/351;20241019;16401000;CompteLib_0005;;;24J38;20241019;EcritureLib_0353;20250801;293,48;0,00;D;BQ/351;;
BQ;Banque BQ;BQ/351;20241019;51200000;CompteLib_0030;;;24J38;20241019;EcritureLib_0353;20250801;0,00;293,48;C;BQ/351;;
BQ;Banque BQ;BQ/351;20241019;66100000;CompteLib_0045;;;24J38;20241019;EcritureLib_0353;20250801;2,07;0,00;D;BQ/351;;
BQ;Banque BQ;BQ/351;20241019;51200000;CompteLib_0030;;;24J38;20241019;EcritureLib_0353;20250801;0,00;2,07;C;BQ/351;;
BQ;Banque BQ;BQ/351;20241019;66100000;CompteLib_0045;;;24J38;20241019;EcritureLib_0353;20250801;8,90;0,00;D;BQ/351;;
BQ;Banque BQ;BQ/351;20241019;51200000;CompteLib_0030;;;24J38;20241019;EcritureLib_0353;20250801;0,00;8,90;C;BQ/351;;
BQ;Banque BQ;BQ/352;20241021;47100000;CompteLib_0054;;;24J44;20241021;EcritureLib_0354;20250801;500,00;0,00;D;BQ/352;;
BQ;Banque BQ;BQ/352;20241021;51200000;CompteLib_0030;;;24J44;20241021;EcritureLib_0354;20250801;0,00;500,00;C;BQ/352;;
BQ;Banque BQ;BQ/353;20241021;44551000;CompteLib_0022;;;24J42;20241021;EcritureLib_0355;20250801;2366,00;0,00;D;BQ/353;A;20241120
BQ;Banque BQ;BQ/353;20241021;51200000;CompteLib_0030;;;24J42;20241021;EcritureLib_0355;20250801;0,00;2366,00;C;BQ/353;;
BQ;Banque BQ;BQ/354;20241021;40100000;CompteLib_0018;FRENT;RENT AND DROP;24J45;20241021;EcritureLib_0356;20250801;241,93;0,00;D;BQ/354;R;20250328
BQ;Banque BQ;BQ/354;20241021;51200000;CompteLib_0030;;;24J45;20241021;EcritureLib_0356;20250801;0,00;241,93;C;BQ/354;;
BQ;Banque BQ;BQ/355;20241021;51200000;CompteLib_0030;;;24J43;20241021;EcritureLib_0357;20250801;3400,00;0,00;D;BQ/355;;
BQ;Banque BQ;BQ/355;20241021;41100000;CompteLib_0020;CGATENINETY;GATENINETY-WORLD;24J43;20241021;EcritureLib_0357;20250801;0,00;3500,00;C;BQ/355;A;20250323
BQ;Banque BQ;BQ/355;20241021;51200000;CompteLib_0030;;;24J43;20241021;EcritureLib_0357;20250801;100,00;0,00;D;BQ/355;;
BQ;Banque BQ;BQ/356;20241022;40100000;CompteLib_0018;FSTC;STC;24J47;20241022;EcritureLib_0100;20250801;253,20;0,00;D;BQ/356;O;20241122
BQ;Banque BQ;BQ/356;20241022;51200000;CompteLib_0030;;;24J47;20241022;EcritureLib_0100;20250801;0,00;253,20;C;BQ/356;;
BQ;Banque BQ;BQ/357;20241023;41100000;CompteLib_0020;CCARAMEL;MAISON DE QUARTIER CARAMEL;24J49;20241023;EcritureLib_0358;20250801;0,00;182,00;C;BQ/357;C;20250323
BQ;Banque BQ;BQ/357;20241023;51200000;CompteLib_0030;;;24J49;20241023;EcritureLib_0358;20250801;182,00;0,00;D;BQ/357;;
BQ;Banque BQ;BQ/358;20241024;60614000;CompteLib_0041;;;24J51;20241024;EcritureLib_0359;20250801;40,30;0,00;D;BQ/358;;
BQ;Banque BQ;BQ/358;20241024;51200000;CompteLib_0030;;;24J51;20241024;EcritureLib_0359;20250801;0,00;40,30;C;BQ/358;;
BQ;Banque BQ;BQ/359;20241025;41100000;CompteLib_0020;BRATS;LES PETITS BRATS ;24J58;20241025;EcritureLib_0360;20250801;0,00;4044,00;C;BQ/359;I;20250323
BQ;Banque BQ;BQ/359;20241025;51200000;CompteLib_0030;;;24J58;20241025;EcritureLib_0360;20250801;4044,00;0,00;D;BQ/359;;
BQ;Banque BQ;BQ/360;20241025;41100000;CompteLib_0020;CDIVERS;DIVERS;24J57;20241025;EcritureLib_0078;20250801;0,00;100,00;C;BQ/360;R;20250323
BQ;Banque BQ;BQ/360;20241025;51200000;CompteLib_0030;;;24J57;20241025;EcritureLib_0078;20250801;100,00;0,00;D;BQ/360;;
BQ;Banque BQ;BQ/361;20241025;47100000;CompteLib_0054;;;24J56;20241025;EcritureLib_0078;20250801;0,00;500,00;C;BQ/361;;
BQ;Banque BQ;BQ/361;20241025;51200000;CompteLib_0030;;;24J56;20241025;EcritureLib_0078;20250801;500,00;0,00;D;BQ/361;;
BQ;Banque BQ;BQ/362;20241025;40100000;CompteLib_0018;FSFR;SFR;24J55;20241025;EcritureLib_0361;20250801;22,26;0,00;D;BQ/362;I;20250220
BQ;Banque BQ;BQ/362;20241025;51200000;CompteLib_0030;;;24J55;20241025;EcritureLib_0361;20250801;0,00;22,26;C;BQ/362;;
BQ;Banque BQ;BQ/363;20241028;45500000;CompteLib_0025;;;24J62;20241028;EcritureLib_0313;20250801;1000,00;0,00;D;BQ/363;;
BQ;Banque BQ;BQ/363;20241028;51200000;CompteLib_0030;;;24J62;20241028;EcritureLib_0313;20250801;0,00;1000,00;C;BQ/363;;
BQ;Banque BQ;BQ/364;20241028;40100000;CompteLib_0018;FENGIE;ENGIE;24J61;20241028;EcritureLib_0362;20250801;569,21;0,00;D;BQ/364;L;20250328
BQ;Banque BQ;BQ/364;20241028;51200000;CompteLib_0030;;;24J61;20241028;EcritureLib_0362;20250801;0,00;569,21;C;BQ/364;;
BQ;Banque BQ;BQ/365;20241029;40100000;CompteLib_0018;FMETRO;METRO;24J64;20241029;EcritureLib_0363;20250801;751,49;0,00;D;BQ/365;Q;20250328
BQ;Banque BQ;BQ/365;20241029;51200000;CompteLib_0030;;;24J64;20241029;EcritureLib_0363;20250801;0,00;751,49;C;BQ/365;;
BQ;Banque BQ;BQ/365;20241029;40100000;CompteLib_0018;FMETRO;METRO;24J64;20241029;EcritureLib_0363;20250801;961,88;0,00;D;BQ/365;Q;20250328
BQ;Banque BQ;BQ/365;20241029;51200000;CompteLib_0030;;;24J64;20241029;EcritureLib_0363;20250801;0,00;961,88;C;BQ/365;;
BQ;Banque BQ;BQ/366;20241030;40100000;CompteLib_0018;FRENT;RENT AND DROP;24J66;20241030;EcritureLib_0364;20250801;109,67;0,00;D;BQ/366;R;20250328
BQ;Banque BQ;BQ/366;20241030;51200000;CompteLib_0030;;;24J66;20241030;EcritureLib_0364;20250801;0,00;109,67;C;BQ/366;;
BQ;Banque BQ;BQ/367;20241030;40100000;CompteLib_0018;FGEODIS;GEODIS;24J65;20241030;EcritureLib_0134;20250801;773,11;0,00;D;BQ/367;C;20250324
BQ;Banque BQ;BQ/367;20241030;51200000;CompteLib_0030;;;24J65;20241030;EcritureLib_0134;20250801;0,00;773,11;C;BQ/367;;
BQ;Banque BQ;BQ/368;20241031;45513000;CompteLib_0027;;;24J70;20241031;EcritureLib_0365;20250801;400,00;0,00;D;BQ/368;;
BQ;Banque BQ;BQ/368;20241031;51200000;CompteLib_0030;;;24J70;20241031;EcritureLib_0365;20250801;0,00;400,00;C;BQ/368;;
BQ;Banque BQ;BQ/369;20241031;41100000;CompteLib_0020;CDABE;DABE VINCENT;24J71;20241031;EcritureLib_0366;20250801;0,00;800,00;C;BQ/369;C;20250323
BQ;Banque BQ;BQ/369;20241031;51200000;CompteLib_0030;;;24J71;20241031;EcritureLib_0366;20250801;800,00;0,00;D;BQ/369;;
BQ;Banque BQ;BQ/370;20241101;51200000;CompteLib_0030;;;24K1;20241101;EcritureLib_0367;20250801;776,76;0,00;D;BQ/370;;
BQ;Banque BQ;BQ/370;20241101;41100000;CompteLib_0020;BRATS;LES PETITS BRATS ;24K1;20241101;EcritureLib_0367;20250801;0,00;1115,20;C;BQ/370;I;20250323
BQ;Banque BQ;BQ/370;20241101;51200000;CompteLib_0030;;;24K1;20241101;EcritureLib_0367;20250801;338,44;0,00;D;BQ/370;;
BQ;Banque BQ;BQ/371;20241104;40100000;CompteLib_0018;FRENT;RENT AND DROP;24K6;20241104;EcritureLib_0368;20250801;60,00;0,00;D;BQ/371;Q;20241218
BQ;Banque BQ;BQ/371;20241104;51200000;CompteLib_0030;;;24K6;20241104;EcritureLib_0368;20250801;0,00;60,00;C;BQ/371;;
BQ;Banque BQ;BQ/372;20241104;40100000;CompteLib_0018;FAMAZON;AMAZON;24K5;20241104;EcritureLib_0369;20250801;131,88;0,00;D;BQ/372;E;20250328
BQ;Banque BQ;BQ/372;20241104;51200000;CompteLib_0030;;;24K5;20241104;EcritureLib_0369;20250801;0,00;131,88;C;BQ/372;;
BQ;Banque BQ;BQ/373;20241105;64400000;CompteLib_0049;;;24K8;20241105;EcritureLib_0157;20250801;500,00;0,00;D;BQ/373;;
BQ;Banque BQ;BQ/373;20241105;51200000;CompteLib_0030;;;24K8;20241105;EcritureLib_0157;20250801;0,00;500,00;C;BQ/373;;
BQ;Banque BQ;BQ/374;20241105;41100000;CompteLib_0020;CIMAGINE;CENTRE SOCIAL IMAGINE;24K7;20241105;EcritureLib_0370;20250801;0,00;350,00;C;BQ/374;A;20250323
BQ;Banque BQ;BQ/374;20241105;51200000;CompteLib_0030;;;24K7;20241105;EcritureLib_0370;20250801;350,00;0,00;D;BQ/374;;
BQ;Banque BQ;BQ/375;20241106;41100000;CompteLib_0020;CLINSELLES;VILLES DE LINSELLES;24K11;20241106;EcritureLib_0371;20250801;0,00;700,00;C;BQ/375;B;20250323
BQ;Banque BQ;BQ/375;20241106;51200000;CompteLib_0030;;;24K11;20241106;EcritureLib_0371;20250801;700,00;0,00;D;BQ/375;;
BQ;Banque BQ;BQ/376;20241106;16410000;CompteLib_0006;;;24K10;20241106;EcritureLib_0372;20250801;423,57;0,00;D;BQ/376;;
BQ;Banque BQ;BQ/376;20241106;51200000;CompteLib_0030;;;24K10;20241106;EcritureLib_0372;20250801;0,00;423,57;C;BQ/376;;
BQ;Banque BQ;BQ/376;20241106;66100000;CompteLib_0045;;;24K10;20241106;EcritureLib_0372;20250801;9,08;0,00;D;BQ/376;;
BQ;Banque BQ;BQ/376;20241106;51200000;CompteLib_0030;;;24K10;20241106;EcritureLib_0372;20250801;0,00;9,08;C;BQ/376;;
BQ;Banque BQ;BQ/377;20241108;41100000;CompteLib_0020;CWERVICQ;VILLE DE WERVICQ-SUD;24K14;20241108;EcritureLib_0373;20250801;0,00;182,00;C;BQ/377;A;20250323
BQ;Banque BQ;BQ/377;20241108;51200000;CompteLib_0030;;;24K14;20241108;EcritureLib_0373;20250801;182,00;0,00;D;BQ/377;;
BQ;Banque BQ;BQ/378;20241109;44551000;CompteLib_0022;;;24K15;20241109;EcritureLib_0374;20250801;4000,00;0,00;D;BQ/378;;
BQ;Banque BQ;BQ/378;20241109;51200000;CompteLib_0030;;;24K15;20241109;EcritureLib_0374;20250801;0,00;4000,00;C;BQ/378;;
BQ;Banque BQ;BQ/379;20241111;62700000;CompteLib_0047;;;24K19;20241111;EcritureLib_0375;20250801;58,41;0,00;D;BQ/379;;
BQ;Banque BQ;BQ/379;20241111;51200000;CompteLib_0030;;;24K19;20241111;EcritureLib_0375;20250801;0,00;58,41;C;BQ/379;;
BQ;Banque BQ;BQ/380;20241111;41100000;CompteLib_0020;CNABIL;LAGHMARI NABIL;24K20;20241111;EcritureLib_0376;20250801;0,00;4800,00;C;BQ/380;A;20250323
BQ;Banque BQ;BQ/380;20241111;51200000;CompteLib_0030;;;24K20;20241111;EcritureLib_0376;20250801;4800,00;0,00;D;BQ/380;;
BQ;Banque BQ;BQ/381;20241112;64660000;CompteLib_0046;;;24K21;20241112;EcritureLib_0081;20250801;47,09;0,00;D;BQ/381;;
BQ;Banque BQ;BQ/381;20241112;51200000;CompteLib_0030;;;24K21;20241112;EcritureLib_0081;20250801;0,00;47,09;C;BQ/381;;
BQ;Banque BQ;BQ/382;20241112;41100000;CompteLib_0020;CHENRY;BENJAMIN HENRY;24K22;20241112;EcritureLib_0377;20250801;0,00;400,00;C;BQ/382;A;20250323
BQ;Banque BQ;BQ/382;20241112;51200000;CompteLib_0030;;;24K22;20241112;EcritureLib_0377;20250801;400,00;0,00;D;BQ/382;;
BQ;Banque BQ;BQ/383;20241113;41100000;CompteLib_0020;CNABIL;LAGHMARI NABIL;24K23;20241113;EcritureLib_0078;20250801;0,00;1000,00;C;BQ/383;A;20250323
BQ;Banque BQ;BQ/383;20241113;51200000;CompteLib_0030;;;24K23;20241113;EcritureLib_0078;20250801;1000,00;0,00;D;BQ/383;;
BQ;Banque BQ;BQ/384;20241114;41100000;CompteLib_0020;CBRASSENS;CENTRE SOCIAL GEORGES BRASSENS;24K24;20241114;EcritureLib_0378;20250801;0,00;196,00;C;BQ/384;A;20250323
BQ;Banque BQ;BQ/384;20241114;51200000;CompteLib_0030;;;24K24;20241114;EcritureLib_0378;20250801;196,00;0,00;D;BQ/384;;
BQ;Banque BQ;BQ/385;20241119;41100000;CompteLib_0020;CDIVERS;DIVERS;24K27;20241119;EcritureLib_0078;20250801;0,00;1100,00;C;BQ/385;S;20250323
BQ;Banque BQ;BQ/385;20241119;51200000;CompteLib_0030;;;24K27;20241119;EcritureLib_0078;20250801;1100,00;0,00;D;BQ/385;;
BQ;Banque BQ;BQ/386;20241119;41100000;CompteLib_0020;CCOMMUNITY;COMMUNITY;24K26;20241119;EcritureLib_0177;20250801;0,00;480,00;C;BQ/386;B;20250323
BQ;Banque BQ;BQ/386;20241119;51200000;CompteLib_0030;;;24K26;20241119;EcritureLib_0177;20250801;480,00;0,00;D;BQ/386;;
BQ;Banque BQ;BQ/387;20241119;40100000;CompteLib_0018;FCARBURANT;CARBURANT;24K28;20241119;EcritureLib_0379;20250801;15,01;0,00;D;BQ/387;A;20250324
BQ;Banque BQ;BQ/387;20241119;51200000;CompteLib_0030;;;24K28;20241119;EcritureLib_0379;20250801;0,00;15,01;C;BQ/387;;
BQ;Banque BQ;BQ/388;20241120;16401000;CompteLib_0005;;;24K30;20241120;EcritureLib_0380;20250801;293,64;0,00;D;BQ/388;;
BQ;Banque BQ;BQ/388;20241120;51200000;CompteLib_0030;;;24K30;20241120;EcritureLib_0380;20250801;0,00;293,64;C;BQ/388;;
BQ;Banque BQ;BQ/388;20241120;66100000;CompteLib_0045;;;24K30;20241120;EcritureLib_0380;20250801;1,91;0,00;D;BQ/388;;
BQ;Banque BQ;BQ/388;20241120;51200000;CompteLib_0030;;;24K30;20241120;EcritureLib_0380;20250801;0,00;1,91;C;BQ/388;;
BQ;Banque BQ;BQ/388;20241120;66100000;CompteLib_0045;;;24K30;20241120;EcritureLib_0380;20250801;8,90;0,00;D;BQ/388;;
BQ;Banque BQ;BQ/388;20241120;51200000;CompteLib_0030;;;24K30;20241120;EcritureLib_0380;20250801;0,00;8,90;C;BQ/388;;
BQ;Banque BQ;BQ/389;20241121;40100000;CompteLib_0018;FRENT;RENT AND DROP;24K31;20241121;EcritureLib_0381;20250801;60,00;0,00;D;BQ/389;;
BQ;Banque BQ;BQ/389;20241121;51200000;CompteLib_0030;;;24K31;20241121;EcritureLib_0381;20250801;0,00;60,00;C;BQ/389;;
BQ;Banque BQ;BQ/390;20241122;41100000;CompteLib_0020;ATOM;ATOM CITY ;24K33;20241122;EcritureLib_0382;20250801;0,00;1375,56;C;BQ/390;R;20250323
BQ;Banque BQ;BQ/390;20241122;51200000;CompteLib_0030;;;24K33;20241122;EcritureLib_0382;20250801;320,88;0,00;D;BQ/390;;
BQ;Banque BQ;BQ/390;20241122;51200000;CompteLib_0030;;;24K33;20241122;EcritureLib_0382;20250801;1054,68;0,00;D;BQ/390;;
BQ;Banque BQ;BQ/391;20241122;41100000;CompteLib_0020;ATOM;ATOM CITY ;24K34;20241122;EcritureLib_0383;20250801;0,00;1000,00;C;BQ/391;R;20250323
BQ;Banque BQ;BQ/391;20241122;51200000;CompteLib_0030;;;24K34;20241122;EcritureLib_0383;20250801;1000,00;0,00;D;BQ/391;;
BQ;Banque BQ;BQ/392;20241122;61321000;CompteLib_0032;;;24K35;20241122;EcritureLib_0384;20250801;750,00;0,00;D;BQ/392;;
BQ;Banque BQ;BQ/392;20241122;51200000;CompteLib_0030;;;24K35;20241122;EcritureLib_0384;20250801;0,00;750,00;C;BQ/392;;
BQ;Banque BQ;BQ/393;20241125;44551000;CompteLib_0022;;;24K41;20241125;EcritureLib_0385;20250801;1605,00;0,00;D;BQ/393;B;20241212
BQ;Banque BQ;BQ/393;20241125;51200000;CompteLib_0030;;;24K41;20241125;EcritureLib_0385;20250801;0,00;1605,00;C;BQ/393;;
BQ;Banque BQ;BQ/394;20241125;40100000;CompteLib_0018;FENGIE;ENGIE;24K40;20241125;EcritureLib_0386;20250801;747,08;0,00;D;BQ/394;M;20250328
BQ;Banque BQ;BQ/394;20241125;51200000;CompteLib_0030;;;24K40;20241125;EcritureLib_0386;20250801;0,00;747,08;C;BQ/394;;
BQ;Banque BQ;BQ/395;20241125;40100000;CompteLib_0018;FPOSTE;LA POSTE;24K43;20241125;EcritureLib_0387;20250801;15,60;0,00;D;BQ/395;A;20250328
BQ;Banque BQ;BQ/395;20241125;51200000;CompteLib_0030;;;24K43;20241125;EcritureLib_0387;20250801;0,00;15,60;C;BQ/395;;
BQ;Banque BQ;BQ/396;20241125;41100000;CompteLib_0020;CKOREKUTA;KOREKUTA NO HAKINOWA;24K42;20241125;EcritureLib_0388;20250801;0,00;890,00;C;BQ/396;C;20250323
BQ;Banque BQ;BQ/396;20241125;51200000;CompteLib_0030;;;24K42;20241125;EcritureLib_0388;20250801;890,00;0,00;D;BQ/396;;
BQ;Banque BQ;BQ/397;20241126;41100000;CompteLib_0020;CDUFAYE;DUFAYE GUILLAUME;24K47;20241126;EcritureLib_0389;20250801;0,00;600,00;C;BQ/397;B;20250323
BQ;Banque BQ;BQ/397;20241126;51200000;CompteLib_0030;;;24K47;20241126;EcritureLib_0389;20250801;600,00;0,00;D;BQ/397;;
BQ;Banque BQ;BQ/398;20241126;40100000;CompteLib_0018;FSTC;STC;24K44;20241126;EcritureLib_0100;20250801;253,20;0,00;D;BQ/398;P;20241129
BQ;Banque BQ;BQ/398;20241126;51200000;CompteLib_0030;;;24K44;20241126;EcritureLib_0100;20250801;0,00;253,20;C;BQ/398;;
BQ;Banque BQ;BQ/399;20241126;41100000;CompteLib_0020;CMATHA;MATHA JULIEN;24K46;20241126;EcritureLib_0390;20250801;0,00;1850,00;C;BQ/399;A;20250323
BQ;Banque BQ;BQ/399;20241126;51200000;CompteLib_0030;;;24K46;20241126;EcritureLib_0390;20250801;1700,00;0,00;D;BQ/399;;
BQ;Banque BQ;BQ/399;20241126;51200000;CompteLib_0030;;;24K46;20241126;EcritureLib_0390;20250801;150,00;0,00;D;BQ/399;;
BQ;Banque BQ;BQ/400;20241126;41100000;CompteLib_0020;CENEDIS;ENEDIS;24K45;20241126;EcritureLib_0391;20250801;0,00;120,00;C;BQ/400;A;20250323
BQ;Banque BQ;BQ/400;20241126;51200000;CompteLib_0030;;;24K45;20241126;EcritureLib_0391;20250801;120,00;0,00;D;BQ/400;;
BQ;Banque BQ;BQ/401;20241128;60630000;CompteLib_0036;;;24K54;20241128;EcritureLib_0392;20250801;17,32;0,00;D;BQ/401;;
BQ;Banque BQ;BQ/401;20241128;44566100;CompteLib_0034;;;24K54;20241128;EcritureLib_0392;20250801;3,46;0,00;D;BQ/401;;
BQ;Banque BQ;BQ/401;20241128;51200000;CompteLib_0030;;;24K54;20241128;EcritureLib_0392;20250801;0,00;20,78;C;BQ/401;;
BQ;Banque BQ;BQ/402;20241128;40100000;CompteLib_0018;FSFR;SFR;24K53;20241128;EcritureLib_0393;20250801;24,98;0,00;D;BQ/402;J;20250220
BQ;Banque BQ;BQ/402;20241128;51200000;CompteLib_0030;;;24K53;20241128;EcritureLib_0393;20250801;0,00;24,98;C;BQ/402;;
BQ;Banque BQ;BQ/403;20241129;40910000;CompteLib_0019;;;24K56;20241129;EcritureLib_0394;20250801;10000,00;0,00;D;BQ/403;;
BQ;Banque BQ;BQ/403;20241129;51200000;CompteLib_0030;;;24K56;20241129;EcritureLib_0394;20250801;0,00;10000,00;C;BQ/403;;
BQ;Banque BQ;BQ/404;20241129;40100000;CompteLib_0018;FALIBABA;ALIBABA;24K57;20241129;EcritureLib_0395;20250801;19,44;0,00;D;BQ/404;I;20250328
BQ;Banque BQ;BQ/404;20241129;51200000;CompteLib_0030;;;24K57;20241129;EcritureLib_0395;20250801;0,00;19,44;C;BQ/404;;
BQ;Banque BQ;BQ/405;20241129;41100000;CompteLib_0020;CVIELLA;CHARLOTTE VIELLA;24K55;20241129;EcritureLib_0396;20250801;0,00;1600,00;C;BQ/405;B;20250323
BQ;Banque BQ;BQ/405;20241129;51200000;CompteLib_0030;;;24K55;20241129;EcritureLib_0396;20250801;1600,00;0,00;D;BQ/405;;
BQ;Banque BQ;BQ/406;20241202;40100000;CompteLib_0018;FGEODIS;GEODIS;24L1;20241202;EcritureLib_0134;20250801;178,30;0,00;D;BQ/406;C;20250324
BQ;Banque BQ;BQ/406;20241202;51200000;CompteLib_0030;;;24L1;20241202;EcritureLib_0134;20250801;0,00;178,30;C;BQ/406;;
BQ;Banque BQ;BQ/407;20241204;64400000;CompteLib_0049;;;24L2;20241204;EcritureLib_0157;20250801;500,00;0,00;D;BQ/407;;
BQ;Banque BQ;BQ/407;20241204;51200000;CompteLib_0030;;;24L2;20241204;EcritureLib_0157;20250801;0,00;500,00;C;BQ/407;;
BQ;Banque BQ;BQ/408;20241206;16410000;CompteLib_0006;;;24L4;20241206;EcritureLib_0397;20250801;424,86;0,00;D;BQ/408;;
BQ;Banque BQ;BQ/408;20241206;51200000;CompteLib_0030;;;24L4;20241206;EcritureLib_0397;20250801;0,00;424,86;C;BQ/408;;
BQ;Banque BQ;BQ/408;20241206;66100000;CompteLib_0045;;;24L4;20241206;EcritureLib_0397;20250801;7,79;0,00;D;BQ/408;;
BQ;Banque BQ;BQ/408;20241206;51200000;CompteLib_0030;;;24L4;20241206;EcritureLib_0397;20250801;0,00;7,79;C;BQ/408;;
BQ;Banque BQ;BQ/409;20241210;64660000;CompteLib_0046;;;24L9;20241210;EcritureLib_0081;20250801;47,09;0,00;D;BQ/409;;
BQ;Banque BQ;BQ/409;20241210;51200000;CompteLib_0030;;;24L9;20241210;EcritureLib_0081;20250801;0,00;47,09;C;BQ/409;;
BQ;Banque BQ;BQ/410;20241210;62700000;CompteLib_0047;;;24L8;20241210;EcritureLib_0398;20250801;58,41;0,00;D;BQ/410;;
BQ;Banque BQ;BQ/410;20241210;51200000;CompteLib_0030;;;24L8;20241210;EcritureLib_0398;20250801;0,00;58,41;C;BQ/410;;
BQ;Banque BQ;BQ/411;20241210;41100000;CompteLib_0020;CLIL;LIL FIGHTERS;24L10;20241210;EcritureLib_0399;20250801;0,00;728,00;C;BQ/411;;
BQ;Banque BQ;BQ/411;20241210;51200000;CompteLib_0030;;;24L10;20241210;EcritureLib_0399;20250801;728,00;0,00;D;BQ/411;;
BQ;Banque BQ;BQ/412;20241211;41100000;CompteLib_0020;ATOM;ATOM CITY ;24L11;20241211;EcritureLib_0400;20250801;0,00;1000,00;C;BQ/412;S;20250323
BQ;Banque BQ;BQ/412;20241211;51200000;CompteLib_0030;;;24L11;20241211;EcritureLib_0400;20250801;1000,00;0,00;D;BQ/412;;
BQ;Banque BQ;BQ/413;20241212;61321000;CompteLib_0032;;;24L15;20241212;EcritureLib_0401;20250801;750,00;0,00;D;BQ/413;;
BQ;Banque BQ;BQ/413;20241212;51200000;CompteLib_0030;;;24L15;20241212;EcritureLib_0401;20250801;0,00;750,00;C;BQ/413;;
BQ;Banque BQ;BQ/414;20241212;41100000;CompteLib_0020;ATOM;ATOM CITY ;24L14;20241212;EcritureLib_0402;20250801;0,00;1000,00;C;BQ/414;S;20250323
BQ;Banque BQ;BQ/414;20241212;51200000;CompteLib_0030;;;24L14;20241212;EcritureLib_0402;20250801;1000,00;0,00;D;BQ/414;;
BQ;Banque BQ;BQ/415;20241212;41100000;CompteLib_0020;CMAIPOINT;MAIPOINT FRANOIS;24L16;20241212;EcritureLib_0403;20250801;0,00;400,00;C;BQ/415;A;20250323
BQ;Banque BQ;BQ/415;20241212;51200000;CompteLib_0030;;;24L16;20241212;EcritureLib_0403;20250801;400,00;0,00;D;BQ/415;;
BQ;Banque BQ;BQ/416;20241213;41100000;CompteLib_0020;CGAME;JAMES GAME CENTER;24L18;20241213;EcritureLib_0404;20250801;0,00;1420,00;C;BQ/416;A;20250323
BQ;Banque BQ;BQ/416;20241213;51200000;CompteLib_0030;;;24L18;20241213;EcritureLib_0404;20250801;1420,00;0,00;D;BQ/416;;
BQ;Banque BQ;BQ/417;20241213;40910000;CompteLib_0019;;;24L19;20241213;EcritureLib_0405;20250801;2042,87;0,00;D;BQ/417;;
BQ;Banque BQ;BQ/417;20241213;51200000;CompteLib_0030;;;24L19;20241213;EcritureLib_0405;20250801;0,00;2042,87;C;BQ/417;;
BQ;Banque BQ;BQ/418;20241213;62700000;CompteLib_0047;;;24L20;20241213;EcritureLib_0406;20250801;10,00;0,00;D;BQ/418;;
BQ;Banque BQ;BQ/418;20241213;51200000;CompteLib_0030;;;24L20;20241213;EcritureLib_0406;20250801;0,00;10,00;C;BQ/418;;
BQ;Banque BQ;BQ/419;20241214;41100000;CompteLib_0020;CSAMMUT;EMMANUEL SAMMUT;24L22;20241214;EcritureLib_0407;20250801;0,00;700,00;C;BQ/419;A;20250323
BQ;Banque BQ;BQ/419;20241214;51200000;CompteLib_0030;;;24L22;20241214;EcritureLib_0407;20250801;700,00;0,00;D;BQ/419;;
BQ;Banque BQ;BQ/420;20241216;41100000;CompteLib_0020;CROUBAIX;VILLE DE ROUBAIX;24L25;20241216;EcritureLib_0408;20250801;0,00;600,00;C;BQ/420;A;20250323
BQ;Banque BQ;BQ/420;20241216;51200000;CompteLib_0030;;;24L25;20241216;EcritureLib_0408;20250801;600,00;0,00;D;BQ/420;;
BQ;Banque BQ;BQ/421;20241216;60630000;CompteLib_0036;;;24L27;20241216;EcritureLib_0409;20250801;46,62;0,00;D;BQ/421;;
BQ;Banque BQ;BQ/421;20241216;44566100;CompteLib_0034;;;24L27;20241216;EcritureLib_0409;20250801;9,33;0,00;D;BQ/421;;
BQ;Banque BQ;BQ/421;20241216;51200000;CompteLib_0030;;;24L27;20241216;EcritureLib_0409;20250801;0,00;55,95;C;BQ/421;;
BQ;Banque BQ;BQ/422;20241216;41100000;CompteLib_0020;CRONCHIN;MAIRIE DE RONCHIN;24L26;20241216;EcritureLib_0410;20250801;0,00;400,00;C;BQ/422;C;20250323
BQ;Banque BQ;BQ/422;20241216;51200000;CompteLib_0030;;;24L26;20241216;EcritureLib_0410;20250801;400,00;0,00;D;BQ/422;;
BQ;Banque BQ;BQ/423;20241217;41100000;CompteLib_0020;CDABE;DABE VINCENT;24L32;20241217;EcritureLib_0411;20250801;0,00;800,00;C;BQ/423;D;20250323
BQ;Banque BQ;BQ/423;20241217;51200000;CompteLib_0030;;;24L32;20241217;EcritureLib_0411;20250801;800,00;0,00;D;BQ/423;;
BQ;Banque BQ;BQ/424;20241217;41100000;CompteLib_0020;CSAVATIER;DAMIEN SAVATIER;24L28;20241217;EcritureLib_0412;20250801;0,00;1000,00;C;BQ/424;A;20250323
BQ;Banque BQ;BQ/424;20241217;51200000;CompteLib_0030;;;24L28;20241217;EcritureLib_0412;20250801;1000,00;0,00;D;BQ/424;;
BQ;Banque BQ;BQ/425;20241217;41100000;CompteLib_0020;CMILLIEZ;DOMINIQUE MILLIEZ;24L30;20241217;EcritureLib_0413;20250801;0,00;540,00;C;BQ/425;A;20250323
BQ;Banque BQ;BQ/425;20241217;51200000;CompteLib_0030;;;24L30;20241217;EcritureLib_0413;20250801;540,00;0,00;D;BQ/425;;
BQ;Banque BQ;BQ/426;20241217;41100000;CompteLib_0020;CDESIMONE;ALEXANDER DE SIMONE;24L31;20241217;EcritureLib_0414;20250801;0,00;800,00;C;BQ/426;A;20250323
BQ;Banque BQ;BQ/426;20241217;51200000;CompteLib_0030;;;24L31;20241217;EcritureLib_0414;20250801;800,00;0,00;D;BQ/426;;
BQ;Banque BQ;BQ/427;20241217;41100000;CompteLib_0020;CSLIMEN;KOUACHI SLIMEN;24L33;20241217;EcritureLib_0415;20250801;0,00;800,00;C;BQ/427;A;20250323
BQ;Banque BQ;BQ/427;20241217;51200000;CompteLib_0030;;;24L33;20241217;EcritureLib_0415;20250801;800,00;0,00;D;BQ/427;;
BQ;Banque BQ;BQ/428;20241217;41100000;CompteLib_0020;CJOUTET;JULIEN JOUTET;24L29;20241217;EcritureLib_0416;20250801;0,00;560,00;C;BQ/428;A;20250323
BQ;Banque BQ;BQ/428;20241217;51200000;CompteLib_0030;;;24L29;20241217;EcritureLib_0416;20250801;560,00;0,00;D;BQ/428;;
BQ;Banque BQ;BQ/429;20241218;41100000;CompteLib_0020;CDEGRANGE;JORDAN DEGRANGE;24L43;20241218;EcritureLib_0417;20250801;0,00;800,00;C;BQ/429;A;20250323
BQ;Banque BQ;BQ/429;20241218;51200000;CompteLib_0030;;;24L43;20241218;EcritureLib_0417;20250801;800,00;0,00;D;BQ/429;;
BQ;Banque BQ;BQ/430;20241218;41100000;CompteLib_0020;CNAUDIN;CLEMENT NAUDIN;24L41;20241218;EcritureLib_0418;20250801;0,00;800,00;C;BQ/430;A;20250323
BQ;Banque BQ;BQ/430;20241218;51200000;CompteLib_0030;;;24L41;20241218;EcritureLib_0418;20250801;800,00;0,00;D;BQ/430;;
BQ;Banque BQ;BQ/431;20241218;41100000;CompteLib_0020;CDESOUSA;DE SOUSA FRANCISCO;24L42;20241218;EcritureLib_0331;20250801;0,00;800,00;C;BQ/431;C;20250323
BQ;Banque BQ;BQ/431;20241218;51200000;CompteLib_0030;;;24L42;20241218;EcritureLib_0331;20250801;800,00;0,00;D;BQ/431;;
BQ;Banque BQ;BQ/432;20241219;41100000;CompteLib_0020;CECHELARD;ECHELARD NICOLAS;24L47;20241219;EcritureLib_0419;20250801;0,00;800,00;C;BQ/432;A;20250323
BQ;Banque BQ;BQ/432;20241219;51200000;CompteLib_0030;;;24L47;20241219;EcritureLib_0419;20250801;800,00;0,00;D;BQ/432;;
BQ;Banque BQ;BQ/433;20241220;41100000;CompteLib_0020;CLAMBERSART;VILLE DE LAMBERSART;24L51;20241220;EcritureLib_0420;20250801;0,00;550,00;C;BQ/433;C;20250323
BQ;Banque BQ;BQ/433;20241220;51200000;CompteLib_0030;;;24L51;20241220;EcritureLib_0420;20250801;550,00;0,00;D;BQ/433;;
BQ;Banque BQ;BQ/434;20241220;41100000;CompteLib_0020;CECHELARD;ECHELARD NICOLAS;24L52;20241220;EcritureLib_0421;20250801;0,00;800,00;C;BQ/434;B;20250323
BQ;Banque BQ;BQ/434;20241220;51200000;CompteLib_0030;;;24L52;20241220;EcritureLib_0421;20250801;800,00;0,00;D;BQ/434;;
BQ;Banque BQ;BQ/435;20241220;40100000;CompteLib_0018;FMETRO;METRO;24L54;20241220;EcritureLib_0422;20250801;78,59;0,00;D;BQ/435;R;20250328
BQ;Banque BQ;BQ/435;20241220;51200000;CompteLib_0030;;;24L54;20241220;EcritureLib_0422;20250801;0,00;78,59;C;BQ/435;;
BQ;Banque BQ;BQ/435;20241220;40100000;CompteLib_0018;FMETRO;METRO;24L54;20241220;EcritureLib_0422;20250801;224,55;0,00;D;BQ/435;R;20250328
BQ;Banque BQ;BQ/435;20241220;51200000;CompteLib_0030;;;24L54;20241220;EcritureLib_0422;20250801;0,00;224,55;C;BQ/435;;
BQ;Banque BQ;BQ/436;20241220;16401000;CompteLib_0005;;;24L55;20241220;EcritureLib_0423;20250801;293,79;0,00;D;BQ/436;;
BQ;Banque BQ;BQ/436;20241220;51200000;CompteLib_0030;;;24L55;20241220;EcritureLib_0423;20250801;0,00;293,79;C;BQ/436;;
BQ;Banque BQ;BQ/436;20241220;66100000;CompteLib_0045;;;24L55;20241220;EcritureLib_0423;20250801;1,76;0,00;D;BQ/436;;
BQ;Banque BQ;BQ/436;20241220;51200000;CompteLib_0030;;;24L55;20241220;EcritureLib_0423;20250801;0,00;1,76;C;BQ/436;;
BQ;Banque BQ;BQ/436;20241220;66100000;CompteLib_0045;;;24L55;20241220;EcritureLib_0423;20250801;8,90;0,00;D;BQ/436;;
BQ;Banque BQ;BQ/436;20241220;51200000;CompteLib_0030;;;24L55;20241220;EcritureLib_0423;20250801;0,00;8,90;C;BQ/436;;
BQ;Banque BQ;BQ/437;20241220;41100000;CompteLib_0020;CBOURSICOT;MICKAEL BOURSICOT;24L53;20241220;EcritureLib_0424;20250801;0,00;800,00;C;BQ/437;C;20250323
BQ;Banque BQ;BQ/437;20241220;51200000;CompteLib_0030;;;24L53;20241220;EcritureLib_0424;20250801;800,00;0,00;D;BQ/437;;
BQ;Banque BQ;BQ/438;20241221;41100000;CompteLib_0020;CMESSAOUDI;NICOLAS MESSAOUDI;24L59;20241221;EcritureLib_0425;20250801;0,00;800,00;C;BQ/438;B;20250323
BQ;Banque BQ;BQ/438;20241221;51200000;CompteLib_0030;;;24L59;20241221;EcritureLib_0425;20250801;800,00;0,00;D;BQ/438;;
BQ;Banque BQ;BQ/439;20241223;44551000;CompteLib_0022;;;24L63;20241223;EcritureLib_0426;20250801;2252,00;0,00;D;BQ/439;D;20250329
BQ;Banque BQ;BQ/439;20241223;51200000;CompteLib_0030;;;24L63;20241223;EcritureLib_0426;20250801;0,00;2252,00;C;BQ/439;;
BQ;Banque BQ;BQ/440;20241223;64600000;CompteLib_0050;;;24L61;20241223;EcritureLib_0279;20250801;28,00;0,00;D;BQ/440;;
BQ;Banque BQ;BQ/440;20241223;51200000;CompteLib_0030;;;24L61;20241223;EcritureLib_0279;20250801;0,00;28,00;C;BQ/440;;
BQ;Banque BQ;BQ/441;20241223;41100000;CompteLib_0020;CDACOSTA;RAFAEL FERNANDES DA COSTA;24L65;20241223;EcritureLib_0427;20250801;0,00;700,00;C;BQ/441;A;20250323
BQ;Banque BQ;BQ/441;20241223;51200000;CompteLib_0030;;;24L65;20241223;EcritureLib_0427;20250801;700,00;0,00;D;BQ/441;;
BQ;Banque BQ;BQ/442;20241223;41100000;CompteLib_0020;CFEDERATION;FDRATION DU NORD;24L64;20241223;EcritureLib_0428;20250801;0,00;350,00;C;BQ/442;A;20250323
BQ;Banque BQ;BQ/442;20241223;51200000;CompteLib_0030;;;24L64;20241223;EcritureLib_0428;20250801;350,00;0,00;D;BQ/442;;
BQ;Banque BQ;BQ/443;20241223;64600000;CompteLib_0050;;;24L62;20241223;EcritureLib_0279;20250801;3720,00;0,00;D;BQ/443;;
BQ;Banque BQ;BQ/443;20241223;51200000;CompteLib_0030;;;24L62;20241223;EcritureLib_0279;20250801;0,00;3720,00;C;BQ/443;;
BQ;Banque BQ;BQ/444;20241224;40100000;CompteLib_0018;FSTC;STC;24L68;20241224;EcritureLib_0100;20250801;253,20;0,00;D;BQ/444;Q;20241227
BQ;Banque BQ;BQ/444;20241224;51200000;CompteLib_0030;;;24L68;20241224;EcritureLib_0100;20250801;0,00;253,20;C;BQ/444;;
BQ;Banque BQ;BQ/445;20241224;41100000;CompteLib_0020;CNABIL;LAGHMARI NABIL;24L69;20241224;EcritureLib_0078;20250801;0,00;300,00;C;BQ/445;B;20250323
BQ;Banque BQ;BQ/445;20241224;51200000;CompteLib_0030;;;24L69;20241224;EcritureLib_0078;20250801;300,00;0,00;D;BQ/445;;
BQ;Banque BQ;BQ/446;20241224;40100000;CompteLib_0018;FENGIE;ENGIE;24L67;20241224;EcritureLib_0429;20250801;1773,95;0,00;D;BQ/446;N;20250328
BQ;Banque BQ;BQ/446;20241224;51200000;CompteLib_0030;;;24L67;20241224;EcritureLib_0429;20250801;0,00;1773,95;C;BQ/446;;
BQ;Banque BQ;BQ/447;20241226;41100000;CompteLib_0020;CMAURO;THOMAS MAURO;24L70;20241226;EcritureLib_0430;20250801;0,00;800,00;C;BQ/447;A;20250323
BQ;Banque BQ;BQ/447;20241226;51200000;CompteLib_0030;;;24L70;20241226;EcritureLib_0430;20250801;800,00;0,00;D;BQ/447;;
BQ;Banque BQ;BQ/448;20241227;63511000;CompteLib_0044;;;24L72;20241227;EcritureLib_0431;20250801;594,00;0,00;D;BQ/448;;
BQ;Banque BQ;BQ/448;20241227;51200000;CompteLib_0030;;;24L72;20241227;EcritureLib_0431;20250801;0,00;594,00;C;BQ/448;;
BQ;Banque BQ;BQ/449;20241228;41100000;CompteLib_0020;CDORIAN;DORIAN NICOLETTI;24L73;20241228;EcritureLib_0093;20250801;0,00;800,00;C;BQ/449;;
BQ;Banque BQ;BQ/449;20241228;51200000;CompteLib_0030;;;24L73;20241228;EcritureLib_0093;20250801;800,00;0,00;D;BQ/449;;
BQ;Banque BQ;BQ/450;20241230;64400000;CompteLib_0049;;;24L79;20241230;EcritureLib_0157;20250801;500,00;0,00;D;BQ/450;;
BQ;Banque BQ;BQ/450;20241230;51200000;CompteLib_0030;;;24L79;20241230;EcritureLib_0157;20250801;0,00;500,00;C;BQ/450;;
BQ;Banque BQ;BQ/451;20241230;40910000;CompteLib_0019;;;24L78;20241230;EcritureLib_0432;20250801;7000,00;0,00;D;BQ/451;;
BQ;Banque BQ;BQ/451;20241230;51200000;CompteLib_0030;;;24L78;20241230;EcritureLib_0432;20250801;0,00;7000,00;C;BQ/451;;
BQ;Banque BQ;BQ/452;20241230;40100000;CompteLib_0018;FSFR;SFR;24L76;20241230;EcritureLib_0433;20250801;24,98;0,00;D;BQ/452;K;20250220
BQ;Banque BQ;BQ/452;20241230;51200000;CompteLib_0030;;;24L76;20241230;EcritureLib_0433;20250801;0,00;24,98;C;BQ/452;;
BQ;Banque BQ;BQ/453;20241230;40100000;CompteLib_0018;FGEODIS;GEODIS;24L77;20241230;EcritureLib_0134;20250801;148,03;0,00;D;BQ/453;C;20250324
BQ;Banque BQ;BQ/453;20241230;51200000;CompteLib_0030;;;24L77;20241230;EcritureLib_0134;20250801;0,00;148,03;C;BQ/453;;
BQ;Banque BQ;BQ/454;20241230;41100000;CompteLib_0020;CFERRET;FERRET MAXENCE;24L80;20241230;EcritureLib_0434;20250801;0,00;800,00;C;BQ/454;A;20250323
BQ;Banque BQ;BQ/454;20241230;51200000;CompteLib_0030;;;24L80;20241230;EcritureLib_0434;20250801;800,00;0,00;D;BQ/454;;
BQ;Banque BQ;BQ/455;20241230;41100000;CompteLib_0020;CBELLAIZE;BELLAIZE;24L75;20241230;EcritureLib_0435;20250801;0,00;800,00;C;BQ/455;B;20250323
BQ;Banque BQ;BQ/455;20241230;51200000;CompteLib_0030;;;24L75;20241230;EcritureLib_0435;20250801;800,00;0,00;D;BQ/455;;
BQ;Banque BQ;BQ/456;20241231;41100000;CompteLib_0020;CBOUTREAU;EURL BOUTRAU RAPHAL;24L83;20241231;EcritureLib_0436;20250801;0,00;2500,00;C;BQ/456;B;20250323
BQ;Banque BQ;BQ/456;20241231;51200000;CompteLib_0030;;;24L83;20241231;EcritureLib_0436;20250801;2500,00;0,00;D;BQ/456;;
EX;Extourne;EX/1;20240101;64600000;CompteLib_0050;;;24A2;20240101;EcritureLib_0437;20250801;0,00;4530,00;C;EX/1;;
EX;Extourne;EX/1;20240101;43860000;CompteLib_0021;;;24A2;20240101;EcritureLib_0437;20250801;4530,00;0,00;D;EX/1;;
EX;Extourne;EX/1;20240101;63730000;CompteLib_0055;;;24A2;20240101;EcritureLib_0438;20250801;0,00;591,00;C;EX/1;;
EX;Extourne;EX/1;20240101;43860000;CompteLib_0021;;;24A2;20240101;EcritureLib_0438;20250801;591,00;0,00;D;EX/1;;
EX;Extourne;EX/1;20240101;64600000;CompteLib_0050;;;24A2;20240101;EcritureLib_0439;20250801;63,00;0,00;D;EX/1;;
EX;Extourne;EX/1;20240101;48600000;CompteLib_0029;;;24A2;20240101;EcritureLib_0439;20250801;0,00;63,00;C;EX/1;;
EX;Extourne;EX/1;20240101;63730000;CompteLib_0055;;;24A2;20240101;EcritureLib_0440;20250801;0,00;1107,00;C;EX/1;;
EX;Extourne;EX/1;20240101;43860000;CompteLib_0021;;;24A2;20240101;EcritureLib_0440;20250801;1107,00;0,00;D;EX/1;;
EX;Extourne;EX/1;20240101;63330000;CompteLib_0056;;;24A2;20240101;EcritureLib_0441;20250801;0,00;671,00;C;EX/1;;
EX;Extourne;EX/1;20240101;43860000;CompteLib_0021;;;24A2;20240101;EcritureLib_0441;20250801;671,00;0,00;D;EX/1;;
EX;Extourne;EX/2;20241231;37000000;CompteLib_0017;;;24L86;20241231;EcritureLib_0442;20250801;29858,50;0,00;D;EX/2;;
EX;Extourne;EX/2;20241231;60370000;CompteLib_0057;;;24L86;20241231;EcritureLib_0442;20250801;0,00;29858,50;C;EX/2;;
EX;Extourne;EX/3;20241231;64600000;CompteLib_0050;;;24L138;20241231;EcritureLib_0443;20250801;258,00;0,00;D;EX/3;;
EX;Extourne;EX/3;20241231;43860000;CompteLib_0021;;;24L138;20241231;EcritureLib_0443;20250801;0,00;258,00;C;EX/3;;
EX;Extourne;EX/3;20241231;63730000;CompteLib_0055;;;24L138;20241231;EcritureLib_0444;20250801;0,00;74,00;C;EX/3;;
EX;Extourne;EX/3;20241231;48600000;CompteLib_0029;;;24L138;20241231;EcritureLib_0444;20250801;74,00;0,00;D;EX/3;;
OD;Oprations diverses;OD/1;20240101;40910000;CompteLib_0019;;;24A4;20240101;EcritureLib_0445;20250801;0,00;39000,00;C;OD/1;B;20250521
OD;Oprations diverses;OD/1;20240101;60700000;CompteLib_0043;;;24A4;20240101;EcritureLib_0445;20250801;39000,00;0,00;D;OD/1;;
OD;Oprations diverses;OD/2;20240101;37000000;CompteLib_0017;;;24A3;20240101;EcritureLib_0446;20250801;0,00;17334,50;C;OD/2;;
OD;Oprations diverses;OD/2;20240101;60370000;CompteLib_0057;;;24A3;20240101;EcritureLib_0446;20250801;17334,50;0,00;D;OD/2;;
OD;Oprations diverses;OD/3;20240131;44571700;CompteLib_0023;;;24A58;20240131;EcritureLib_0447;20250801;1003,00;0,00;D;OD/3;;
OD;Oprations diverses;OD/3;20240131;44566100;CompteLib_0034;;;24A58;20240131;EcritureLib_0447;20250801;0,00;454,00;C;OD/3;;
OD;Oprations diverses;OD/3;20240131;44551000;CompteLib_0022;;;24A58;20240131;EcritureLib_0447;20250801;0,00;549,00;C;OD/3;;
OD;Oprations diverses;OD/4;20240229;44571700;CompteLib_0023;;;24B63;20240229;EcritureLib_0448;20250801;1706,00;0,00;D;OD/4;;
OD;Oprations diverses;OD/4;20240229;44566100;CompteLib_0034;;;24B63;20240229;EcritureLib_0448;20250801;0,00;576,00;C;OD/4;;
OD;Oprations diverses;OD/4;20240229;44551000;CompteLib_0022;;;24B63;20240229;EcritureLib_0448;20250801;0,00;1130,00;C;OD/4;;
OD;Oprations diverses;OD/5;20240331;44571700;CompteLib_0023;;;24C48;20240331;EcritureLib_0449;20250801;1483,00;0,00;D;OD/5;;
OD;Oprations diverses;OD/5;20240331;44566100;CompteLib_0034;;;24C48;20240331;EcritureLib_0449;20250801;0,00;563,00;C;OD/5;;
OD;Oprations diverses;OD/5;20240331;44551000;CompteLib_0022;;;24C48;20240331;EcritureLib_0449;20250801;0,00;920,00;C;OD/5;;
OD;Oprations diverses;OD/6;20240430;44566100;CompteLib_0034;;;24D73;20240430;EcritureLib_0450;20250801;0,00;624,00;C;OD/6;;
OD;Oprations diverses;OD/6;20240430;44571700;CompteLib_0023;;;24D73;20240430;EcritureLib_0450;20250801;5426,00;0,00;D;OD/6;;
OD;Oprations diverses;OD/6;20240430;44551000;CompteLib_0022;;;24D73;20240430;EcritureLib_0450;20250801;0,00;4802,00;C;OD/6;;
OD;Oprations diverses;OD/7;20240531;44571700;CompteLib_0023;;;24E48;20240531;EcritureLib_0451;20250801;2008,00;0,00;D;OD/7;;
OD;Oprations diverses;OD/7;20240531;44566100;CompteLib_0034;;;24E48;20240531;EcritureLib_0451;20250801;0,00;450,00;C;OD/7;;
OD;Oprations diverses;OD/7;20240531;44551000;CompteLib_0022;;;24E48;20240531;EcritureLib_0451;20250801;0,00;1558,00;C;OD/7;J;20250728
OD;Oprations diverses;OD/8;20240630;44571700;CompteLib_0023;;;24F60;20240630;EcritureLib_0452;20250801;1785,00;0,00;D;OD/8;;
OD;Oprations diverses;OD/8;20240630;44566100;CompteLib_0034;;;24F60;20240630;EcritureLib_0452;20250801;0,00;383,00;C;OD/8;;
OD;Oprations diverses;OD/8;20240630;44551000;CompteLib_0022;;;24F60;20240630;EcritureLib_0452;20250801;0,00;1402,00;C;OD/8;;
OD;Oprations diverses;OD/9;20240731;44571700;CompteLib_0023;;;24G63;20240731;EcritureLib_0453;20250801;2560,00;0,00;D;OD/9;;
OD;Oprations diverses;OD/9;20240731;44566100;CompteLib_0034;;;24G63;20240731;EcritureLib_0453;20250801;0,00;316,00;C;OD/9;;
OD;Oprations diverses;OD/9;20240731;44551000;CompteLib_0022;;;24G63;20240731;EcritureLib_0453;20250801;0,00;2244,00;C;OD/9;;
OD;Oprations diverses;OD/10;20240831;44571700;CompteLib_0023;;;24H50;20240831;EcritureLib_0454;20250801;1598,00;0,00;D;OD/10;;
OD;Oprations diverses;OD/10;20240831;44566100;CompteLib_0034;;;24H50;20240831;EcritureLib_0454;20250801;0,00;130,00;C;OD/10;;
OD;Oprations diverses;OD/10;20240831;44551000;CompteLib_0022;;;24H50;20240831;EcritureLib_0454;20250801;0,00;1468,00;C;OD/10;;
OD;Oprations diverses;OD/11;20240930;44571700;CompteLib_0023;;;24I70;20240930;EcritureLib_0455;20250801;2655,00;0,00;D;OD/11;;
OD;Oprations diverses;OD/11;20240930;44566100;CompteLib_0034;;;24I70;20240930;EcritureLib_0455;20250801;0,00;289,00;C;OD/11;;
OD;Oprations diverses;OD/11;20240930;44551000;CompteLib_0022;;;24I70;20240930;EcritureLib_0455;20250801;0,00;2366,00;C;OD/11;A;20241120
OD;Oprations diverses;OD/12;20241031;44571700;CompteLib_0023;;;24J72;20241031;EcritureLib_0456;20250801;2328,00;0,00;D;OD/12;;
OD;Oprations diverses;OD/12;20241031;44571200;CompteLib_0058;;;24J72;20241031;EcritureLib_0456;20250801;73,00;0,00;D;OD/12;;
OD;Oprations diverses;OD/12;20241031;44566100;CompteLib_0034;;;24J72;20241031;EcritureLib_0456;20250801;0,00;796,00;C;OD/12;;
OD;Oprations diverses;OD/12;20241031;44551000;CompteLib_0022;;;24J72;20241031;EcritureLib_0456;20250801;0,00;1605,00;C;OD/12;B;20241212
OD;Oprations diverses;OD/13;20241130;44571700;CompteLib_0023;;;24K60;20241130;EcritureLib_0457;20250801;2478,00;0,00;D;OD/13;;
OD;Oprations diverses;OD/13;20241130;44566100;CompteLib_0034;;;24K60;20241130;EcritureLib_0457;20250801;0,00;226,00;C;OD/13;;
OD;Oprations diverses;OD/13;20241130;44551000;CompteLib_0022;;;24K60;20241130;EcritureLib_0457;20250801;0,00;2252,00;C;OD/13;D;20250329
OD;Oprations diverses;OD/14;20241231;64660000;CompteLib_0046;;;24L87;20241231;EcritureLib_0458;20250801;0,00;9,60;C;OD/14;;
OD;Oprations diverses;OD/14;20241231;64400000;CompteLib_0049;;;24L87;20241231;EcritureLib_0458;20250801;9,60;0,00;D;OD/14;;
OD;Oprations diverses;OD/15;20241231;44571700;CompteLib_0023;;;24L84;20241231;EcritureLib_0459;20250801;3670,00;0,00;D;OD/15;;
OD;Oprations diverses;OD/15;20241231;44566100;CompteLib_0034;;;24L84;20241231;EcritureLib_0459;20250801;0,00;402,00;C;OD/15;;
OD;Oprations diverses;OD/15;20241231;44551000;CompteLib_0022;;;24L84;20241231;EcritureLib_0459;20250801;0,00;3268,00;C;OD/15;K;20250728
OD;Oprations diverses;OD/16;20241231;64140000;CompteLib_0059;;;24L136;20241231;EcritureLib_0460;20250801;6000,00;0,00;D;OD/16;;
OD;Oprations diverses;OD/16;20241231;79100000;CompteLib_0060;;;24L136;20241231;EcritureLib_0460;20250801;0,00;6000,00;C;OD/16;;
OD;Oprations diverses;OD/17;20241231;64600000;CompteLib_0050;;;24L137;20241231;EcritureLib_0461;20250801;0,00;2869,00;C;OD/17;;
OD;Oprations diverses;OD/17;20241231;63730000;CompteLib_0055;;;24L137;20241231;EcritureLib_0461;20250801;2869,00;0,00;D;OD/17;;
OD;Oprations diverses;OD/17;20241231;64600000;CompteLib_0050;;;24L137;20241231;EcritureLib_0462;20250801;0,00;1190,00;C;OD/17;;
OD;Oprations diverses;OD/17;20241231;64400000;CompteLib_0049;;;24L137;20241231;EcritureLib_0462;20250801;1190,00;0,00;D;OD/17;;
OD;Oprations diverses;OD/17;20241231;64600000;CompteLib_0050;;;24L137;20241231;EcritureLib_0463;20250801;0,00;787,00;C;OD/17;;
OD;Oprations diverses;OD/17;20241231;63330000;CompteLib_0056;;;24L137;20241231;EcritureLib_0463;20250801;787,00;0,00;D;OD/17;;
UT;UT;UT/1;20240610;40100000;CompteLib_0018;FALIBABA;ALIBABA;24F23;20240610;EcritureLib_0464;20250801;0,00;0,16;C;UT/1;H;20250328
UT;UT;UT/1;20240610;65800000;CompteLib_0061;;;24F23;20240610;EcritureLib_0464;20250801;0,16;0,00;D;UT/1;;
UT;UT;UT/2;20240617;10680000;CompteLib_0003;;;24F33;20240617;EcritureLib_0465;20250801;0,00;1581,76;C;UT/2;;
UT;UT;UT/2;20240617;12000000;CompteLib_0031;;;24F33;20240617;EcritureLib_0465;20250801;1581,76;0,00;D;UT/2;;
UT;UT;UT/3;20240620;40100000;CompteLib_0018;FRENT;RENT AND DROP;24F45;20240620;EcritureLib_0464;20250801;0,00;141,60;C;UT/3;S;20250328
UT;UT;UT/3;20240620;61352000;CompteLib_0040;;;24F45;20240620;EcritureLib_0464;20250801;141,60;0,00;D;UT/3;;
UT;UT;UT/4;20240812;40100000;CompteLib_0018;FALIBABA;ALIBABA;24H25;20240812;EcritureLib_0464;20250801;0,04;0,00;D;UT/4;B;20250324
UT;UT;UT/4;20240812;75800000;CompteLib_0062;;;24H25;20240812;EcritureLib_0464;20250801;0,00;0,04;C;UT/4;;
UT;UT;UT/5;20240812;40100000;CompteLib_0018;FALIBABA;ALIBABA;24H26;20240812;EcritureLib_0464;20250801;0,01;0,00;D;UT/5;C;20250324
UT;UT;UT/5;20240812;75800000;CompteLib_0062;;;24H26;20240812;EcritureLib_0464;20250801;0,00;0,01;C;UT/5;;
UT;UT;UT/6;20240916;40100000;CompteLib_0018;FALIBABA;ALIBABA;24I40;20240916;EcritureLib_0464;20250801;0,01;0,00;D;UT/6;G;20250328
UT;UT;UT/6;20240916;75800000;CompteLib_0062;;;24I40;20240916;EcritureLib_0464;20250801;0,00;0,01;C;UT/6;;
UT;UT;UT/7;20241129;40100000;CompteLib_0018;FALIBABA;ALIBABA;24K59;20241129;EcritureLib_0464;20250801;1,35;0,00;D;UT/7;I;20250328
UT;UT;UT/7;20241129;75800000;CompteLib_0062;;;24K59;20241129;EcritureLib_0464;20250801;0,00;1,35;C;UT/7;;
UT;UT;UT/8;20241231;68112000;CompteLib_0063;;;24L93;20241231;EcritureLib_0466;20250801;10,11;0,00;D;UT/8;;
UT;UT;UT/8;20241231;28181000;CompteLib_0014;;;24L93;20241231;EcritureLib_0466;20250801;0,00;10,11;C;UT/8;;
UT;UT;UT/9;20241231;68112000;CompteLib_0063;;;24L94;20241231;EcritureLib_0467;20250801;7,80;0,00;D;UT/9;;
UT;UT;UT/9;20241231;28181000;CompteLib_0014;;;24L94;20241231;EcritureLib_0467;20250801;0,00;7,80;C;UT/9;;
UT;UT;UT/10;20241231;68112000;CompteLib_0063;;;24L95;20241231;EcritureLib_0468;20250801;1,06;0,00;D;UT/10;;
UT;UT;UT/10;20241231;28181000;CompteLib_0014;;;24L95;20241231;EcritureLib_0468;20250801;0,00;1,06;C;UT/10;;
UT;UT;UT/11;20241231;68112000;CompteLib_0063;;;24L96;20241231;EcritureLib_0469;20250801;5,69;0,00;D;UT/11;;
UT;UT;UT/11;20241231;28181000;CompteLib_0014;;;24L96;20241231;EcritureLib_0469;20250801;0,00;5,69;C;UT/11;;
UT;UT;UT/12;20241231;68112000;CompteLib_0063;;;24L97;20241231;EcritureLib_0470;20250801;33,26;0,00;D;UT/12;;
UT;UT;UT/12;20241231;28181000;CompteLib_0014;;;24L97;20241231;EcritureLib_0470;20250801;0,00;33,26;C;UT/12;;
UT;UT;UT/13;20241231;68112000;CompteLib_0063;;;24L98;20241231;EcritureLib_0471;20250801;1,49;0,00;D;UT/13;;
UT;UT;UT/13;20241231;28181000;CompteLib_0014;;;24L98;20241231;EcritureLib_0471;20250801;0,00;1,49;C;UT/13;;
UT;UT;UT/14;20241231;68112000;CompteLib_0063;;;24L99;20241231;EcritureLib_0472;20250801;2,33;0,00;D;UT/14;;
UT;UT;UT/14;20241231;28181000;CompteLib_0014;;;24L99;20241231;EcritureLib_0472;20250801;0,00;2,33;C;UT/14;;
UT;UT;UT/15;20241231;68112000;CompteLib_0063;;;24L100;20241231;EcritureLib_0473;20250801;0,23;0,00;D;UT/15;;
UT;UT;UT/15;20241231;28181000;CompteLib_0014;;;24L100;20241231;EcritureLib_0473;20250801;0,00;0,23;C;UT/15;;
UT;UT;UT/16;20241231;68112000;CompteLib_0063;;;24L101;20241231;EcritureLib_0474;20250801;0,82;0,00;D;UT/16;;
UT;UT;UT/16;20241231;28181000;CompteLib_0014;;;24L101;20241231;EcritureLib_0474;20250801;0,00;0,82;C;UT/16;;
UT;UT;UT/17;20241231;68112000;CompteLib_0063;;;24L102;20241231;EcritureLib_0475;20250801;3,50;0,00;D;UT/17;;
UT;UT;UT/17;20241231;28181000;CompteLib_0014;;;24L102;20241231;EcritureLib_0475;20250801;0,00;3,50;C;UT/17;;
UT;UT;UT/18;20241231;68112000;CompteLib_0063;;;24L103;20241231;EcritureLib_0476;20250801;25,68;0,00;D;UT/18;;
UT;UT;UT/18;20241231;28181000;CompteLib_0014;;;24L103;20241231;EcritureLib_0476;20250801;0,00;25,68;C;UT/18;;
UT;UT;UT/19;20241231;68112000;CompteLib_0063;;;24L104;20241231;EcritureLib_0477;20250801;10,78;0,00;D;UT/19;;
UT;UT;UT/19;20241231;28181000;CompteLib_0014;;;24L104;20241231;EcritureLib_0477;20250801;0,00;10,78;C;UT/19;;
UT;UT;UT/20;20241231;68112000;CompteLib_0063;;;24L105;20241231;EcritureLib_0478;20250801;3,73;0,00;D;UT/20;;
UT;UT;UT/20;20241231;28181000;CompteLib_0014;;;24L105;20241231;EcritureLib_0478;20250801;0,00;3,73;C;UT/20;;
UT;UT;UT/21;20241231;68112000;CompteLib_0063;;;24L106;20241231;EcritureLib_0479;20250801;55,37;0,00;D;UT/21;;
UT;UT;UT/21;20241231;28181000;CompteLib_0014;;;24L106;20241231;EcritureLib_0479;20250801;0,00;55,37;C;UT/21;;
UT;UT;UT/22;20241231;68112000;CompteLib_0063;;;24L107;20241231;EcritureLib_0480;20250801;22,71;0,00;D;UT/22;;
UT;UT;UT/22;20241231;28181000;CompteLib_0014;;;24L107;20241231;EcritureLib_0480;20250801;0,00;22,71;C;UT/22;;
UT;UT;UT/23;20241231;68112000;CompteLib_0063;;;24L108;20241231;EcritureLib_0481;20250801;0,55;0,00;D;UT/23;;
UT;UT;UT/23;20241231;28181000;CompteLib_0014;;;24L108;20241231;EcritureLib_0481;20250801;0,00;0,55;C;UT/23;;
UT;UT;UT/24;20241231;68112000;CompteLib_0063;;;24L110;20241231;EcritureLib_0482;20250801;15,54;0,00;D;UT/24;;
UT;UT;UT/24;20241231;28181000;CompteLib_0014;;;24L110;20241231;EcritureLib_0482;20250801;0,00;15,54;C;UT/24;;
UT;UT;UT/25;20241231;68112000;CompteLib_0063;;;24L111;20241231;EcritureLib_0483;20250801;1,47;0,00;D;UT/25;;
UT;UT;UT/25;20241231;28181000;CompteLib_0014;;;24L111;20241231;EcritureLib_0483;20250801;0,00;1,47;C;UT/25;;
UT;UT;UT/26;20241231;68112000;CompteLib_0063;;;24L112;20241231;EcritureLib_0484;20250801;9,99;0,00;D;UT/26;;
UT;UT;UT/26;20241231;28181000;CompteLib_0014;;;24L112;20241231;EcritureLib_0484;20250801;0,00;9,99;C;UT/26;;
UT;UT;UT/27;20241231;68112000;CompteLib_0063;;;24L113;20241231;EcritureLib_0485;20250801;1,29;0,00;D;UT/27;;
UT;UT;UT/27;20241231;28181000;CompteLib_0014;;;24L113;20241231;EcritureLib_0485;20250801;0,00;1,29;C;UT/27;;
UT;UT;UT/28;20241231;68112000;CompteLib_0063;;;24L114;20241231;EcritureLib_0486;20250801;1,01;0,00;D;UT/28;;
UT;UT;UT/28;20241231;28181000;CompteLib_0014;;;24L114;20241231;EcritureLib_0486;20250801;0,00;1,01;C;UT/28;;
UT;UT;UT/29;20241231;68112000;CompteLib_0063;;;24L115;20241231;EcritureLib_0487;20250801;5,19;0,00;D;UT/29;;
UT;UT;UT/29;20241231;28181000;CompteLib_0014;;;24L115;20241231;EcritureLib_0487;20250801;0,00;5,19;C;UT/29;;
UT;UT;UT/30;20241231;68112000;CompteLib_0063;;;24L116;20241231;EcritureLib_0488;20250801;765,77;0,00;D;UT/30;;
UT;UT;UT/30;20241231;28181000;CompteLib_0014;;;24L116;20241231;EcritureLib_0488;20250801;0,00;765,77;C;UT/30;;
UT;UT;UT/31;20241231;68112000;CompteLib_0063;;;24L117;20241231;EcritureLib_0489;20250801;251,17;0,00;D;UT/31;;
UT;UT;UT/31;20241231;28184000;CompteLib_0016;;;24L117;20241231;EcritureLib_0489;20250801;0,00;251,17;C;UT/31;;
UT;UT;UT/32;20241231;68112000;CompteLib_0063;;;24L118;20241231;EcritureLib_0490;20250801;78,50;0,00;D;UT/32;;
UT;UT;UT/32;20241231;28184000;CompteLib_0016;;;24L118;20241231;EcritureLib_0490;20250801;0,00;78,50;C;UT/32;;
UT;UT;UT/33;20241231;68112000;CompteLib_0063;;;24L119;20241231;EcritureLib_0491;20250801;715,00;0,00;D;UT/33;;
UT;UT;UT/33;20241231;28154000;CompteLib_0013;;;24L119;20241231;EcritureLib_0491;20250801;0,00;715,00;C;UT/33;;
UT;UT;UT/34;20241231;68112000;CompteLib_0063;;;24L120;20241231;EcritureLib_0492;20250801;245,00;0,00;D;UT/34;;
UT;UT;UT/34;20241231;28154000;CompteLib_0013;;;24L120;20241231;EcritureLib_0492;20250801;0,00;245,00;C;UT/34;;
UT;UT;UT/35;20241231;68112000;CompteLib_0063;;;24L121;20241231;EcritureLib_0493;20250801;320,00;0,00;D;UT/35;;
UT;UT;UT/35;20241231;28154000;CompteLib_0013;;;24L121;20241231;EcritureLib_0493;20250801;0,00;320,00;C;UT/35;;
UT;UT;UT/36;20241231;68112000;CompteLib_0063;;;24L122;20241231;EcritureLib_0494;20250801;332,50;0,00;D;UT/36;;
UT;UT;UT/36;20241231;28154000;CompteLib_0013;;;24L122;20241231;EcritureLib_0494;20250801;0,00;332,50;C;UT/36;;
UT;UT;UT/37;20241231;68112000;CompteLib_0063;;;24L123;20241231;EcritureLib_0495;20250801;265,00;0,00;D;UT/37;;
UT;UT;UT/37;20241231;28154000;CompteLib_0013;;;24L123;20241231;EcritureLib_0495;20250801;0,00;265,00;C;UT/37;;
UT;UT;UT/38;20241231;68112000;CompteLib_0063;;;24L124;20241231;EcritureLib_0496;20250801;725,00;0,00;D;UT/38;;
UT;UT;UT/38;20241231;28154000;CompteLib_0013;;;24L124;20241231;EcritureLib_0496;20250801;0,00;725,00;C;UT/38;;
UT;UT;UT/39;20241231;68112000;CompteLib_0063;;;24L125;20241231;EcritureLib_0497;20250801;187,50;0,00;D;UT/39;;
UT;UT;UT/39;20241231;28154000;CompteLib_0013;;;24L125;20241231;EcritureLib_0497;20250801;0,00;187,50;C;UT/39;;
UT;UT;UT/40;20241231;68112000;CompteLib_0063;;;24L126;20241231;EcritureLib_0498;20250801;182,50;0,00;D;UT/40;;
UT;UT;UT/40;20241231;28154000;CompteLib_0013;;;24L126;20241231;EcritureLib_0498;20250801;0,00;182,50;C;UT/40;;
UT;UT;UT/41;20241231;68112000;CompteLib_0063;;;24L127;20241231;EcritureLib_0499;20250801;282,50;0,00;D;UT/41;;
UT;UT;UT/41;20241231;28154000;CompteLib_0013;;;24L127;20241231;EcritureLib_0499;20250801;0,00;282,50;C;UT/41;;
UT;UT;UT/42;20241231;68112000;CompteLib_0063;;;24L128;20241231;EcritureLib_0500;20250801;265,00;0,00;D;UT/42;;
UT;UT;UT/42;20241231;28154000;CompteLib_0013;;;24L128;20241231;EcritureLib_0500;20250801;0,00;265,00;C;UT/42;;
UT;UT;UT/43;20241231;68112000;CompteLib_0063;;;24L129;20241231;EcritureLib_0501;20250801;559,50;0,00;D;UT/43;;
UT;UT;UT/43;20241231;28154000;CompteLib_0013;;;24L129;20241231;EcritureLib_0501;20250801;0,00;559,50;C;UT/43;;
UT;UT;UT/44;20241231;68112000;CompteLib_0063;;;24L130;20241231;EcritureLib_0496;20250801;499,00;0,00;D;UT/44;;
UT;UT;UT/44;20241231;28154000;CompteLib_0013;;;24L130;20241231;EcritureLib_0496;20250801;0,00;499,00;C;UT/44;;
UT;UT;UT/45;20241231;68112000;CompteLib_0063;;;24L131;20241231;EcritureLib_0502;20250801;252,75;0,00;D;UT/45;;
UT;UT;UT/45;20241231;28154000;CompteLib_0013;;;24L131;20241231;EcritureLib_0502;20250801;0,00;252,75;C;UT/45;;
UT;UT;UT/46;20241231;68112000;CompteLib_0063;;;24L133;20241231;EcritureLib_0503;20250801;510,50;0,00;D;UT/46;;
UT;UT;UT/46;20241231;28154000;CompteLib_0013;;;24L133;20241231;EcritureLib_0503;20250801;0,00;510,50;C;UT/46;;
UT;UT;UT/47;20241231;68112000;CompteLib_0063;;;24L134;20241231;EcritureLib_0496;20250801;577,50;0,00;D;UT/47;;
UT;UT;UT/47;20241231;28154000;CompteLib_0013;;;24L134;20241231;EcritureLib_0496;20250801;0,00;577,50;C;UT/47;;
UT;UT;UT/48;20241231;68112000;CompteLib_0063;;;24L135;20241231;EcritureLib_0504;20250801;210,26;0,00;D;UT/48;;
UT;UT;UT/48;20241231;28183000;CompteLib_0015;;;24L135;20241231;EcritureLib_0504;20250801;0,00;210,26;C;UT/48;;
UT;UT;UT/49;20241231;68112000;CompteLib_0063;;;24L109;20241231;EcritureLib_0505;20250801;3,13;0,00;D;UT/49;;
UT;UT;UT/49;20241231;28181000;CompteLib_0014;;;24L109;20241231;EcritureLib_0505;20250801;0,00;3,13;C;UT/49;;
UT;UT;UT/50;20241231;68112000;CompteLib_0063;;;24L132;20241231;EcritureLib_0506;20250801;257,50;0,00;D;UT/50;;
UT;UT;UT/50;20241231;28154000;CompteLib_0013;;;24L132;20241231;EcritureLib_0506;20250801;0,00;257,50;C;UT/50;;
UT;UT;UT/51;20241231;69500000;CompteLib_0064;;;24L139;20241231;EcritureLib_0507;20250801;2423,00;0,00;D;UT/51;;
UT;UT;UT/51;20241231;44400000;CompteLib_0065;;;24L139;20241231;EcritureLib_0507;20250801;0,00;2423,00;C;UT/51;;
UT;UT;UT/52;20241231;68112000;CompteLib_0063;;;24L88;20241231;EcritureLib_0508;20250801;923,88;0,00;D;UT/52;;
UT;UT;UT/52;20241231;28154000;CompteLib_0013;;;24L88;20241231;EcritureLib_0508;20250801;0,00;923,88;C;UT/52;;
UT;UT;UT/53;20241231;68112000;CompteLib_0063;;;24L89;20241231;EcritureLib_0509;20250801;446,25;0,00;D;UT/53;;
UT;UT;UT/53;20241231;28154000;CompteLib_0013;;;24L89;20241231;EcritureLib_0509;20250801;0,00;446,25;C;UT/53;;
UT;UT;UT/54;20241231;68112000;CompteLib_0063;;;24L90;20241231;EcritureLib_0510;20250801;588,74;0,00;D;UT/54;;
UT;UT;UT/54;20241231;28181000;CompteLib_0014;;;24L90;20241231;EcritureLib_0510;20250801;0,00;588,74;C;UT/54;;
UT;UT;UT/55;20241231;68112000;CompteLib_0063;;;24L91;20241231;EcritureLib_0511;20250801;11,08;0,00;D;UT/55;;
UT;UT;UT/55;20241231;28181000;CompteLib_0014;;;24L91;20241231;EcritureLib_0511;20250801;0,00;11,08;C;UT/55;;
UT;UT;UT/56;20241231;68112000;CompteLib_0063;;;24L92;20241231;EcritureLib_0512;20250801;8,71;0,00;D;UT/56;;
UT;UT;UT/56;20241231;28181000;CompteLib_0014;;;24L92;20241231;EcritureLib_0512;20250801;0,00;8,71;C;UT/56;;
VTE;VENTES;VTE/1;20240108;41100000;CompteLib_0020;CDIVERS;DIVERS;24010856;20240108;EcritureLib_0513;20250801;150,00;0,00;D;VTE/1;N;20250323
VTE;VENTES;VTE/1;20240108;70671200;CompteLib_0066;;;24010856;20240108;EcritureLib_0513;20250801;0,00;125,00;C;VTE/1;;
VTE;VENTES;VTE/1;20240108;44571700;CompteLib_0023;;;24010856;20240108;EcritureLib_0513;20250801;0,00;25,00;C;VTE/1;;
VTE;VENTES;VTE/2;20240118;41100000;CompteLib_0020;COLT;OLT MACON;24011857;20240118;EcritureLib_0514;20250801;1930,00;0,00;D;VTE/2;A;20250323
VTE;VENTES;VTE/2;20240118;70770000;CompteLib_0067;;;24011857;20240118;EcritureLib_0514;20250801;0,00;1458,33;C;VTE/2;;
VTE;VENTES;VTE/2;20240118;70800000;CompteLib_0068;;;24011857;20240118;EcritureLib_0514;20250801;0,00;150,00;C;VTE/2;;
VTE;VENTES;VTE/2;20240118;44571700;CompteLib_0023;;;24011857;20240118;EcritureLib_0514;20250801;0,00;321,67;C;VTE/2;;
VTE;VENTES;VTE/3;20240119;41100000;CompteLib_0020;CJAUDEAU;JAUDEAU XAVIER;24011958-annul;20240119;EcritureLib_0515;20250801;0,00;1930,00;C;VTE/3;A;20250323
VTE;VENTES;VTE/3;20240119;70770000;CompteLib_0067;;;24011958-annul;20240119;EcritureLib_0515;20250801;1483,33;0,00;D;VTE/3;;
VTE;VENTES;VTE/3;20240119;70800000;CompteLib_0068;;;24011958-annul;20240119;EcritureLib_0515;20250801;125,00;0,00;D;VTE/3;;
VTE;VENTES;VTE/3;20240119;44571700;CompteLib_0023;;;24011958-annul;20240119;EcritureLib_0515;20250801;316,67;0,00;D;VTE/3;;
VTE;VENTES;VTE/3;20240119;47800000;CompteLib_0069;;;24012259;20240119;EcritureLib_0516;20250801;5,00;0,00;D;VTE/3;;
VTE;VENTES;VTE/4;20240119;41100000;CompteLib_0020;CJAUDEAU;JAUDEAU XAVIER;24011958;20240119;EcritureLib_0515;20250801;1930,00;0,00;D;VTE/4;A;20250323
VTE;VENTES;VTE/4;20240119;70770000;CompteLib_0067;;;24011958;20240119;EcritureLib_0515;20250801;0,00;1483,33;C;VTE/4;;
VTE;VENTES;VTE/4;20240119;70800000;CompteLib_0068;;;24011958;20240119;EcritureLib_0515;20250801;0,00;125,00;C;VTE/4;;
VTE;VENTES;VTE/4;20240119;44571700;CompteLib_0023;;;24011958;20240119;EcritureLib_0515;20250801;0,00;316,67;C;VTE/4;;
VTE;VENTES;VTE/4;20240119;47800000;CompteLib_0069;;;24011958-annul;20240119;EcritureLib_0516;20250801;0,00;5,00;C;VTE/4;;
VTE;VENTES;VTE/5;20240122;41100000;CompteLib_0020;CDABE;DABE VINCENT;24012260;20240122;EcritureLib_0517;20250801;1875,00;0,00;D;VTE/5;A;20250323
VTE;VENTES;VTE/5;20240122;70770000;CompteLib_0067;;;24012260;20240122;EcritureLib_0517;20250801;0,00;1562,50;C;VTE/5;;
VTE;VENTES;VTE/5;20240122;44571700;CompteLib_0023;;;24012260;20240122;EcritureLib_0517;20250801;0,00;312,50;C;VTE/5;;
VTE;VENTES;VTE/6;20240122;41100000;CompteLib_0020;CPATRICE;PATRICE EVENO ROMALLY ASSURANCES;24012259;20240122;EcritureLib_0518;20250801;1750,00;0,00;D;VTE/6;A;20250323
VTE;VENTES;VTE/6;20240122;70770000;CompteLib_0067;;;24012259;20240122;EcritureLib_0518;20250801;0,00;1458,33;C;VTE/6;;
VTE;VENTES;VTE/6;20240122;44571700;CompteLib_0023;;;24012259;20240122;EcritureLib_0518;20250801;0,00;291,67;C;VTE/6;;
VTE;VENTES;VTE/7;20240122;41100000;CompteLib_0020;CDORIAN;DORIAN NICOLETTI;24012261;20240122;EcritureLib_0519;20250801;1910,00;0,00;D;VTE/7;;
VTE;VENTES;VTE/7;20240122;70770000;CompteLib_0067;;;24012261;20240122;EcritureLib_0519;20250801;0,00;1458,33;C;VTE/7;;
VTE;VENTES;VTE/7;20240122;70800000;CompteLib_0068;;;24012261;20240122;EcritureLib_0519;20250801;0,00;133,33;C;VTE/7;;
VTE;VENTES;VTE/7;20240122;44571700;CompteLib_0023;;;24012261;20240122;EcritureLib_0519;20250801;0,00;318,34;C;VTE/7;;
VTE;VENTES;VTE/8;20240123;41100000;CompteLib_0020;CALEXANDRE;ALEXANDRE MARCHAND;24012362;20240123;EcritureLib_0520;20250801;1900,00;0,00;D;VTE/8;A;20250323
VTE;VENTES;VTE/8;20240123;70770000;CompteLib_0067;;;24012362;20240123;EcritureLib_0520;20250801;0,00;1458,33;C;VTE/8;;
VTE;VENTES;VTE/8;20240123;70800000;CompteLib_0068;;;24012362;20240123;EcritureLib_0520;20250801;0,00;125,00;C;VTE/8;;
VTE;VENTES;VTE/8;20240123;44571700;CompteLib_0023;;;24012362;20240123;EcritureLib_0520;20250801;0,00;316,67;C;VTE/8;;
VTE;VENTES;VTE/9;20240124;41100000;CompteLib_0020;CKELESYS;Kelesys;24012464;20240124;EcritureLib_0521;20250801;1750,00;0,00;D;VTE/9;A;20250323
VTE;VENTES;VTE/9;20240124;70770000;CompteLib_0067;;;24012464;20240124;EcritureLib_0521;20250801;0,00;1458,33;C;VTE/9;;
VTE;VENTES;VTE/9;20240124;44571700;CompteLib_0023;;;24012464;20240124;EcritureLib_0521;20250801;0,00;291,67;C;VTE/9;;
VTE;VENTES;VTE/10;20240124;41100000;CompteLib_0020;CKELESYS;Kelesys;Kelesys;20240124;EcritureLib_0521;20250801;1930,00;0,00;D;VTE/10;A;20250323
VTE;VENTES;VTE/10;20240124;70770000;CompteLib_0067;;;Kelesys;20240124;EcritureLib_0521;20250801;0,00;1458,33;C;VTE/10;;
VTE;VENTES;VTE/10;20240124;70800000;CompteLib_0068;;;Kelesys;20240124;EcritureLib_0521;20250801;0,00;150,00;C;VTE/10;;
VTE;VENTES;VTE/10;20240124;44571700;CompteLib_0023;;;Kelesys;20240124;EcritureLib_0521;20250801;0,00;321,67;C;VTE/10;;
VTE;VENTES;VTE/11;20240124;41100000;CompteLib_0020;CDEALMEIDA;JESSY DE ALMEIDA;24012463;20240124;EcritureLib_0522;20250801;1750,00;0,00;D;VTE/11;A;20250323
VTE;VENTES;VTE/11;20240124;70770000;CompteLib_0067;;;24012463;20240124;EcritureLib_0522;20250801;0,00;1458,33;C;VTE/11;;
VTE;VENTES;VTE/11;20240124;44571700;CompteLib_0023;;;24012463;20240124;EcritureLib_0522;20250801;0,00;291,67;C;VTE/11;;
VTE;VENTES;VTE/12;20240126;41100000;CompteLib_0020;CDIQUELOU;DIQUELOU GEOFFREY;24012566;20240126;EcritureLib_0523;20250801;2085,00;0,00;D;VTE/12;A;20250323
VTE;VENTES;VTE/12;20240126;70770000;CompteLib_0067;;;24012566;20240126;EcritureLib_0523;20250801;0,00;1458,33;C;VTE/12;;
VTE;VENTES;VTE/12;20240126;70800000;CompteLib_0068;;;24012566;20240126;EcritureLib_0523;20250801;0,00;279,17;C;VTE/12;;
VTE;VENTES;VTE/12;20240126;44571700;CompteLib_0023;;;24012566;20240126;EcritureLib_0523;20250801;0,00;347,50;C;VTE/12;;
VTE;VENTES;VTE/13;20240130;41100000;CompteLib_0020;CDIVERS;DIVERS;24013067;20240130;EcritureLib_0513;20250801;150,00;0,00;D;VTE/13;O;20250323
VTE;VENTES;VTE/13;20240130;70671200;CompteLib_0066;;;24013067;20240130;EcritureLib_0513;20250801;0,00;125,00;C;VTE/13;;
VTE;VENTES;VTE/13;20240130;44571700;CompteLib_0023;;;24013067;20240130;EcritureLib_0513;20250801;0,00;25,00;C;VTE/13;;
VTE;VENTES;VTE/14;20240207;41100000;CompteLib_0020;CRAMERY;RAMERY ENVIRONNEMENT;24020770;20240207;EcritureLib_0524;20250801;600,00;0,00;D;VTE/14;A;20250323
VTE;VENTES;VTE/14;20240207;70830000;CompteLib_0070;;;24020770;20240207;EcritureLib_0524;20250801;0,00;500,00;C;VTE/14;;
VTE;VENTES;VTE/14;20240207;44571700;CompteLib_0023;;;24020770;20240207;EcritureLib_0524;20250801;0,00;100,00;C;VTE/14;;
VTE;VENTES;VTE/15;20240207;41100000;CompteLib_0020;BRATS;LES PETITS BRATS ;24020768;20240207;EcritureLib_0525;20250801;418,11;0,00;D;VTE/15;C;20250323
VTE;VENTES;VTE/15;20240207;70770000;CompteLib_0067;;;24020768;20240207;EcritureLib_0525;20250801;0,00;163,80;C;VTE/15;;
VTE;VENTES;VTE/15;20240207;70771200;CompteLib_0071;;;24020768;20240207;EcritureLib_0525;20250801;0,00;210,00;C;VTE/15;;
VTE;VENTES;VTE/15;20240207;44571200;CompteLib_0058;;;24020768;20240207;EcritureLib_0525;20250801;0,00;11,55;C;VTE/15;;
VTE;VENTES;VTE/15;20240207;44571700;CompteLib_0023;;;24020768;20240207;EcritureLib_0525;20250801;0,00;32,76;C;VTE/15;;
VTE;VENTES;VTE/16;20240207;41100000;CompteLib_0020;ATOM;ATOM CITY ;24020769;20240207;EcritureLib_0526;20250801;668,18;0,00;D;VTE/16;J;20250323
VTE;VENTES;VTE/16;20240207;70770000;CompteLib_0067;;;24020769;20240207;EcritureLib_0526;20250801;0,00;153,03;C;VTE/16;;
VTE;VENTES;VTE/16;20240207;70771200;CompteLib_0071;;;24020769;20240207;EcritureLib_0526;20250801;0,00;459,27;C;VTE/16;;
VTE;VENTES;VTE/16;20240207;44571700;CompteLib_0023;;;24020769;20240207;EcritureLib_0526;20250801;0,00;30,62;C;VTE/16;;
VTE;VENTES;VTE/16;20240207;44571200;CompteLib_0058;;;24020769;20240207;EcritureLib_0526;20250801;0,00;25,26;C;VTE/16;;
VTE;VENTES;VTE/17;20240207;41100000;CompteLib_0020;ATOM;ATOM CITY ;24020771;20240207;EcritureLib_0526;20250801;1000,00;0,00;D;VTE/17;J;20250323
VTE;VENTES;VTE/17;20240207;70830000;CompteLib_0070;;;24020771;20240207;EcritureLib_0526;20250801;0,00;833,33;C;VTE/17;;
VTE;VENTES;VTE/17;20240207;44571700;CompteLib_0023;;;24020771;20240207;EcritureLib_0526;20250801;0,00;166,67;C;VTE/17;;
VTE;VENTES;VTE/18;20240210;41100000;CompteLib_0020;CHUBERT;HUBERT DELORANCE SC14;24021072;20240210;EcritureLib_0527;20250801;1750,00;0,00;D;VTE/18;A;20250323
VTE;VENTES;VTE/18;20240210;70770000;CompteLib_0067;;;24021072;20240210;EcritureLib_0527;20250801;0,00;1458,33;C;VTE/18;;
VTE;VENTES;VTE/18;20240210;44571700;CompteLib_0023;;;24021072;20240210;EcritureLib_0527;20250801;0,00;291,67;C;VTE/18;;
VTE;VENTES;VTE/19;20240212;41100000;CompteLib_0020;CDIQUELOU;DIQUELOU GEOFFREY;24021274;20240212;EcritureLib_0523;20250801;2320,00;0,00;D;VTE/19;A;20250323
VTE;VENTES;VTE/19;20240212;70770000;CompteLib_0067;;;24021274;20240212;EcritureLib_0523;20250801;0,00;1666,67;C;VTE/19;;
VTE;VENTES;VTE/19;20240212;70800000;CompteLib_0068;;;24021274;20240212;EcritureLib_0523;20250801;0,00;266,67;C;VTE/19;;
VTE;VENTES;VTE/19;20240212;44571700;CompteLib_0023;;;24021274;20240212;EcritureLib_0523;20250801;0,00;386,66;C;VTE/19;;
VTE;VENTES;VTE/20;20240212;41100000;CompteLib_0020;CMASSON;MASSON JEREMY;24021273;20240212;EcritureLib_0528;20250801;1855,00;0,00;D;VTE/20;A;20250323
VTE;VENTES;VTE/20;20240212;70770000;CompteLib_0067;;;24021273;20240212;EcritureLib_0528;20250801;0,00;1458,33;C;VTE/20;;
VTE;VENTES;VTE/20;20240212;44571700;CompteLib_0023;;;24021273;20240212;EcritureLib_0528;20250801;0,00;309,17;C;VTE/20;;
VTE;VENTES;VTE/20;20240212;70970000;CompteLib_0072;;;24021273;20240212;EcritureLib_0528;20250801;75,00;0,00;D;VTE/20;;
VTE;VENTES;VTE/20;20240212;70800000;CompteLib_0068;;;24021273;20240212;EcritureLib_0528;20250801;0,00;162,50;C;VTE/20;;
VTE;VENTES;VTE/21;20240214;41100000;CompteLib_0020;CDIVERS;DIVERS;24021476;20240214;EcritureLib_0513;20250801;300,00;0,00;D;VTE/21;P;20250323
VTE;VENTES;VTE/21;20240214;70671200;CompteLib_0066;;;24021476;20240214;EcritureLib_0513;20250801;0,00;250,00;C;VTE/21;;
VTE;VENTES;VTE/21;20240214;44571700;CompteLib_0023;;;24021476;20240214;EcritureLib_0513;20250801;0,00;50,00;C;VTE/21;;
VTE;VENTES;VTE/22;20240221;41100000;CompteLib_0020;CDABE;DABE VINCENT;24021478;20240221;EcritureLib_0529;20250801;900,00;0,00;D;VTE/22;A;20250323
VTE;VENTES;VTE/22;20240221;70770000;CompteLib_0067;;;24021478;20240221;EcritureLib_0529;20250801;0,00;750,00;C;VTE/22;;
VTE;VENTES;VTE/22;20240221;44571700;CompteLib_0023;;;24021478;20240221;EcritureLib_0529;20250801;0,00;150,00;C;VTE/22;;
VTE;VENTES;VTE/23;20240221;41100000;CompteLib_0020;CFRANCISCO;FRANCISCO DE SOUSA;24021277;20240221;EcritureLib_0530;20250801;1070,00;0,00;D;VTE/23;;
VTE;VENTES;VTE/23;20240221;70770000;CompteLib_0067;;;24021277;20240221;EcritureLib_0530;20250801;0,00;750,00;C;VTE/23;;
VTE;VENTES;VTE/23;20240221;70800000;CompteLib_0068;;;24021277;20240221;EcritureLib_0530;20250801;0,00;141,67;C;VTE/23;;
VTE;VENTES;VTE/23;20240221;44571700;CompteLib_0023;;;24021277;20240221;EcritureLib_0530;20250801;0,00;178,33;C;VTE/23;;
VTE;VENTES;VTE/24;20240222;41100000;CompteLib_0020;ATOM;ATOM CITY ;24022279;20240222;EcritureLib_0526;20250801;1000,00;0,00;D;VTE/24;K;20250323
VTE;VENTES;VTE/24;20240222;70830000;CompteLib_0070;;;24022279;20240222;EcritureLib_0526;20250801;0,00;833,33;C;VTE/24;;
VTE;VENTES;VTE/24;20240222;44571700;CompteLib_0023;;;24022279;20240222;EcritureLib_0526;20250801;0,00;166,67;C;VTE/24;;
VTE;VENTES;VTE/25;20240222;41100000;CompteLib_0020;CADN;ADN-EVENTS;24022280;20240222;EcritureLib_0531;20250801;339,00;0,00;D;VTE/25;A;20250323
VTE;VENTES;VTE/25;20240222;70671200;CompteLib_0066;;;24022280;20240222;EcritureLib_0531;20250801;0,00;250,00;C;VTE/25;;
VTE;VENTES;VTE/25;20240222;70770000;CompteLib_0067;;;24022280;20240222;EcritureLib_0531;20250801;0,00;19,44;C;VTE/25;;
VTE;VENTES;VTE/25;20240222;44571700;CompteLib_0023;;;24022280;20240222;EcritureLib_0531;20250801;0,00;53,83;C;VTE/25;;
VTE;VENTES;VTE/25;20240222;44571200;CompteLib_0058;;;24022280;20240222;EcritureLib_0531;20250801;0,00;0,82;C;VTE/25;;
VTE;VENTES;VTE/25;20240222;70771200;CompteLib_0071;;;24022280;20240222;EcritureLib_0531;20250801;0,00;14,91;C;VTE/25;;
VTE;VENTES;VTE/26;20240226;41100000;CompteLib_0020;CBACCOUS;BACCOUS CYRIL;24022681;20240226;EcritureLib_0532;20250801;1965,00;0,00;D;VTE/26;A;20250323
VTE;VENTES;VTE/26;20240226;70770000;CompteLib_0067;;;24022681;20240226;EcritureLib_0532;20250801;0,00;1458,33;C;VTE/26;;
VTE;VENTES;VTE/26;20240226;70800000;CompteLib_0068;;;24022681;20240226;EcritureLib_0532;20250801;0,00;179,17;C;VTE/26;;
VTE;VENTES;VTE/26;20240226;44571700;CompteLib_0023;;;24022681;20240226;EcritureLib_0532;20250801;0,00;327,50;C;VTE/26;;
VTE;VENTES;VTE/27;20240226;41100000;CompteLib_0020;CTEDDY;TEDDY;24022682;20240226;EcritureLib_0533;20250801;3000,00;0,00;D;VTE/27;A;20250323
VTE;VENTES;VTE/27;20240226;70770000;CompteLib_0067;;;24022682;20240226;EcritureLib_0533;20250801;0,00;2500,00;C;VTE/27;;
VTE;VENTES;VTE/27;20240226;44571700;CompteLib_0023;;;24022682;20240226;EcritureLib_0533;20250801;0,00;500,00;C;VTE/27;;
VTE;VENTES;VTE/28;20240301;41100000;CompteLib_0020;CLAMBERSART;VILLE DE LAMBERSART;24030184;20240301;EcritureLib_0534;20250801;329,00;0,00;D;VTE/28;B;20250323
VTE;VENTES;VTE/28;20240301;70671200;CompteLib_0066;;;24030184;20240301;EcritureLib_0534;20250801;0,00;274,17;C;VTE/28;;
VTE;VENTES;VTE/28;20240301;44571700;CompteLib_0023;;;24030184;20240301;EcritureLib_0534;20250801;0,00;54,83;C;VTE/28;;
VTE;VENTES;VTE/29;20240301;41100000;CompteLib_0020;CBAILLEUL;VILLE DE BAILLEUL;24030185;20240301;EcritureLib_0535;20250801;195,16;0,00;D;VTE/29;B;20250323
VTE;VENTES;VTE/29;20240301;70671200;CompteLib_0066;;;24030185;20240301;EcritureLib_0535;20250801;0,00;162,63;C;VTE/29;;
VTE;VENTES;VTE/29;20240301;44571700;CompteLib_0023;;;24030185;20240301;EcritureLib_0535;20250801;0,00;32,53;C;VTE/29;;
VTE;VENTES;VTE/30;20240301;41100000;CompteLib_0020;CCAMBRIN;COMMUNE DE CAMBRIN;24030186;20240301;EcritureLib_0536;20250801;280,00;0,00;D;VTE/30;A;20250323
VTE;VENTES;VTE/30;20240301;70671200;CompteLib_0066;;;24030186;20240301;EcritureLib_0536;20250801;0,00;233,33;C;VTE/30;;
VTE;VENTES;VTE/30;20240301;44571700;CompteLib_0023;;;24030186;20240301;EcritureLib_0536;20250801;0,00;46,67;C;VTE/30;;
VTE;VENTES;VTE/31;20240301;41100000;CompteLib_0020;ATOM;ATOM CITY ;24030183;20240301;EcritureLib_0526;20250801;1000,00;0,00;D;VTE/31;L;20250323
VTE;VENTES;VTE/31;20240301;70830000;CompteLib_0070;;;24030183;20240301;EcritureLib_0526;20250801;0,00;833,33;C;VTE/31;;
VTE;VENTES;VTE/31;20240301;44571700;CompteLib_0023;;;24030183;20240301;EcritureLib_0526;20250801;0,00;166,67;C;VTE/31;;
VTE;VENTES;VTE/32;20240301;41100000;CompteLib_0020;CNUYTS;CENTRE ANIMATION LOISIR DR NUYTS;24030187;20240301;EcritureLib_0537;20250801;287,00;0,00;D;VTE/32;;
VTE;VENTES;VTE/32;20240301;70671200;CompteLib_0066;;;24030187;20240301;EcritureLib_0537;20250801;0,00;239,17;C;VTE/32;;
VTE;VENTES;VTE/32;20240301;44571700;CompteLib_0023;;;24030187;20240301;EcritureLib_0537;20250801;0,00;47,83;C;VTE/32;;
VTE;VENTES;VTE/33;20240304;41100000;CompteLib_0020;CFACHES;MAIRIE DE FACHES THUMESNIL;24030488;20240304;EcritureLib_0538;20250801;126,00;0,00;D;VTE/33;A;20250323
VTE;VENTES;VTE/33;20240304;70671200;CompteLib_0066;;;24030488;20240304;EcritureLib_0538;20250801;0,00;105,00;C;VTE/33;;
VTE;VENTES;VTE/33;20240304;44571700;CompteLib_0023;;;24030488;20240304;EcritureLib_0538;20250801;0,00;21,00;C;VTE/33;;
VTE;VENTES;VTE/34;20240305;41100000;CompteLib_0020;CSEQUEDIN;MAIRIE DE SEQUEDIN;24030589;20240305;EcritureLib_0539;20250801;154,00;0,00;D;VTE/34;A;20250323
VTE;VENTES;VTE/34;20240305;70671200;CompteLib_0066;;;24030589;20240305;EcritureLib_0539;20250801;0,00;128,33;C;VTE/34;;
VTE;VENTES;VTE/34;20240305;44571700;CompteLib_0023;;;24030589;20240305;EcritureLib_0539;20250801;0,00;25,67;C;VTE/34;;
VTE;VENTES;VTE/35;20240307;41100000;CompteLib_0020;CUFCV;UFCV RONCQ;24030790;20240307;EcritureLib_0540;20250801;287,00;0,00;D;VTE/35;;
VTE;VENTES;VTE/35;20240307;70671200;CompteLib_0066;;;24030790;20240307;EcritureLib_0540;20250801;0,00;239,17;C;VTE/35;;
VTE;VENTES;VTE/35;20240307;44571700;CompteLib_0023;;;24030790;20240307;EcritureLib_0540;20250801;0,00;47,83;C;VTE/35;;
VTE;VENTES;VTE/36;20240307;41100000;CompteLib_0020;CSTEXUP;ESPACE DE VIE  SAINT EXUPRY;24030791;20240307;EcritureLib_0541;20250801;105,00;0,00;D;VTE/36;;
VTE;VENTES;VTE/36;20240307;70671200;CompteLib_0066;;;24030791;20240307;EcritureLib_0541;20250801;0,00;87,50;C;VTE/36;;
VTE;VENTES;VTE/36;20240307;44571700;CompteLib_0023;;;24030791;20240307;EcritureLib_0541;20250801;0,00;17,50;C;VTE/36;;
VTE;VENTES;VTE/37;20240312;41100000;CompteLib_0020;CPUTOT;HUBERT PUTOT;24031292;20240312;EcritureLib_0542;20250801;1390,00;0,00;D;VTE/37;A;20250323
VTE;VENTES;VTE/37;20240312;70770000;CompteLib_0067;;;24031292;20240312;EcritureLib_0542;20250801;0,00;1000,00;C;VTE/37;;
VTE;VENTES;VTE/37;20240312;44571700;CompteLib_0023;;;24031292;20240312;EcritureLib_0542;20250801;0,00;231,67;C;VTE/37;;
VTE;VENTES;VTE/37;20240312;70800000;CompteLib_0068;;;24031292;20240312;EcritureLib_0542;20250801;0,00;158,33;C;VTE/37;;
VTE;VENTES;VTE/38;20240320;41100000;CompteLib_0020;CBERGHIDA;BERGHIDA NAIM;24032093;20240320;EcritureLib_0543;20250801;1600,00;0,00;D;VTE/38;A;20250323
VTE;VENTES;VTE/38;20240320;70770000;CompteLib_0067;;;24032093;20240320;EcritureLib_0543;20250801;0,00;1333,33;C;VTE/38;;
VTE;VENTES;VTE/38;20240320;44571700;CompteLib_0023;;;24032093;20240320;EcritureLib_0543;20250801;0,00;266,67;C;VTE/38;;
VTE;VENTES;VTE/39;20240322;41100000;CompteLib_0020;CTHERY;DAVID THERY;24032294;20240322;EcritureLib_0544;20250801;1200,00;0,00;D;VTE/39;A;20250323
VTE;VENTES;VTE/39;20240322;70770000;CompteLib_0067;;;24032294;20240322;EcritureLib_0544;20250801;0,00;1000,00;C;VTE/39;;
VTE;VENTES;VTE/39;20240322;44571700;CompteLib_0023;;;24032294;20240322;EcritureLib_0544;20250801;0,00;200,00;C;VTE/39;;
VTE;VENTES;VTE/40;20240325;41100000;CompteLib_0020;CKOREKUTA;KOREKUTA NO HAKINOWA;24032596;20240325;EcritureLib_0545;20250801;2100,00;0,00;D;VTE/40;A;20250323
VTE;VENTES;VTE/40;20240325;70770000;CompteLib_0067;;;24032596;20240325;EcritureLib_0545;20250801;0,00;1750,00;C;VTE/40;;
VTE;VENTES;VTE/40;20240325;44571700;CompteLib_0023;;;24032596;20240325;EcritureLib_0545;20250801;0,00;350,00;C;VTE/40;;
VTE;VENTES;VTE/41;20240325;41100000;CompteLib_0020;CSICOT;JEAN-CHRISTOPHE SICOT;24032595;20240325;EcritureLib_0546;20250801;1600,00;0,00;D;VTE/41;A;20250323
VTE;VENTES;VTE/41;20240325;70770000;CompteLib_0067;;;24032595;20240325;EcritureLib_0546;20250801;0,00;1333,33;C;VTE/41;;
VTE;VENTES;VTE/41;20240325;44571700;CompteLib_0023;;;24032595;20240325;EcritureLib_0546;20250801;0,00;266,67;C;VTE/41;;
VTE;VENTES;VTE/42;20240329;41100000;CompteLib_0020;CERIC;CLAUDE ERIC;24032998;20240329;EcritureLib_0547;20250801;1900,00;0,00;D;VTE/42;A;20250323
VTE;VENTES;VTE/42;20240329;70770000;CompteLib_0067;;;24032998;20240329;EcritureLib_0547;20250801;0,00;1458,33;C;VTE/42;;
VTE;VENTES;VTE/42;20240329;70800000;CompteLib_0068;;;24032998;20240329;EcritureLib_0547;20250801;0,00;125,00;C;VTE/42;;
VTE;VENTES;VTE/42;20240329;44571700;CompteLib_0023;;;24032998;20240329;EcritureLib_0547;20250801;0,00;316,67;C;VTE/42;;
VTE;VENTES;VTE/43;20240329;41100000;CompteLib_0020;CVIELLA;CHARLOTTE VIELLA;24032997;20240329;EcritureLib_0548;20250801;1400,00;0,00;D;VTE/43;A;20250323
VTE;VENTES;VTE/43;20240329;70770000;CompteLib_0067;;;24032997;20240329;EcritureLib_0548;20250801;0,00;1166,67;C;VTE/43;;
VTE;VENTES;VTE/43;20240329;44571700;CompteLib_0023;;;24032997;20240329;EcritureLib_0548;20250801;0,00;233,33;C;VTE/43;;
VTE;VENTES;VTE/44;20240402;41100000;CompteLib_0020;CBEHAGUE;BEHAGUE ROMAIN;24040201;20240402;EcritureLib_0549;20250801;1200,00;0,00;D;VTE/44;;
VTE;VENTES;VTE/44;20240402;70770000;CompteLib_0067;;;24040201;20240402;EcritureLib_0549;20250801;0,00;1000,00;C;VTE/44;;
VTE;VENTES;VTE/44;20240402;44571700;CompteLib_0023;;;24040201;20240402;EcritureLib_0549;20250801;0,00;200,00;C;VTE/44;;
VTE;VENTES;VTE/45;20240402;41100000;CompteLib_0020;CAGNAN;ART AGNAN;24040200;20240402;EcritureLib_0550;20250801;570,00;0,00;D;VTE/45;A;20250323
VTE;VENTES;VTE/45;20240402;70830000;CompteLib_0070;;;24040200;20240402;EcritureLib_0550;20250801;0,00;475,00;C;VTE/45;;
VTE;VENTES;VTE/45;20240402;44571700;CompteLib_0023;;;24040200;20240402;EcritureLib_0550;20250801;0,00;95,00;C;VTE/45;;
VTE;VENTES;VTE/46;20240402;41100000;CompteLib_0020;CDUPONCHEL;SEBASTIEN DUPONCHEEL;24040299;20240402;EcritureLib_0551;20250801;3900,00;0,00;D;VTE/46;A;20250323
VTE;VENTES;VTE/46;20240402;70770000;CompteLib_0067;;;24040299;20240402;EcritureLib_0551;20250801;0,00;3250,00;C;VTE/46;;
VTE;VENTES;VTE/46;20240402;44571700;CompteLib_0023;;;24040299;20240402;EcritureLib_0551;20250801;0,00;650,00;C;VTE/46;;
VTE;VENTES;VTE/47;20240410;41100000;CompteLib_0020;CCARAMEL;MAISON DE QUARTIER CARAMEL;24041002;20240410;EcritureLib_0552;20250801;55,00;0,00;D;VTE/47;A;20250323
VTE;VENTES;VTE/47;20240410;70671200;CompteLib_0066;;;24041002;20240410;EcritureLib_0552;20250801;0,00;45,83;C;VTE/47;;
VTE;VENTES;VTE/47;20240410;44571700;CompteLib_0023;;;24041002;20240410;EcritureLib_0552;20250801;0,00;9,17;C;VTE/47;;
VTE;VENTES;VTE/48;20240413;41100000;CompteLib_0020;CLOMONACO;LOMONACO OLIVIER;24041303;20240413;EcritureLib_0553;20250801;1260,00;0,00;D;VTE/48;A;20250323
VTE;VENTES;VTE/48;20240413;70770000;CompteLib_0067;;;24041303;20240413;EcritureLib_0553;20250801;0,00;1050,00;C;VTE/48;;
VTE;VENTES;VTE/48;20240413;44571700;CompteLib_0023;;;24041303;20240413;EcritureLib_0553;20250801;0,00;210,00;C;VTE/48;;
VTE;VENTES;VTE/49;20240423;41100000;CompteLib_0020;CJULES;Jules Payages;24042304;20240423;EcritureLib_0554;20250801;1600,00;0,00;D;VTE/49;A;20250323
VTE;VENTES;VTE/49;20240423;70770000;CompteLib_0067;;;24042304;20240423;EcritureLib_0554;20250801;0,00;1333,33;C;VTE/49;;
VTE;VENTES;VTE/49;20240423;44571700;CompteLib_0023;;;24042304;20240423;EcritureLib_0554;20250801;0,00;266,67;C;VTE/49;;
VTE;VENTES;VTE/50;20240424;41100000;CompteLib_0020;CBRUYERE;VINCENT BRUYRE;24042405;20240424;EcritureLib_0555;20250801;1650,00;0,00;D;VTE/50;A;20250323
VTE;VENTES;VTE/50;20240424;70770000;CompteLib_0067;;;24042405;20240424;EcritureLib_0555;20250801;0,00;1375,00;C;VTE/50;;
VTE;VENTES;VTE/50;20240424;44571700;CompteLib_0023;;;24042405;20240424;EcritureLib_0555;20250801;0,00;275,00;C;VTE/50;;
VTE;VENTES;VTE/51;20240429;41100000;CompteLib_0020;CASSO;ASSOCIATION RENCONTRES ET LOISIRS;24042906;20240429;EcritureLib_0556;20250801;160,00;0,00;D;VTE/51;A;20250323
VTE;VENTES;VTE/51;20240429;70671200;CompteLib_0066;;;24042906;20240429;EcritureLib_0556;20250801;0,00;133,33;C;VTE/51;;
VTE;VENTES;VTE/51;20240429;44571700;CompteLib_0023;;;24042906;20240429;EcritureLib_0556;20250801;0,00;26,67;C;VTE/51;;
VTE;VENTES;VTE/52;20240503;41100000;CompteLib_0020;ATOM;ATOM CITY ;24050307;20240503;EcritureLib_0526;20250801;1500,00;0,00;D;VTE/52;M;20250323
VTE;VENTES;VTE/52;20240503;70770000;CompteLib_0067;;;24050307;20240503;EcritureLib_0526;20250801;0,00;224,10;C;VTE/52;;
VTE;VENTES;VTE/52;20240503;70771200;CompteLib_0071;;;24050307;20240503;EcritureLib_0526;20250801;0,00;1166,90;C;VTE/52;;
VTE;VENTES;VTE/52;20240503;44571700;CompteLib_0023;;;24050307;20240503;EcritureLib_0526;20250801;0,00;44,82;C;VTE/52;;
VTE;VENTES;VTE/52;20240503;44571200;CompteLib_0058;;;24050307;20240503;EcritureLib_0526;20250801;0,00;64,18;C;VTE/52;;
VTE;VENTES;VTE/53;20240503;41100000;CompteLib_0020;ATOM;ATOM CITY ;24050309;20240503;EcritureLib_0526;20250801;2000,00;0,00;D;VTE/53;M;20250323
VTE;VENTES;VTE/53;20240503;70830000;CompteLib_0070;;;24050309;20240503;EcritureLib_0526;20250801;0,00;1666,67;C;VTE/53;;
VTE;VENTES;VTE/53;20240503;44571700;CompteLib_0023;;;24050309;20240503;EcritureLib_0526;20250801;0,00;333,33;C;VTE/53;;
VTE;VENTES;VTE/54;20240503;41100000;CompteLib_0020;BRATS;LES PETITS BRATS ;24050308;20240503;EcritureLib_0525;20250801;838,64;0,00;D;VTE/54;C;20250323
VTE;VENTES;VTE/54;20240503;70770000;CompteLib_0067;;;24050308;20240503;EcritureLib_0525;20250801;0,00;511,68;C;VTE/54;;
VTE;VENTES;VTE/54;20240503;70771200;CompteLib_0071;;;24050308;20240503;EcritureLib_0525;20250801;0,00;212,92;C;VTE/54;;
VTE;VENTES;VTE/54;20240503;44571700;CompteLib_0023;;;24050308;20240503;EcritureLib_0525;20250801;0,00;102,33;C;VTE/54;;
VTE;VENTES;VTE/54;20240503;44571200;CompteLib_0058;;;24050308;20240503;EcritureLib_0525;20250801;0,00;11,71;C;VTE/54;;
VTE;VENTES;VTE/55;20240508;41100000;CompteLib_0020;POUGEOISE;GAUTIER POUGEOISE;24050810;20240508;EcritureLib_0557;20250801;1980,00;0,00;D;VTE/55;A;20250323
VTE;VENTES;VTE/55;20240508;70770000;CompteLib_0067;;;24050810;20240508;EcritureLib_0557;20250801;0,00;1500,00;C;VTE/55;;
VTE;VENTES;VTE/55;20240508;70800000;CompteLib_0068;;;24050810;20240508;EcritureLib_0557;20250801;0,00;150,00;C;VTE/55;;
VTE;VENTES;VTE/55;20240508;44571700;CompteLib_0023;;;24050810;20240508;EcritureLib_0557;20250801;0,00;330,00;C;VTE/55;;
VTE;VENTES;VTE/56;20240509;41100000;CompteLib_0020;CDIVERS;DIVERS;24050911;20240509;EcritureLib_0513;20250801;100,00;0,00;D;VTE/56;Q;20250323
VTE;VENTES;VTE/56;20240509;70671200;CompteLib_0066;;;24050911;20240509;EcritureLib_0513;20250801;0,00;83,33;C;VTE/56;;
VTE;VENTES;VTE/56;20240509;44571700;CompteLib_0023;;;24050911;20240509;EcritureLib_0513;20250801;0,00;16,67;C;VTE/56;;
VTE;VENTES;VTE/57;20240524;41100000;CompteLib_0020;CLOMONACO;LOMONACO OLIVIER;24052512;20240524;EcritureLib_0553;20250801;1260,00;0,00;D;VTE/57;B;20250323
VTE;VENTES;VTE/57;20240524;70770000;CompteLib_0067;;;24052512;20240524;EcritureLib_0553;20250801;0,00;1050,00;C;VTE/57;;
VTE;VENTES;VTE/57;20240524;44571700;CompteLib_0023;;;24052512;20240524;EcritureLib_0553;20250801;0,00;210,00;C;VTE/57;;
VTE;VENTES;VTE/58;20240526;41100000;CompteLib_0020;BRATS;LES PETITS BRATS ;24052613;20240526;EcritureLib_0525;20250801;540,00;0,00;D;VTE/58;C;20250323
VTE;VENTES;VTE/58;20240526;70830000;CompteLib_0070;;;24052613;20240526;EcritureLib_0525;20250801;0,00;450,00;C;VTE/58;;
VTE;VENTES;VTE/58;20240526;44571700;CompteLib_0023;;;24052613;20240526;EcritureLib_0525;20250801;0,00;90,00;C;VTE/58;;
VTE;VENTES;VTE/59;20240530;41100000;CompteLib_0020;CSICOT;JEAN-CHRISTOPHE SICOT;24053015;20240530;EcritureLib_0546;20250801;608,10;0,00;D;VTE/59;B;20250323
VTE;VENTES;VTE/59;20240530;70770000;CompteLib_0067;;;24053015;20240530;EcritureLib_0546;20250801;0,00;506,75;C;VTE/59;;
VTE;VENTES;VTE/59;20240530;44571700;CompteLib_0023;;;24053015;20240530;EcritureLib_0546;20250801;0,00;101,35;C;VTE/59;;
VTE;VENTES;VTE/60;20240530;41100000;CompteLib_0020;CSICOT;JEAN-CHRISTOPHE SICOT;24053014;20240530;EcritureLib_0546;20250801;1200,00;0,00;D;VTE/60;B;20250323
VTE;VENTES;VTE/60;20240530;70770000;CompteLib_0067;;;24053014;20240530;EcritureLib_0546;20250801;0,00;1000,00;C;VTE/60;;
VTE;VENTES;VTE/60;20240530;44571700;CompteLib_0023;;;24053014;20240530;EcritureLib_0546;20250801;0,00;200,00;C;VTE/60;;
VTE;VENTES;VTE/61;20240531;41100000;CompteLib_0020;CGLEVENTS;GL EVENTS;24053116;20240531;EcritureLib_0558;20250801;1500,00;0,00;D;VTE/61;A;20250323
VTE;VENTES;VTE/61;20240531;70671200;CompteLib_0066;;;24053116;20240531;EcritureLib_0558;20250801;0,00;1250,00;C;VTE/61;;
VTE;VENTES;VTE/61;20240531;44571700;CompteLib_0023;;;24053116;20240531;EcritureLib_0558;20250801;0,00;250,00;C;VTE/61;;
VTE;VENTES;VTE/62;20240604;41100000;CompteLib_0020;CDEBOURGE;DEBOURGE JOHN;24060718;20240604;EcritureLib_0559;20250801;1954,00;0,00;D;VTE/62;A;20250323
VTE;VENTES;VTE/62;20240604;70770000;CompteLib_0067;;;24060718;20240604;EcritureLib_0559;20250801;0,00;1458,33;C;VTE/62;;
VTE;VENTES;VTE/62;20240604;70800000;CompteLib_0068;;;24060718;20240604;EcritureLib_0559;20250801;0,00;170,00;C;VTE/62;;
VTE;VENTES;VTE/62;20240604;44571700;CompteLib_0023;;;24060718;20240604;EcritureLib_0559;20250801;0,00;325,67;C;VTE/62;;
VTE;VENTES;VTE/63;20240605;41100000;CompteLib_0020;CLYS; ESPACE SOCIOCULTUREL DE LA LYS;24053117;20240605;EcritureLib_0560;20250801;110,00;0,00;D;VTE/63;A;20250323
VTE;VENTES;VTE/63;20240605;70671200;CompteLib_0066;;;24053117;20240605;EcritureLib_0560;20250801;0,00;91,67;C;VTE/63;;
VTE;VENTES;VTE/63;20240605;44571700;CompteLib_0023;;;24053117;20240605;EcritureLib_0560;20250801;0,00;18,33;C;VTE/63;;
VTE;VENTES;VTE/64;20240607;41100000;CompteLib_0020;CROITELET;ESAT DU ROITELET;24060720;20240607;EcritureLib_0561;20250801;413,00;0,00;D;VTE/64;A;20250323
VTE;VENTES;VTE/64;20240607;70671200;CompteLib_0066;;;24060720;20240607;EcritureLib_0561;20250801;0,00;344,17;C;VTE/64;;
VTE;VENTES;VTE/64;20240607;44571700;CompteLib_0023;;;24060720;20240607;EcritureLib_0561;20250801;0,00;68,83;C;VTE/64;;
VTE;VENTES;VTE/65;20240607;41100000;CompteLib_0020;CRANI;KADDOUR RANI;24060719;20240607;EcritureLib_0562;20250801;2400,00;0,00;D;VTE/65;A;20250323
VTE;VENTES;VTE/65;20240607;70770000;CompteLib_0067;;;24060719;20240607;EcritureLib_0562;20250801;0,00;2000,00;C;VTE/65;;
VTE;VENTES;VTE/65;20240607;44571700;CompteLib_0023;;;24060719;20240607;EcritureLib_0562;20250801;0,00;400,00;C;VTE/65;;
VTE;VENTES;VTE/66;20240608;41100000;CompteLib_0020;ATOM;ATOM CITY ;24060821;20240608;EcritureLib_0526;20250801;1000,00;0,00;D;VTE/66;N;20250323
VTE;VENTES;VTE/66;20240608;70830000;CompteLib_0070;;;24060821;20240608;EcritureLib_0526;20250801;0,00;833,33;C;VTE/66;;
VTE;VENTES;VTE/66;20240608;44571700;CompteLib_0023;;;24060821;20240608;EcritureLib_0526;20250801;0,00;166,67;C;VTE/66;;
VTE;VENTES;VTE/67;20240616;41100000;CompteLib_0020;CAFERTES;AFERTES;24061622;20240616;EcritureLib_0563;20250801;1000,00;0,00;D;VTE/67;A;20250323
VTE;VENTES;VTE/67;20240616;70671200;CompteLib_0066;;;24061622;20240616;EcritureLib_0563;20250801;0,00;833,33;C;VTE/67;;
VTE;VENTES;VTE/67;20240616;44571700;CompteLib_0023;;;24061622;20240616;EcritureLib_0563;20250801;0,00;166,67;C;VTE/67;;
VTE;VENTES;VTE/68;20240619;41100000;CompteLib_0020;CHOYMILLE;CENTRE DE LOISIRS DE HOYMILLE;24061923;20240619;EcritureLib_0564;20250801;161,00;0,00;D;VTE/68;A;20250323
VTE;VENTES;VTE/68;20240619;70671200;CompteLib_0066;;;24061923;20240619;EcritureLib_0564;20250801;0,00;134,17;C;VTE/68;;
VTE;VENTES;VTE/68;20240619;44571700;CompteLib_0023;;;24061923;20240619;EcritureLib_0564;20250801;0,00;26,83;C;VTE/68;;
VTE;VENTES;VTE/69;20240619;41100000;CompteLib_0020;CCASSEL;MAIRE DE CASSEL;24061924;20240619;EcritureLib_0565;20250801;105,00;0,00;D;VTE/69;A;20250323
VTE;VENTES;VTE/69;20240619;70671200;CompteLib_0066;;;24061924;20240619;EcritureLib_0565;20250801;0,00;87,50;C;VTE/69;;
VTE;VENTES;VTE/69;20240619;44571700;CompteLib_0023;;;24061924;20240619;EcritureLib_0565;20250801;0,00;17,50;C;VTE/69;;
VTE;VENTES;VTE/70;20240619;41100000;CompteLib_0020;CANNOEULLIN;ANNOEULLIN;24061925;20240619;EcritureLib_0566;20250801;182,00;0,00;D;VTE/70;A;20250323
VTE;VENTES;VTE/70;20240619;70671200;CompteLib_0066;;;24061925;20240619;EcritureLib_0566;20250801;0,00;151,67;C;VTE/70;;
VTE;VENTES;VTE/70;20240619;44571700;CompteLib_0023;;;24061925;20240619;EcritureLib_0566;20250801;0,00;30,33;C;VTE/70;;
VTE;VENTES;VTE/71;20240619;41100000;CompteLib_0020;CESQUINGHEM;ESQUINGHEM-LYS;24061926;20240619;EcritureLib_0567;20250801;217,00;0,00;D;VTE/71;A;20250323
VTE;VENTES;VTE/71;20240619;70671200;CompteLib_0066;;;24061926;20240619;EcritureLib_0567;20250801;0,00;180,83;C;VTE/71;;
VTE;VENTES;VTE/71;20240619;44571700;CompteLib_0023;;;24061926;20240619;EcritureLib_0567;20250801;0,00;36,17;C;VTE/71;;
VTE;VENTES;VTE/72;20240619;41100000;CompteLib_0020;CCOURCELLES;COURCESLLES-LES-LENS;24061927;20240619;EcritureLib_0568;20250801;224,00;0,00;D;VTE/72;A;20250323
VTE;VENTES;VTE/72;20240619;70671200;CompteLib_0066;;;24061927;20240619;EcritureLib_0568;20250801;0,00;186,67;C;VTE/72;;
VTE;VENTES;VTE/72;20240619;44571700;CompteLib_0023;;;24061927;20240619;EcritureLib_0568;20250801;0,00;37,33;C;VTE/72;;
VTE;VENTES;VTE/73;20240629;41100000;CompteLib_0020;CEPSILON;EPSILON;24062928;20240629;EcritureLib_0569;20250801;1000,00;0,00;D;VTE/73;A;20250323
VTE;VENTES;VTE/73;20240629;70830000;CompteLib_0070;;;24062928;20240629;EcritureLib_0569;20250801;0,00;833,33;C;VTE/73;;
VTE;VENTES;VTE/73;20240629;44571700;CompteLib_0023;;;24062928;20240629;EcritureLib_0569;20250801;0,00;166,67;C;VTE/73;;
VTE;VENTES;VTE/74;20240703;41100000;CompteLib_0020;CFEDERATION;FDRATION DU NORD;24070329;20240703;EcritureLib_0570;20250801;350,00;0,00;D;VTE/74;A;20250323
VTE;VENTES;VTE/74;20240703;70671200;CompteLib_0066;;;24070329;20240703;EcritureLib_0570;20250801;0,00;291,67;C;VTE/74;;
VTE;VENTES;VTE/74;20240703;44571700;CompteLib_0023;;;24070329;20240703;EcritureLib_0570;20250801;0,00;58,33;C;VTE/74;;
VTE;VENTES;VTE/75;20240706;41100000;CompteLib_0020;CBARCADIA;BARCADIA;24070630;20240706;EcritureLib_0571;20250801;6000,00;0,00;D;VTE/75;;
VTE;VENTES;VTE/75;20240706;70770000;CompteLib_0067;;;24070630;20240706;EcritureLib_0571;20250801;0,00;5000,00;C;VTE/75;;
VTE;VENTES;VTE/75;20240706;44571700;CompteLib_0023;;;24070630;20240706;EcritureLib_0571;20250801;0,00;1000,00;C;VTE/75;;
VTE;VENTES;VTE/76;20240709;41100000;CompteLib_0020;CFLERS;CENTRE SOCIAL FLERS SART;24070931;20240709;EcritureLib_0572;20250801;160,00;0,00;D;VTE/76;A;20250323
VTE;VENTES;VTE/76;20240709;70671200;CompteLib_0066;;;24070931;20240709;EcritureLib_0572;20250801;0,00;133,33;C;VTE/76;;
VTE;VENTES;VTE/76;20240709;44571700;CompteLib_0023;;;24070931;20240709;EcritureLib_0572;20250801;0,00;26,67;C;VTE/76;;
VTE;VENTES;VTE/77;20240709;41100000;CompteLib_0020;CWAM;WAM;24071233;20240709;EcritureLib_0573;20250801;140,00;0,00;D;VTE/77;A;20250323
VTE;VENTES;VTE/77;20240709;70671200;CompteLib_0066;;;24071233;20240709;EcritureLib_0573;20250801;0,00;116,67;C;VTE/77;;
VTE;VENTES;VTE/77;20240709;44571700;CompteLib_0023;;;24071233;20240709;EcritureLib_0573;20250801;0,00;23,33;C;VTE/77;;
VTE;VENTES;VTE/78;20240711;41100000;CompteLib_0020;ATOM;ATOM CITY ;24071132;20240711;EcritureLib_0526;20250801;1000,00;0,00;D;VTE/78;O;20250323
VTE;VENTES;VTE/78;20240711;70830000;CompteLib_0070;;;24071132;20240711;EcritureLib_0526;20250801;0,00;833,33;C;VTE/78;;
VTE;VENTES;VTE/78;20240711;44571700;CompteLib_0023;;;24071132;20240711;EcritureLib_0526;20250801;0,00;166,67;C;VTE/78;;
VTE;VENTES;VTE/79;20240713;41100000;CompteLib_0020;CZERAOUI;CLMENT ZERAOUI;24071334;20240713;EcritureLib_0574;20250801;1200,00;0,00;D;VTE/79;A;20250323
VTE;VENTES;VTE/79;20240713;70770000;CompteLib_0067;;;24071334;20240713;EcritureLib_0574;20250801;0,00;1000,00;C;VTE/79;;
VTE;VENTES;VTE/79;20240713;44571700;CompteLib_0023;;;24071334;20240713;EcritureLib_0574;20250801;0,00;200,00;C;VTE/79;;
VTE;VENTES;VTE/80;20240713;41100000;CompteLib_0020;COLIVIER;FEUILLAS MARC OLIVIER;24071335;20240713;EcritureLib_0575;20250801;1460,00;0,00;D;VTE/80;A;20250323
VTE;VENTES;VTE/80;20240713;70770000;CompteLib_0067;;;24071335;20240713;EcritureLib_0575;20250801;0,00;1000,00;C;VTE/80;;
VTE;VENTES;VTE/80;20240713;70800000;CompteLib_0068;;;24071335;20240713;EcritureLib_0575;20250801;0,00;216,67;C;VTE/80;;
VTE;VENTES;VTE/80;20240713;44571700;CompteLib_0023;;;24071335;20240713;EcritureLib_0575;20250801;0,00;243,33;C;VTE/80;;
VTE;VENTES;VTE/81;20240713;41100000;CompteLib_0020;CLAN;LAN;24071336;20240713;EcritureLib_0576;20250801;550,00;0,00;D;VTE/81;A;20250323
VTE;VENTES;VTE/81;20240713;70830000;CompteLib_0070;;;24071336;20240713;EcritureLib_0576;20250801;0,00;458,33;C;VTE/81;;
VTE;VENTES;VTE/81;20240713;44571700;CompteLib_0023;;;24071336;20240713;EcritureLib_0576;20250801;0,00;91,67;C;VTE/81;;
VTE;VENTES;VTE/82;20240713;41100000;CompteLib_0020;CBERISHA;BERISHA OLIVIER;24071337;20240713;EcritureLib_0577;20250801;1200,00;0,00;D;VTE/82;A;20250323
VTE;VENTES;VTE/82;20240713;70770000;CompteLib_0067;;;24071337;20240713;EcritureLib_0577;20250801;0,00;1000,00;C;VTE/82;;
VTE;VENTES;VTE/82;20240713;44571700;CompteLib_0023;;;24071337;20240713;EcritureLib_0577;20250801;0,00;200,00;C;VTE/82;;
VTE;VENTES;VTE/83;20240715;41100000;CompteLib_0020;BRATS;LES PETITS BRATS ;24071539;20240715;EcritureLib_0525;20250801;422,04;0,00;D;VTE/83;C;20250323
VTE;VENTES;VTE/83;20240715;70770000;CompteLib_0067;;;24071539;20240715;EcritureLib_0525;20250801;0,00;225,10;C;VTE/83;;
VTE;VENTES;VTE/83;20240715;70771200;CompteLib_0071;;;24071539;20240715;EcritureLib_0525;20250801;0,00;144,00;C;VTE/83;;
VTE;VENTES;VTE/83;20240715;44571700;CompteLib_0023;;;24071539;20240715;EcritureLib_0525;20250801;0,00;45,02;C;VTE/83;;
VTE;VENTES;VTE/83;20240715;44571200;CompteLib_0058;;;24071539;20240715;EcritureLib_0525;20250801;0,00;7,92;C;VTE/83;;
VTE;VENTES;VTE/84;20240715;41100000;CompteLib_0020;ATOM;ATOM CITY ;24071538;20240715;EcritureLib_0526;20250801;222,51;0,00;D;VTE/84;P;20250323
VTE;VENTES;VTE/84;20240715;70770000;CompteLib_0067;;;24071538;20240715;EcritureLib_0526;20250801;0,00;106,30;C;VTE/84;;
VTE;VENTES;VTE/84;20240715;70771200;CompteLib_0071;;;24071538;20240715;EcritureLib_0526;20250801;0,00;90,00;C;VTE/84;;
VTE;VENTES;VTE/84;20240715;44571700;CompteLib_0023;;;24071538;20240715;EcritureLib_0526;20250801;0,00;21,26;C;VTE/84;;
VTE;VENTES;VTE/84;20240715;44571200;CompteLib_0058;;;24071538;20240715;EcritureLib_0526;20250801;0,00;4,95;C;VTE/84;;
VTE;VENTES;VTE/85;20240723;41100000;CompteLib_0020;CCERF;MAISON DU GRAND CERF;24072340;20240723;EcritureLib_0578;20250801;126,00;0,00;D;VTE/85;A;20250323
VTE;VENTES;VTE/85;20240723;70671200;CompteLib_0066;;;24072340;20240723;EcritureLib_0578;20250801;0,00;105,00;C;VTE/85;;
VTE;VENTES;VTE/85;20240723;44571700;CompteLib_0023;;;24072340;20240723;EcritureLib_0578;20250801;0,00;21,00;C;VTE/85;;
VTE;VENTES;VTE/86;20240723;41100000;CompteLib_0020;CEPDSAE;EPDSAE MEF DU DOUAISI;24072341;20240723;EcritureLib_0579;20250801;35,00;0,00;D;VTE/86;A;20250323
VTE;VENTES;VTE/86;20240723;70671200;CompteLib_0066;;;24072341;20240723;EcritureLib_0579;20250801;0,00;29,17;C;VTE/86;;
VTE;VENTES;VTE/86;20240723;44571700;CompteLib_0023;;;24072341;20240723;EcritureLib_0579;20250801;0,00;5,83;C;VTE/86;;
VTE;VENTES;VTE/87;20240723;41100000;CompteLib_0020;BRATS;LES PETITS BRATS ;24072342;20240723;EcritureLib_0525;20250801;204,92;0,00;D;VTE/87;C;20250323
VTE;VENTES;VTE/87;20240723;70770000;CompteLib_0067;;;24072342;20240723;EcritureLib_0525;20250801;0,00;93,40;C;VTE/87;;
VTE;VENTES;VTE/87;20240723;70771200;CompteLib_0071;;;24072342;20240723;EcritureLib_0525;20250801;0,00;88,00;C;VTE/87;;
VTE;VENTES;VTE/87;20240723;44571700;CompteLib_0023;;;24072342;20240723;EcritureLib_0525;20250801;0,00;18,68;C;VTE/87;;
VTE;VENTES;VTE/87;20240723;44571200;CompteLib_0058;;;24072342;20240723;EcritureLib_0525;20250801;0,00;4,84;C;VTE/87;;
VTE;VENTES;VTE/88;20240724;41100000;CompteLib_0020;CMERVILLE;MERVILLE;24072443;20240724;EcritureLib_0580;20250801;161,00;0,00;D;VTE/88;A;20250323
VTE;VENTES;VTE/88;20240724;70671200;CompteLib_0066;;;24072443;20240724;EcritureLib_0580;20250801;0,00;134,17;C;VTE/88;;
VTE;VENTES;VTE/88;20240724;44571700;CompteLib_0023;;;24072443;20240724;EcritureLib_0580;20250801;0,00;26,83;C;VTE/88;;
VTE;VENTES;VTE/89;20240724;41100000;CompteLib_0020;CQUENTIN;QUENTIN;24072444;20240724;EcritureLib_0581;20250801;1200,00;0,00;D;VTE/89;A;20250323
VTE;VENTES;VTE/89;20240724;70770000;CompteLib_0067;;;24072444;20240724;EcritureLib_0581;20250801;0,00;1000,00;C;VTE/89;;
VTE;VENTES;VTE/89;20240724;44571700;CompteLib_0023;;;24072444;20240724;EcritureLib_0581;20250801;0,00;200,00;C;VTE/89;;
VTE;VENTES;VTE/90;20240724;41100000;CompteLib_0020;CMARTIN;GAETAN MARTIN;24072445;20240724;EcritureLib_0582;20250801;1350,00;0,00;D;VTE/90;A;20250323
VTE;VENTES;VTE/90;20240724;70770000;CompteLib_0067;;;24072445;20240724;EcritureLib_0582;20250801;0,00;1000,00;C;VTE/90;;
VTE;VENTES;VTE/90;20240724;70800000;CompteLib_0068;;;24072445;20240724;EcritureLib_0582;20250801;0,00;125,00;C;VTE/90;;
VTE;VENTES;VTE/90;20240724;44571700;CompteLib_0023;;;24072445;20240724;EcritureLib_0582;20250801;0,00;225,00;C;VTE/90;;
VTE;VENTES;VTE/91;20240726;41100000;CompteLib_0020;CRENARD;RENARD YOANN (LEBONCOIN);24072646;20240726;EcritureLib_0583;20250801;1325,00;0,00;D;VTE/91;A;20250323
VTE;VENTES;VTE/91;20240726;70770000;CompteLib_0067;;;24072646;20240726;EcritureLib_0583;20250801;0,00;1000,00;C;VTE/91;;
VTE;VENTES;VTE/91;20240726;70800000;CompteLib_0068;;;24072646;20240726;EcritureLib_0583;20250801;0,00;104,17;C;VTE/91;;
VTE;VENTES;VTE/91;20240726;44571700;CompteLib_0023;;;24072646;20240726;EcritureLib_0583;20250801;0,00;220,83;C;VTE/91;;
VTE;VENTES;VTE/92;20240726;41100000;CompteLib_0020;CMENARD;MENARD JIMMY (LEBONCOIN);24072647;20240726;EcritureLib_0584;20250801;1925,00;0,00;D;VTE/92;A;20250323
VTE;VENTES;VTE/92;20240726;70770000;CompteLib_0067;;;24072647;20240726;EcritureLib_0584;20250801;0,00;1458,33;C;VTE/92;;
VTE;VENTES;VTE/92;20240726;70800000;CompteLib_0068;;;24072647;20240726;EcritureLib_0584;20250801;0,00;145,83;C;VTE/92;;
VTE;VENTES;VTE/92;20240726;44571700;CompteLib_0023;;;24072647;20240726;EcritureLib_0584;20250801;0,00;320,84;C;VTE/92;;
VTE;VENTES;VTE/93;20240726;41100000;CompteLib_0020;ATOM;ATOM CITY ;24072648;20240726;EcritureLib_0526;20250801;628,90;0,00;D;VTE/93;P;20250323
VTE;VENTES;VTE/93;20240726;70770000;CompteLib_0067;;;24072648;20240726;EcritureLib_0526;20250801;0,00;155,80;C;VTE/93;;
VTE;VENTES;VTE/93;20240726;70771200;CompteLib_0071;;;24072648;20240726;EcritureLib_0526;20250801;0,00;418,90;C;VTE/93;;
VTE;VENTES;VTE/93;20240726;44571700;CompteLib_0023;;;24072648;20240726;EcritureLib_0526;20250801;0,00;31,16;C;VTE/93;;
VTE;VENTES;VTE/93;20240726;44571200;CompteLib_0058;;;24072648;20240726;EcritureLib_0526;20250801;0,00;23,04;C;VTE/93;;
VTE;VENTES;VTE/94;20240801;41100000;CompteLib_0020;ATOM;ATOM CITY ;24080149;20240801;EcritureLib_0526;20250801;1000,00;0,00;D;VTE/94;P;20250323
VTE;VENTES;VTE/94;20240801;70830000;CompteLib_0070;;;24080149;20240801;EcritureLib_0526;20250801;0,00;833,33;C;VTE/94;;
VTE;VENTES;VTE/94;20240801;44571700;CompteLib_0023;;;24080149;20240801;EcritureLib_0526;20250801;0,00;166,67;C;VTE/94;;
VTE;VENTES;VTE/95;20240806;41100000;CompteLib_0020;CMERICOURT;MERICOURT;24080650;20240806;EcritureLib_0585;20250801;231,00;0,00;D;VTE/95;A;20250323
VTE;VENTES;VTE/95;20240806;70671200;CompteLib_0066;;;24080650;20240806;EcritureLib_0585;20250801;0,00;192,50;C;VTE/95;;
VTE;VENTES;VTE/95;20240806;44571700;CompteLib_0023;;;24080650;20240806;EcritureLib_0585;20250801;0,00;38,50;C;VTE/95;;
VTE;VENTES;VTE/96;20240806;41100000;CompteLib_0020;CCOMMUNITY;COMMUNITY;24080651;20240806;EcritureLib_0586;20250801;336,00;0,00;D;VTE/96;A;20250323
VTE;VENTES;VTE/96;20240806;70671200;CompteLib_0066;;;24080651;20240806;EcritureLib_0586;20250801;0,00;280,00;C;VTE/96;;
VTE;VENTES;VTE/96;20240806;44571700;CompteLib_0023;;;24080651;20240806;EcritureLib_0586;20250801;0,00;56,00;C;VTE/96;;
VTE;VENTES;VTE/97;20240820;41100000;CompteLib_0020;CCARAMEL;MAISON DE QUARTIER CARAMEL;24082052;20240820;EcritureLib_0587;20250801;161,00;0,00;D;VTE/97;B;20250323
VTE;VENTES;VTE/97;20240820;70671200;CompteLib_0066;;;24082052;20240820;EcritureLib_0587;20250801;0,00;134,17;C;VTE/97;;
VTE;VENTES;VTE/97;20240820;44571700;CompteLib_0023;;;24082052;20240820;EcritureLib_0587;20250801;0,00;26,83;C;VTE/97;;
VTE;VENTES;VTE/98;20240820;41100000;CompteLib_0020;CCLAIN;ALEXANDRE CLAIN;24082053;20240820;EcritureLib_0588;20250801;1750,00;0,00;D;VTE/98;A;20250323
VTE;VENTES;VTE/98;20240820;70770000;CompteLib_0067;;;24082053;20240820;EcritureLib_0588;20250801;0,00;1458,33;C;VTE/98;;
VTE;VENTES;VTE/98;20240820;44571700;CompteLib_0023;;;24082053;20240820;EcritureLib_0588;20250801;0,00;291,67;C;VTE/98;;
VTE;VENTES;VTE/99;20240826;41100000;CompteLib_0020;CHOUDART;HOUDART AUDREY;24082654;20240826;EcritureLib_0589;20250801;990,00;0,00;D;VTE/99;A;20250323
VTE;VENTES;VTE/99;20240826;70770000;CompteLib_0067;;;24082654;20240826;EcritureLib_0589;20250801;0,00;825,00;C;VTE/99;;
VTE;VENTES;VTE/99;20240826;44571700;CompteLib_0023;;;24082654;20240826;EcritureLib_0589;20250801;0,00;165,00;C;VTE/99;;
VTE;VENTES;VTE/100;20240827;41100000;CompteLib_0020;CRONA;LA RONA (SRL);24082755;20240827;EcritureLib_0590;20250801;1630,00;0,00;D;VTE/100;A;20250323
VTE;VENTES;VTE/100;20240827;70790000;CompteLib_0073;;;24082755;20240827;EcritureLib_0590;20250801;0,00;1500,00;C;VTE/100;;
VTE;VENTES;VTE/100;20240827;70890000;CompteLib_0074;;;24082755;20240827;EcritureLib_0590;20250801;0,00;130,00;C;VTE/100;;
VTE;VENTES;VTE/101;20240827;41100000;CompteLib_0020;CNEXTGEST;NEXTGEST;24082756;20240827;EcritureLib_0591;20250801;1925,00;0,00;D;VTE/101;A;20250323
VTE;VENTES;VTE/101;20240827;70770000;CompteLib_0067;;;24082756;20240827;EcritureLib_0591;20250801;0,00;1458,33;C;VTE/101;;
VTE;VENTES;VTE/101;20240827;70800000;CompteLib_0068;;;24082756;20240827;EcritureLib_0591;20250801;0,00;145,83;C;VTE/101;;
VTE;VENTES;VTE/101;20240827;44571700;CompteLib_0023;;;24082756;20240827;EcritureLib_0591;20250801;0,00;320,84;C;VTE/101;;
VTE;VENTES;VTE/102;20240827;41100000;CompteLib_0020;CDABE;DABE VINCENT;24082757;20240827;EcritureLib_0529;20250801;1800,00;0,00;D;VTE/102;B;20250323
VTE;VENTES;VTE/102;20240827;70770000;CompteLib_0067;;;24082757;20240827;EcritureLib_0529;20250801;0,00;1500,00;C;VTE/102;;
VTE;VENTES;VTE/102;20240827;44571700;CompteLib_0023;;;24082757;20240827;EcritureLib_0529;20250801;0,00;300,00;C;VTE/102;;
VTE;VENTES;VTE/103;20240901;41100000;CompteLib_0020;ATOM;ATOM CITY ;24090158;20240901;EcritureLib_0526;20250801;1000,00;0,00;D;VTE/103;Q;20250323
VTE;VENTES;VTE/103;20240901;70830000;CompteLib_0070;;;24090158;20240901;EcritureLib_0526;20250801;0,00;833,33;C;VTE/103;;
VTE;VENTES;VTE/103;20240901;44571700;CompteLib_0023;;;24090158;20240901;EcritureLib_0526;20250801;0,00;166,67;C;VTE/103;;
VTE;VENTES;VTE/104;20240905;41100000;CompteLib_0020;CKOREKUTA;KOREKUTA NO HAKINOWA;24090559;20240905;EcritureLib_0545;20250801;1600,00;0,00;D;VTE/104;B;20250323
VTE;VENTES;VTE/104;20240905;70770000;CompteLib_0067;;;24090559;20240905;EcritureLib_0545;20250801;0,00;1333,33;C;VTE/104;;
VTE;VENTES;VTE/104;20240905;44571700;CompteLib_0023;;;24090559;20240905;EcritureLib_0545;20250801;0,00;266,67;C;VTE/104;;
VTE;VENTES;VTE/105;20240906;41100000;CompteLib_0020;CBOUTREAU;EURL BOUTRAU RAPHAL;24090660;20240906;EcritureLib_0592;20250801;2500,00;0,00;D;VTE/105;A;20250323
VTE;VENTES;VTE/105;20240906;70770000;CompteLib_0067;;;24090660;20240906;EcritureLib_0592;20250801;0,00;2083,33;C;VTE/105;;
VTE;VENTES;VTE/105;20240906;44571700;CompteLib_0023;;;24090660;20240906;EcritureLib_0592;20250801;0,00;416,67;C;VTE/105;;
VTE;VENTES;VTE/106;20240907;41100000;CompteLib_0020;CHENRY;BENJAMIN HENRY;24090761;20240907;EcritureLib_0593;20250801;400,00;0,00;D;VTE/106;A;20250323
VTE;VENTES;VTE/106;20240907;70800000;CompteLib_0068;;;24090761;20240907;EcritureLib_0593;20250801;0,00;333,33;C;VTE/106;;
VTE;VENTES;VTE/106;20240907;44571700;CompteLib_0023;;;24090761;20240907;EcritureLib_0593;20250801;0,00;66,67;C;VTE/106;;
VTE;VENTES;VTE/107;20240907;41100000;CompteLib_0020;CGINNY;GINNY;24090762;20240907;EcritureLib_0594;20250801;300,00;0,00;D;VTE/107;A;20250323
VTE;VENTES;VTE/107;20240907;70800000;CompteLib_0068;;;24090762;20240907;EcritureLib_0594;20250801;0,00;250,00;C;VTE/107;;
VTE;VENTES;VTE/107;20240907;44571700;CompteLib_0023;;;24090762;20240907;EcritureLib_0594;20250801;0,00;50,00;C;VTE/107;;
VTE;VENTES;VTE/108;20240907;41100000;CompteLib_0020;CHAZEBROUCK;HAZEBROUCK;24090763;20240907;EcritureLib_0595;20250801;161,00;0,00;D;VTE/108;A;20250323
VTE;VENTES;VTE/108;20240907;70671200;CompteLib_0066;;;24090763;20240907;EcritureLib_0595;20250801;0,00;134,17;C;VTE/108;;
VTE;VENTES;VTE/108;20240907;44571700;CompteLib_0023;;;24090763;20240907;EcritureLib_0595;20250801;0,00;26,83;C;VTE/108;;
VTE;VENTES;VTE/109;20240919;41100000;CompteLib_0020;CGROSCLAUDE;VICTOR GROSCLAUDE;24091964;20240919;EcritureLib_0596;20250801;1750,00;0,00;D;VTE/109;A;20250323
VTE;VENTES;VTE/109;20240919;70770000;CompteLib_0067;;;24091964;20240919;EcritureLib_0596;20250801;0,00;1458,33;C;VTE/109;;
VTE;VENTES;VTE/109;20240919;44571700;CompteLib_0023;;;24091964;20240919;EcritureLib_0596;20250801;0,00;291,67;C;VTE/109;;
VTE;VENTES;VTE/110;20240920;41100000;CompteLib_0020;CLABARRE;SEBASTIEN LABARRE;24092065;20240920;EcritureLib_0597;20250801;3080,00;0,00;D;VTE/110;A;20250323
VTE;VENTES;VTE/110;20240920;70770000;CompteLib_0067;;;24092065;20240920;EcritureLib_0597;20250801;0,00;2566,67;C;VTE/110;;
VTE;VENTES;VTE/110;20240920;44571700;CompteLib_0023;;;24092065;20240920;EcritureLib_0597;20250801;0,00;513,33;C;VTE/110;;
VTE;VENTES;VTE/111;20240923;41100000;CompteLib_0020;CTHIBERT;JEAN MICHEL THIBERT;24092367;20240923;EcritureLib_0598;20250801;2500,00;0,00;D;VTE/111;A;20250323
VTE;VENTES;VTE/111;20240923;70770000;CompteLib_0067;;;24092367;20240923;EcritureLib_0598;20250801;0,00;2083,33;C;VTE/111;;
VTE;VENTES;VTE/111;20240923;44571700;CompteLib_0023;;;24092367;20240923;EcritureLib_0598;20250801;0,00;416,67;C;VTE/111;;
VTE;VENTES;VTE/112;20240925;41100000;CompteLib_0020;CDESOUSA;DE SOUSA FRANCISCO;24092568;20240925;EcritureLib_0599;20250801;1965,00;0,00;D;VTE/112;B;20250323
VTE;VENTES;VTE/112;20240925;70770000;CompteLib_0067;;;24092568;20240925;EcritureLib_0599;20250801;0,00;1637,50;C;VTE/112;;
VTE;VENTES;VTE/112;20240925;44571700;CompteLib_0023;;;24092568;20240925;EcritureLib_0599;20250801;0,00;327,50;C;VTE/112;;
VTE;VENTES;VTE/113;20241002;41100000;CompteLib_0020;CEXOTEC;EXOTEC;24100269;20241002;EcritureLib_0600;20250801;500,00;0,00;D;VTE/113;A;20250323
VTE;VENTES;VTE/113;20241002;70671200;CompteLib_0066;;;24100269;20241002;EcritureLib_0600;20250801;0,00;416,67;C;VTE/113;;
VTE;VENTES;VTE/113;20241002;44571700;CompteLib_0023;;;24100269;20241002;EcritureLib_0600;20250801;0,00;83,33;C;VTE/113;;
VTE;VENTES;VTE/114;20241005;41100000;CompteLib_0020;CMONTERO;AURLIEN MONTRO;24100570;20241005;EcritureLib_0601;20250801;1600,00;0,00;D;VTE/114;A;20250323
VTE;VENTES;VTE/114;20241005;70770000;CompteLib_0067;;;24100570;20241005;EcritureLib_0601;20250801;0,00;1208,33;C;VTE/114;;
VTE;VENTES;VTE/114;20241005;70800000;CompteLib_0068;;;24100570;20241005;EcritureLib_0601;20250801;0,00;125,00;C;VTE/114;;
VTE;VENTES;VTE/114;20241005;44571700;CompteLib_0023;;;24100570;20241005;EcritureLib_0601;20250801;0,00;266,67;C;VTE/114;;
VTE;VENTES;VTE/115;20241005;41100000;CompteLib_0020;CTEDDY;TEDDY;24100571;20241005;EcritureLib_0602;20250801;1600,00;0,00;D;VTE/115;B;20250323
VTE;VENTES;VTE/115;20241005;70770000;CompteLib_0067;;;24100571;20241005;EcritureLib_0602;20250801;0,00;1166,67;C;VTE/115;;
VTE;VENTES;VTE/115;20241005;70800000;CompteLib_0068;;;24100571;20241005;EcritureLib_0602;20250801;0,00;166,67;C;VTE/115;;
VTE;VENTES;VTE/115;20241005;44571700;CompteLib_0023;;;24100571;20241005;EcritureLib_0602;20250801;0,00;266,66;C;VTE/115;;
VTE;VENTES;VTE/116;20241007;41100000;CompteLib_0020;CPROJET;ASSOCIATION PROJET;24100772;20241007;EcritureLib_0603;20250801;1047,00;0,00;D;VTE/116;;
VTE;VENTES;VTE/116;20241007;70671200;CompteLib_0066;;;24100772;20241007;EcritureLib_0603;20250801;0,00;872,50;C;VTE/116;;
VTE;VENTES;VTE/116;20241007;44571700;CompteLib_0023;;;24100772;20241007;EcritureLib_0603;20250801;0,00;174,50;C;VTE/116;;
VTE;VENTES;VTE/117;20241011;41100000;CompteLib_0020;CROUBAIX;VILLE DE ROUBAIX;24101173;20241011;EcritureLib_0604;20250801;600,00;0,00;D;VTE/117;A;20250323
VTE;VENTES;VTE/117;20241011;70671200;CompteLib_0066;;;24101173;20241011;EcritureLib_0604;20250801;0,00;500,00;C;VTE/117;;
VTE;VENTES;VTE/117;20241011;44571700;CompteLib_0023;;;24101173;20241011;EcritureLib_0604;20250801;0,00;100,00;C;VTE/117;;
VTE;VENTES;VTE/118;20241019;41100000;CompteLib_0020;CLINSELLES;VILLES DE LINSELLES;24101974;20241019;EcritureLib_0605;20250801;700,00;0,00;D;VTE/118;B;20250323
VTE;VENTES;VTE/118;20241019;70671200;CompteLib_0066;;;24101974;20241019;EcritureLib_0605;20250801;0,00;583,33;C;VTE/118;;
VTE;VENTES;VTE/118;20241019;44571700;CompteLib_0023;;;24101974;20241019;EcritureLib_0605;20250801;0,00;116,67;C;VTE/118;;
VTE;VENTES;VTE/119;20241019;41100000;CompteLib_0020;CGATENINETY;GATENINETY-WORLD;24101975;20241019;EcritureLib_0606;20250801;3500,00;0,00;D;VTE/119;A;20250323
VTE;VENTES;VTE/119;20241019;70790000;CompteLib_0073;;;24101975;20241019;EcritureLib_0606;20250801;0,00;3500,00;C;VTE/119;;
VTE;VENTES;VTE/120;20241019;41100000;CompteLib_0020;CCOMMUNITY;COMMUNITY;24101976;20241019;EcritureLib_0586;20250801;480,00;0,00;D;VTE/120;B;20250323
VTE;VENTES;VTE/120;20241019;70671200;CompteLib_0066;;;24101976;20241019;EcritureLib_0586;20250801;0,00;400,00;C;VTE/120;;
VTE;VENTES;VTE/120;20241019;44571700;CompteLib_0023;;;24101976;20241019;EcritureLib_0586;20250801;0,00;80,00;C;VTE/120;;
VTE;VENTES;VTE/121;20241022;41100000;CompteLib_0020;CCARAMEL;MAISON DE QUARTIER CARAMEL;24102277;20241022;EcritureLib_0552;20250801;182,00;0,00;D;VTE/121;C;20250323
VTE;VENTES;VTE/121;20241022;70671200;CompteLib_0066;;;24102277;20241022;EcritureLib_0552;20250801;0,00;151,67;C;VTE/121;;
VTE;VENTES;VTE/121;20241022;44571700;CompteLib_0023;;;24102277;20241022;EcritureLib_0552;20250801;0,00;30,33;C;VTE/121;;
VTE;VENTES;VTE/122;20241023;41100000;CompteLib_0020;CRONCHIN;MAIRIE DE RONCHIN;24102378;20241023;EcritureLib_0607;20250801;400,00;0,00;D;VTE/122;C;20250323
VTE;VENTES;VTE/122;20241023;70671200;CompteLib_0066;;;24102378;20241023;EcritureLib_0607;20250801;0,00;333,33;C;VTE/122;;
VTE;VENTES;VTE/122;20241023;44571700;CompteLib_0023;;;24102378;20241023;EcritureLib_0607;20250801;0,00;66,67;C;VTE/122;;
VTE;VENTES;VTE/123;20241024;41100000;CompteLib_0020;CIMAGINE;CENTRE SOCIAL IMAGINE;24102479;20241024;EcritureLib_0608;20250801;350,00;0,00;D;VTE/123;A;20250323
VTE;VENTES;VTE/123;20241024;70671200;CompteLib_0066;;;24102479;20241024;EcritureLib_0608;20250801;0,00;291,67;C;VTE/123;;
VTE;VENTES;VTE/123;20241024;44571700;CompteLib_0023;;;24102479;20241024;EcritureLib_0608;20250801;0,00;58,33;C;VTE/123;;
VTE;VENTES;VTE/124;20241025;41100000;CompteLib_0020;CWERVICQ;VILLE DE WERVICQ-SUD;24102580;20241025;EcritureLib_0609;20250801;182,00;0,00;D;VTE/124;A;20250323
VTE;VENTES;VTE/124;20241025;70671200;CompteLib_0066;;;24102580;20241025;EcritureLib_0609;20250801;0,00;151,67;C;VTE/124;;
VTE;VENTES;VTE/124;20241025;44571700;CompteLib_0023;;;24102580;20241025;EcritureLib_0609;20250801;0,00;30,33;C;VTE/124;;
VTE;VENTES;VTE/125;20241025;41100000;CompteLib_0020;CDIVERS;DIVERS;24102581;20241025;EcritureLib_0513;20250801;100,00;0,00;D;VTE/125;R;20250323
VTE;VENTES;VTE/125;20241025;70671200;CompteLib_0066;;;24102581;20241025;EcritureLib_0513;20250801;0,00;83,33;C;VTE/125;;
VTE;VENTES;VTE/125;20241025;44571700;CompteLib_0023;;;24102581;20241025;EcritureLib_0513;20250801;0,00;16,67;C;VTE/125;;
VTE;VENTES;VTE/126;20241030;41100000;CompteLib_0020;CBRASSENS;CENTRE SOCIAL GEORGES BRASSENS;24103082;20241030;EcritureLib_0610;20250801;196,00;0,00;D;VTE/126;A;20250323
VTE;VENTES;VTE/126;20241030;70671200;CompteLib_0066;;;24103082;20241030;EcritureLib_0610;20250801;0,00;163,33;C;VTE/126;;
VTE;VENTES;VTE/126;20241030;44571700;CompteLib_0023;;;24103082;20241030;EcritureLib_0610;20250801;0,00;32,67;C;VTE/126;;
VTE;VENTES;VTE/127;20241030;41100000;CompteLib_0020;ATOM;ATOM CITY ;24103083;20241030;EcritureLib_0526;20250801;1375,56;0,00;D;VTE/127;R;20250323
VTE;VENTES;VTE/127;20241030;70770000;CompteLib_0067;;;24103083;20241030;EcritureLib_0526;20250801;0,00;267,46;C;VTE/127;;
VTE;VENTES;VTE/127;20241030;70771200;CompteLib_0071;;;24103083;20241030;EcritureLib_0526;20250801;0,00;999,64;C;VTE/127;;
VTE;VENTES;VTE/127;20241030;44571700;CompteLib_0023;;;24103083;20241030;EcritureLib_0526;20250801;0,00;53,48;C;VTE/127;;
VTE;VENTES;VTE/127;20241030;44571200;CompteLib_0058;;;24103083;20241030;EcritureLib_0526;20250801;0,00;54,98;C;VTE/127;;
VTE;VENTES;VTE/128;20241030;41100000;CompteLib_0020;BRATS;LES PETITS BRATS ;24103084;20241030;EcritureLib_0525;20250801;1115,20;0,00;D;VTE/128;I;20250323
VTE;VENTES;VTE/128;20241030;70770000;CompteLib_0067;;;24103084;20241030;EcritureLib_0525;20250801;0,00;647,30;C;VTE/128;;
VTE;VENTES;VTE/128;20241030;70771200;CompteLib_0071;;;24103084;20241030;EcritureLib_0525;20250801;0,00;320,80;C;VTE/128;;
VTE;VENTES;VTE/128;20241030;44571700;CompteLib_0023;;;24103084;20241030;EcritureLib_0525;20250801;0,00;129,46;C;VTE/128;;
VTE;VENTES;VTE/128;20241030;44571200;CompteLib_0058;;;24103084;20241030;EcritureLib_0525;20250801;0,00;17,64;C;VTE/128;;
VTE;VENTES;VTE/129;20241031;41100000;CompteLib_0020;CDABE;DABE VINCENT;24103185;20241031;EcritureLib_0529;20250801;800,00;0,00;D;VTE/129;C;20250323
VTE;VENTES;VTE/129;20241031;70770000;CompteLib_0067;;;24103185;20241031;EcritureLib_0529;20250801;0,00;666,67;C;VTE/129;;
VTE;VENTES;VTE/129;20241031;44571700;CompteLib_0023;;;24103185;20241031;EcritureLib_0529;20250801;0,00;133,33;C;VTE/129;;
VTE;VENTES;VTE/130;20241107;41100000;CompteLib_0020;BRATS;LES PETITS BRATS ;24110786;20241107;EcritureLib_0611;20250801;4044,00;0,00;D;VTE/130;I;20250323
VTE;VENTES;VTE/130;20241107;70671200;CompteLib_0066;;;24110786;20241107;EcritureLib_0611;20250801;0,00;3370,00;C;VTE/130;;
VTE;VENTES;VTE/130;20241107;44571700;CompteLib_0023;;;24110786;20241107;EcritureLib_0611;20250801;0,00;674,00;C;VTE/130;;
VTE;VENTES;VTE/131;20241107;41100000;CompteLib_0020;ATOM;ATOM CITY ;24110787;20241107;EcritureLib_0526;20250801;1000,00;0,00;D;VTE/131;R;20250323
VTE;VENTES;VTE/131;20241107;70671200;CompteLib_0066;;;24110787;20241107;EcritureLib_0526;20250801;0,00;833,33;C;VTE/131;;
VTE;VENTES;VTE/131;20241107;44571700;CompteLib_0023;;;24110787;20241107;EcritureLib_0526;20250801;0,00;166,67;C;VTE/131;;
VTE;VENTES;VTE/132;20241109;41100000;CompteLib_0020;CNABIL;LAGHMARI NABIL;24110988;20241109;EcritureLib_0612;20250801;5800,00;0,00;D;VTE/132;A;20250323
VTE;VENTES;VTE/132;20241109;70770000;CompteLib_0067;;;24110988;20241109;EcritureLib_0612;20250801;0,00;4833,33;C;VTE/132;;
VTE;VENTES;VTE/132;20241109;44571700;CompteLib_0023;;;24110988;20241109;EcritureLib_0612;20250801;0,00;966,67;C;VTE/132;;
VTE;VENTES;VTE/133;20241110;41100000;CompteLib_0020;CENEDIS;ENEDIS;24111089;20241110;EcritureLib_0613;20250801;120,00;0,00;D;VTE/133;A;20250323
VTE;VENTES;VTE/133;20241110;70671200;CompteLib_0066;;;24111089;20241110;EcritureLib_0613;20250801;0,00;100,00;C;VTE/133;;
VTE;VENTES;VTE/133;20241110;44571700;CompteLib_0023;;;24111089;20241110;EcritureLib_0613;20250801;0,00;20,00;C;VTE/133;;
VTE;VENTES;VTE/134;20241119;41100000;CompteLib_0020;CDIVERS;DIVERS;24111990;20241119;EcritureLib_0513;20250801;1100,00;0,00;D;VTE/134;S;20250323
VTE;VENTES;VTE/134;20241119;70770000;CompteLib_0067;;;24111990;20241119;EcritureLib_0513;20250801;0,00;916,67;C;VTE/134;;
VTE;VENTES;VTE/134;20241119;44571700;CompteLib_0023;;;24111990;20241119;EcritureLib_0513;20250801;0,00;183,33;C;VTE/134;;
VTE;VENTES;VTE/135;20241123;41100000;CompteLib_0020;CKOREKUTA;KOREKUTA NO HAKINOWA;24112391;20241123;EcritureLib_0545;20250801;890,00;0,00;D;VTE/135;C;20250323
VTE;VENTES;VTE/135;20241123;70770000;CompteLib_0067;;;24112391;20241123;EcritureLib_0545;20250801;0,00;741,67;C;VTE/135;;
VTE;VENTES;VTE/135;20241123;44571700;CompteLib_0023;;;24112391;20241123;EcritureLib_0545;20250801;0,00;148,33;C;VTE/135;;
VTE;VENTES;VTE/136;20241126;41100000;CompteLib_0020;CMATHA;MATHA JULIEN;24112692;20241126;EcritureLib_0614;20250801;1850,00;0,00;D;VTE/136;A;20250323
VTE;VENTES;VTE/136;20241126;70770000;CompteLib_0067;;;24112692;20241126;EcritureLib_0614;20250801;0,00;1416,67;C;VTE/136;;
VTE;VENTES;VTE/136;20241126;70800000;CompteLib_0068;;;24112692;20241126;EcritureLib_0614;20250801;0,00;125,00;C;VTE/136;;
VTE;VENTES;VTE/136;20241126;44571700;CompteLib_0023;;;24112692;20241126;EcritureLib_0614;20250801;0,00;308,33;C;VTE/136;;
VTE;VENTES;VTE/137;20241126;41100000;CompteLib_0020;CDUFAYE;DUFAYE GUILLAUME;24112693;20241126;EcritureLib_0615;20250801;600,00;0,00;D;VTE/137;B;20250323
VTE;VENTES;VTE/137;20241126;70830000;CompteLib_0070;;;24112693;20241126;EcritureLib_0615;20250801;0,00;500,00;C;VTE/137;;
VTE;VENTES;VTE/137;20241126;44571700;CompteLib_0023;;;24112693;20241126;EcritureLib_0615;20250801;0,00;100,00;C;VTE/137;;
VTE;VENTES;VTE/138;20241129;41100000;CompteLib_0020;CVIELLA;CHARLOTTE VIELLA;24112994;20241129;EcritureLib_0548;20250801;1600,00;0,00;D;VTE/138;B;20250323
VTE;VENTES;VTE/138;20241129;70770000;CompteLib_0067;;;24112994;20241129;EcritureLib_0548;20250801;0,00;1333,33;C;VTE/138;;
VTE;VENTES;VTE/138;20241129;44571700;CompteLib_0023;;;24112994;20241129;EcritureLib_0548;20250801;0,00;266,67;C;VTE/138;;
VTE;VENTES;VTE/139;20241206;41100000;CompteLib_0020;ATOM;ATOM CITY ;24120695;20241206;EcritureLib_0526;20250801;1000,00;0,00;D;VTE/139;S;20250323
VTE;VENTES;VTE/139;20241206;70830000;CompteLib_0070;;;24120695;20241206;EcritureLib_0526;20250801;0,00;833,33;C;VTE/139;;
VTE;VENTES;VTE/139;20241206;44571700;CompteLib_0023;;;24120695;20241206;EcritureLib_0526;20250801;0,00;166,67;C;VTE/139;;
VTE;VENTES;VTE/140;20241207;41100000;CompteLib_0020;ATOM;ATOM CITY ;24120796;20241207;EcritureLib_0526;20250801;1000,00;0,00;D;VTE/140;S;20250323
VTE;VENTES;VTE/140;20241207;70830000;CompteLib_0070;;;24120796;20241207;EcritureLib_0526;20250801;0,00;833,33;C;VTE/140;;
VTE;VENTES;VTE/140;20241207;44571700;CompteLib_0023;;;24120796;20241207;EcritureLib_0526;20250801;0,00;166,67;C;VTE/140;;
VTE;VENTES;VTE/141;20241211;41100000;CompteLib_0020;CLIL;LIL FIGHTERS;24121198;20241211;EcritureLib_0616;20250801;728,00;0,00;D;VTE/141;;
VTE;VENTES;VTE/141;20241211;70830000;CompteLib_0070;;;24121198;20241211;EcritureLib_0616;20250801;0,00;606,67;C;VTE/141;;
VTE;VENTES;VTE/141;20241211;44571700;CompteLib_0023;;;24121198;20241211;EcritureLib_0616;20250801;0,00;121,33;C;VTE/141;;
VTE;VENTES;VTE/142;20241211;41100000;CompteLib_0020;CLAMBERSART;VILLE DE LAMBERSART;24121197;20241211;EcritureLib_0617;20250801;550,00;0,00;D;VTE/142;C;20250323
VTE;VENTES;VTE/142;20241211;70830000;CompteLib_0070;;;24121197;20241211;EcritureLib_0617;20250801;0,00;458,33;C;VTE/142;;
VTE;VENTES;VTE/142;20241211;44571700;CompteLib_0023;;;24121197;20241211;EcritureLib_0617;20250801;0,00;91,67;C;VTE/142;;
VTE;VENTES;VTE/143;20241212;41100000;CompteLib_0020;CMAIPOINT;MAIPOINT FRANOIS;24121299;20241212;EcritureLib_0618;20250801;400,00;0,00;D;VTE/143;A;20250323
VTE;VENTES;VTE/143;20241212;70770000;CompteLib_0067;;;24121299;20241212;EcritureLib_0618;20250801;0,00;333,33;C;VTE/143;;
VTE;VENTES;VTE/143;20241212;44571700;CompteLib_0023;;;24121299;20241212;EcritureLib_0618;20250801;0,00;66,67;C;VTE/143;;
VTE;VENTES;VTE/144;20241213;41100000;CompteLib_0020;CGAME;JAMES GAME CENTER;24121300;20241213;EcritureLib_0619;20250801;1420,00;0,00;D;VTE/144;A;20250323
VTE;VENTES;VTE/144;20241213;70770000;CompteLib_0067;;;24121300;20241213;EcritureLib_0619;20250801;0,00;1183,33;C;VTE/144;;
VTE;VENTES;VTE/144;20241213;44571700;CompteLib_0023;;;24121300;20241213;EcritureLib_0619;20250801;0,00;236,67;C;VTE/144;;
VTE;VENTES;VTE/145;20241214;41100000;CompteLib_0020;CSAMMUT;EMMANUEL SAMMUT;24121401;20241214;EcritureLib_0620;20250801;700,00;0,00;D;VTE/145;A;20250323
VTE;VENTES;VTE/145;20241214;70770000;CompteLib_0067;;;24121401;20241214;EcritureLib_0620;20250801;0,00;583,33;C;VTE/145;;
VTE;VENTES;VTE/145;20241214;44571700;CompteLib_0023;;;24121401;20241214;EcritureLib_0620;20250801;0,00;116,67;C;VTE/145;;
VTE;VENTES;VTE/146;20241215;41100000;CompteLib_0020;CSINGE;BRASSERIE SINGE SAVANT;24121502;20241215;EcritureLib_0621;20250801;300,00;0,00;D;VTE/146;;
VTE;VENTES;VTE/146;20241215;70830000;CompteLib_0070;;;24121502;20241215;EcritureLib_0621;20250801;0,00;250,00;C;VTE/146;;
VTE;VENTES;VTE/146;20241215;44571700;CompteLib_0023;;;24121502;20241215;EcritureLib_0621;20250801;0,00;50,00;C;VTE/146;;
VTE;VENTES;VTE/147;20241217;41100000;CompteLib_0020;CMILLIEZ;DOMINIQUE MILLIEZ;24121705;20241217;EcritureLib_0622;20250801;540,00;0,00;D;VTE/147;A;20250323
VTE;VENTES;VTE/147;20241217;70770000;CompteLib_0067;;;24121705;20241217;EcritureLib_0622;20250801;0,00;450,00;C;VTE/147;;
VTE;VENTES;VTE/147;20241217;44571700;CompteLib_0023;;;24121705;20241217;EcritureLib_0622;20250801;0,00;90,00;C;VTE/147;;
VTE;VENTES;VTE/148;20241217;41100000;CompteLib_0020;CJOUTET;JULIEN JOUTET;24121704;20241217;EcritureLib_0623;20250801;560,00;0,00;D;VTE/148;A;20250323
VTE;VENTES;VTE/148;20241217;70770000;CompteLib_0067;;;24121704;20241217;EcritureLib_0623;20250801;0,00;466,67;C;VTE/148;;
VTE;VENTES;VTE/148;20241217;44571700;CompteLib_0023;;;24121704;20241217;EcritureLib_0623;20250801;0,00;93,33;C;VTE/148;;
VTE;VENTES;VTE/149;20241217;41100000;CompteLib_0020;CDESIMONE;ALEXANDER DE SIMONE;24121706;20241217;EcritureLib_0624;20250801;800,00;0,00;D;VTE/149;A;20250323
VTE;VENTES;VTE/149;20241217;70770000;CompteLib_0067;;;24121706;20241217;EcritureLib_0624;20250801;0,00;666,67;C;VTE/149;;
VTE;VENTES;VTE/149;20241217;44571700;CompteLib_0023;;;24121706;20241217;EcritureLib_0624;20250801;0,00;133,33;C;VTE/149;;
VTE;VENTES;VTE/150;20241217;41100000;CompteLib_0020;CDABE;DABE VINCENT;24121707;20241217;EcritureLib_0517;20250801;800,00;0,00;D;VTE/150;D;20250323
VTE;VENTES;VTE/150;20241217;70770000;CompteLib_0067;;;24121707;20241217;EcritureLib_0517;20250801;0,00;666,67;C;VTE/150;;
VTE;VENTES;VTE/150;20241217;44571700;CompteLib_0023;;;24121707;20241217;EcritureLib_0517;20250801;0,00;133,33;C;VTE/150;;
VTE;VENTES;VTE/151;20241217;41100000;CompteLib_0020;CSLIMEN;KOUACHI SLIMEN;24121708;20241217;EcritureLib_0625;20250801;800,00;0,00;D;VTE/151;A;20250323
VTE;VENTES;VTE/151;20241217;70770000;CompteLib_0067;;;24121708;20241217;EcritureLib_0625;20250801;0,00;666,67;C;VTE/151;;
VTE;VENTES;VTE/151;20241217;44571700;CompteLib_0023;;;24121708;20241217;EcritureLib_0625;20250801;0,00;133,33;C;VTE/151;;
VTE;VENTES;VTE/152;20241217;41100000;CompteLib_0020;CSAVATIER;DAMIEN SAVATIER;24121703;20241217;EcritureLib_0626;20250801;1000,00;0,00;D;VTE/152;A;20250323
VTE;VENTES;VTE/152;20241217;70770000;CompteLib_0067;;;24121703;20241217;EcritureLib_0626;20250801;0,00;833,33;C;VTE/152;;
VTE;VENTES;VTE/152;20241217;44571700;CompteLib_0023;;;24121703;20241217;EcritureLib_0626;20250801;0,00;166,67;C;VTE/152;;
VTE;VENTES;VTE/153;20241218;41100000;CompteLib_0020;CDEGRANGE;JORDAN DEGRANGE;24121811;20241218;EcritureLib_0627;20250801;800,00;0,00;D;VTE/153;A;20250323
VTE;VENTES;VTE/153;20241218;70770000;CompteLib_0067;;;24121811;20241218;EcritureLib_0627;20250801;0,00;666,67;C;VTE/153;;
VTE;VENTES;VTE/153;20241218;44571700;CompteLib_0023;;;24121811;20241218;EcritureLib_0627;20250801;0,00;133,33;C;VTE/153;;
VTE;VENTES;VTE/154;20241218;41100000;CompteLib_0020;CDESOUSA;DE SOUSA FRANCISCO;24121810;20241218;EcritureLib_0628;20250801;800,00;0,00;D;VTE/154;C;20250323
VTE;VENTES;VTE/154;20241218;70770000;CompteLib_0067;;;24121810;20241218;EcritureLib_0628;20250801;0,00;666,67;C;VTE/154;;
VTE;VENTES;VTE/154;20241218;44571700;CompteLib_0023;;;24121810;20241218;EcritureLib_0628;20250801;0,00;133,33;C;VTE/154;;
VTE;VENTES;VTE/155;20241218;41100000;CompteLib_0020;CNAUDIN;CLEMENT NAUDIN;24121809;20241218;EcritureLib_0629;20250801;800,00;0,00;D;VTE/155;A;20250323
VTE;VENTES;VTE/155;20241218;70770000;CompteLib_0067;;;24121809;20241218;EcritureLib_0629;20250801;0,00;666,67;C;VTE/155;;
VTE;VENTES;VTE/155;20241218;44571700;CompteLib_0023;;;24121809;20241218;EcritureLib_0629;20250801;0,00;133,33;C;VTE/155;;
VTE;VENTES;VTE/156;20241219;41100000;CompteLib_0020;CECHELARD;ECHELARD NICOLAS;24121913;20241219;EcritureLib_0630;20250801;800,00;0,00;D;VTE/156;B;20250323
VTE;VENTES;VTE/156;20241219;70770000;CompteLib_0067;;;24121913;20241219;EcritureLib_0630;20250801;0,00;666,67;C;VTE/156;;
VTE;VENTES;VTE/156;20241219;44571700;CompteLib_0023;;;24121913;20241219;EcritureLib_0630;20250801;0,00;133,33;C;VTE/156;;
VTE;VENTES;VTE/157;20241219;41100000;CompteLib_0020;CECHELARD;ECHELARD NICOLAS;24121912;20241219;EcritureLib_0630;20250801;800,00;0,00;D;VTE/157;A;20250323
VTE;VENTES;VTE/157;20241219;70770000;CompteLib_0067;;;24121912;20241219;EcritureLib_0630;20250801;0,00;666,67;C;VTE/157;;
VTE;VENTES;VTE/157;20241219;44571700;CompteLib_0023;;;24121912;20241219;EcritureLib_0630;20250801;0,00;133,33;C;VTE/157;;
VTE;VENTES;VTE/158;20241220;41100000;CompteLib_0020;CBOUTREAU;EURL BOUTRAU RAPHAL;24122016;20241220;EcritureLib_0592;20250801;2500,00;0,00;D;VTE/158;B;20250323
VTE;VENTES;VTE/158;20241220;70671200;CompteLib_0066;;;24122016;20241220;EcritureLib_0592;20250801;0,00;2083,33;C;VTE/158;;
VTE;VENTES;VTE/158;20241220;44571700;CompteLib_0023;;;24122016;20241220;EcritureLib_0592;20250801;0,00;416,67;C;VTE/158;;
VTE;VENTES;VTE/159;20241220;41100000;CompteLib_0020;CBOURSICOT;MICKAEL BOURSICOT;24122014;20241220;EcritureLib_0631;20250801;800,00;0,00;D;VTE/159;C;20250323
VTE;VENTES;VTE/159;20241220;70770000;CompteLib_0067;;;24122014;20241220;EcritureLib_0631;20250801;0,00;666,67;C;VTE/159;;
VTE;VENTES;VTE/159;20241220;44571700;CompteLib_0023;;;24122014;20241220;EcritureLib_0631;20250801;0,00;133,33;C;VTE/159;;
VTE;VENTES;VTE/160;20241220;41100000;CompteLib_0020;CNABIL;LAGHMARI NABIL;24122015;20241220;EcritureLib_0612;20250801;300,00;0,00;D;VTE/160;B;20250323
VTE;VENTES;VTE/160;20241220;70770000;CompteLib_0067;;;24122015;20241220;EcritureLib_0612;20250801;0,00;250,00;C;VTE/160;;
VTE;VENTES;VTE/160;20241220;44571700;CompteLib_0023;;;24122015;20241220;EcritureLib_0612;20250801;0,00;50,00;C;VTE/160;;
VTE;VENTES;VTE/161;20241221;41100000;CompteLib_0020;CMESSAOUDI;NICOLAS MESSAOUDI;24122117;20241221;EcritureLib_0632;20250801;800,00;0,00;D;VTE/161;B;20250323
VTE;VENTES;VTE/161;20241221;70770000;CompteLib_0067;;;24122117;20241221;EcritureLib_0632;20250801;0,00;666,67;C;VTE/161;;
VTE;VENTES;VTE/161;20241221;44571700;CompteLib_0023;;;24122117;20241221;EcritureLib_0632;20250801;0,00;133,33;C;VTE/161;;
VTE;VENTES;VTE/162;20241223;41100000;CompteLib_0020;CDACOSTA;RAFAEL FERNANDES DA COSTA;24122318;20241223;EcritureLib_0633;20250801;700,00;0,00;D;VTE/162;A;20250323
VTE;VENTES;VTE/162;20241223;70770000;CompteLib_0067;;;24122318;20241223;EcritureLib_0633;20250801;0,00;583,33;C;VTE/162;;
VTE;VENTES;VTE/162;20241223;44571700;CompteLib_0023;;;24122318;20241223;EcritureLib_0633;20250801;0,00;116,67;C;VTE/162;;
VTE;VENTES;VTE/163;20241226;41100000;CompteLib_0020;CMAURO;THOMAS MAURO;24122619;20241226;EcritureLib_0634;20250801;800,00;0,00;D;VTE/163;A;20250323
VTE;VENTES;VTE/163;20241226;70770000;CompteLib_0067;;;24122619;20241226;EcritureLib_0634;20250801;0,00;666,67;C;VTE/163;;
VTE;VENTES;VTE/163;20241226;44571700;CompteLib_0023;;;24122619;20241226;EcritureLib_0634;20250801;0,00;133,33;C;VTE/163;;
VTE;VENTES;VTE/164;20241228;41100000;CompteLib_0020;CDORIAN;DORIAN NICOLETTI;24122820;20241228;EcritureLib_0519;20250801;800,00;0,00;D;VTE/164;;
VTE;VENTES;VTE/164;20241228;70770000;CompteLib_0067;;;24122820;20241228;EcritureLib_0519;20250801;0,00;666,67;C;VTE/164;;
VTE;VENTES;VTE/164;20241228;44571700;CompteLib_0023;;;24122820;20241228;EcritureLib_0519;20250801;0,00;133,33;C;VTE/164;;
VTE;VENTES;VTE/165;20241230;41100000;CompteLib_0020;CFERRET;FERRET MAXENCE;24122822;20241230;EcritureLib_0635;20250801;800,00;0,00;D;VTE/165;A;20250323
VTE;VENTES;VTE/165;20241230;70770000;CompteLib_0067;;;24122822;20241230;EcritureLib_0635;20250801;0,00;666,67;C;VTE/165;;
VTE;VENTES;VTE/165;20241230;44571700;CompteLib_0023;;;24122822;20241230;EcritureLib_0635;20250801;0,00;133,33;C;VTE/165;;
VTE;VENTES;VTE/166;20241230;41100000;CompteLib_0020;CBELLAIZE;BELLAIZE;24122821;20241230;EcritureLib_0636;20250801;800,00;0,00;D;VTE/166;B;20250323
VTE;VENTES;VTE/166;20241230;70770000;CompteLib_0067;;;24122821;20241230;EcritureLib_0636;20250801;0,00;666,67;C;VTE/166;;
VTE;VENTES;VTE/166;20241230;44571700;CompteLib_0023;;;24122821;20241230;EcritureLib_0636;20250801;0,00;133,33;C;VTE/166;;
VTE;VENTES;VTE/167;20241231;41100000;CompteLib_0020;CNEXTGEST;NEXTGEST;24123123;20241231;EcritureLib_0591;20250801;0,00;1925,00;C;VTE/167;A;20250323
VTE;VENTES;VTE/167;20241231;70770000;CompteLib_0067;;;24123123;20241231;EcritureLib_0591;20250801;1458,33;0,00;D;VTE/167;;
VTE;VENTES;VTE/167;20241231;70800000;CompteLib_0068;;;24123123;20241231;EcritureLib_0591;20250801;145,83;0,00;D;VTE/167;;
VTE;VENTES;VTE/167;20241231;44571700;CompteLib_0023;;;24123123;20241231;EcritureLib_0591;20250801;320,84;0,00;D;VTE/167;;
