JournalCode;JournalLib;EcritureNum;EcritureDate;CompteNum;CompteLib;CompAuxNum;CompAuxLib;PieceRef;PieceDate;EcritureLib;ValidDate;MontantDebit;MontantCredit;Sens;RefEcriture;EcritureLet;DateLet
ANO;A nouveaux;010010001;20200101;10100000;CompteLib_0001;;;RAN;20200101;EcritureLib_0001;;0,00;24358,96;C;010010001;;
ANO;A nouveaux;010010001;20200101;10800000;CompteLib_0002;;;RAN;20200101;EcritureLib_0001;;0,00;12611,21;C;010010001;;
ANO;A nouveaux;010010001;20200101;12900000;CompteLib_0003;;;RAN;20200101;EcritureLib_0001;;2762,22;0,00;D;010010001;;
ANO;A nouveaux;010010001;20200101;20700000;CompteLib_0004;;;RAN;20200101;EcritureLib_0001;;5793,00;0,00;D;010010001;;
ANO;A nouveaux;010010001;20200101;21540000;CompteLib_0005;;;RAN;20200101;EcritureLib_0001;;80678,58;0,00;D;010010001;;
ANO;A nouveaux;010010001;20200101;21810000;CompteLib_0006;;;RAN;20200101;EcritureLib_0001;;18846,17;0,00;D;010010001;;
ANO;A nouveaux;010010001;20200101;21830000;CompteLib_0007;;;RAN;20200101;EcritureLib_0001;;17110,02;0,00;D;010010001;;
ANO;A nouveaux;010010001;20200101;21840000;CompteLib_0008;;;RAN;20200101;EcritureLib_0001;;10330,00;0,00;D;010010001;;
ANO;A nouveaux;010010001;20200101;26100000;CompteLib_0009;;;RAN;20200101;EcritureLib_0001;;9736,00;0,00;D;010010001;;
ANO;A nouveaux;010010001;20200101;28154000;CompteLib_0010;;;RAN;20200101;EcritureLib_0001;;0,00;76493,17;C;010010001;;
ANO;A nouveaux;010010001;20200101;28181000;CompteLib_0011;;;RAN;20200101;EcritureLib_0001;;0,00;18338,46;C;010010001;;
ANO;A nouveaux;010010001;20200101;28183000;CompteLib_0012;;;RAN;20200101;EcritureLib_0001;;0,00;16543,98;C;010010001;;
ANO;A nouveaux;010010001;20200101;28184000;CompteLib_0013;;;RAN;20200101;EcritureLib_0001;;0,00;9815,40;C;010010001;;
ANO;A nouveaux;010010001;20200101;31000000;CompteLib_0014;;;RAN;20200101;EcritureLib_0001;;2096,00;0,00;D;010010001;;
ANO;A nouveaux;010010001;20200101;40100000;CompteLib_0015;401CARRE;CARREFOUR ;RAN;20200101;EcritureLib_0001;;0,00;6,60;C;010010001;;
ANO;A nouveaux;010010001;20200101;40100000;CompteLib_0015;401DAVIG;DAVIGEL ;RAN;20200101;EcritureLib_0001;;22,14;0,00;D;010010001;;
ANO;A nouveaux;010010001;20200101;40100000;CompteLib_0015;401DEHON;DEHONT ;RAN;20200101;EcritureLib_0001;;0,00;1224,00;C;010010001;;
ANO;A nouveaux;010010001;20200101;40100000;CompteLib_0015;401DIVER;DIVERS FOURNISSEURS ;RAN;20200101;EcritureLib_0001;;0,00;613,38;C;010010001;;
ANO;A nouveaux;010010001;20200101;40100000;CompteLib_0015;401ENGIE;ENGIE ;RAN;20200101;EcritureLib_0001;;0,00;201,81;C;010010001;;
ANO;A nouveaux;010010001;20200101;40100000;CompteLib_0015;401FRANC;FRANCE BOISSONS ;RAN;20200101;EcritureLib_0001;;0,00;1800,98;C;010010001;;
ANO;A nouveaux;010010001;20200101;40100000;CompteLib_0015;401LYONN;LYONNAISE DES EAUX ;RAN;20200101;EcritureLib_0001;;164,00;0,00;D;010010001;;
ANO;A nouveaux;010010001;20200101;40100000;CompteLib_0015;401RESTS;RESTO SERVICE ;RAN;20200101;EcritureLib_0001;;0,00;88,96;C;010010001;;
ANO;A nouveaux;010010001;20200101;40100000;CompteLib_0015;401STC00;STC TOURCOING;RAN;20200101;EcritureLib_0001;;0,00;2400,00;C;010010001;;
ANO;A nouveaux;010010001;20200101;40810000;CompteLib_0016;;;RAN;20200101;EcritureLib_0001;;0,00;1332,00;C;010010001;;
ANO;A nouveaux;010010001;20200101;41110000;CompteLib_0017;;;RAN;20200101;EcritureLib_0001;;3717,60;0,00;D;010010001;;
ANO;A nouveaux;010010001;20200101;42100000;CompteLib_0018;;;RAN;20200101;EcritureLib_0001;;0,00;2942,26;C;010010001;;
ANO;A nouveaux;010010001;20200101;42700000;CompteLib_0019;;;RAN;20200101;EcritureLib_0001;;0,00;195,00;C;010010001;;
ANO;A nouveaux;010010001;20200101;43100000;CompteLib_0020;;;RAN;20200101;EcritureLib_0001;;0,00;3629,67;C;010010001;;
ANO;A nouveaux;010010001;20200101;43730000;CompteLib_0021;;;RAN;20200101;EcritureLib_0001;;0,00;974,97;C;010010001;;
ANO;A nouveaux;010010001;20200101;43870000;CompteLib_0022;;;RAN;20200101;EcritureLib_0001;;440,00;0,00;D;010010001;;
ANO;A nouveaux;010010001;20200101;44551000;CompteLib_0023;;;RAN;20200101;EcritureLib_0001;;0,00;620,00;C;010010001;;
ANO;A nouveaux;010010001;20200101;44566100;CompteLib_0024;;;RAN;20200101;EcritureLib_0001;;3268,87;0,00;D;010010001;;
ANO;A nouveaux;010010001;20200101;44586000;CompteLib_0025;;;RAN;20200101;EcritureLib_0001;;334,53;0,00;D;010010001;;
ANO;A nouveaux;010010001;20200101;44860000;CompteLib_0026;;;RAN;20200101;EcritureLib_0001;;0,00;675,18;C;010010001;;
ANO;A nouveaux;010010001;20200101;46700000;CompteLib_0027;;;RAN;20200101;EcritureLib_0001;;0,00;400,00;C;010010001;;
ANO;A nouveaux;010010001;20200101;48600000;CompteLib_0028;;;RAN;20200101;EcritureLib_0001;;7200,00;0,00;D;010010001;;
ANO;A nouveaux;010010001;20200101;51140000;CompteLib_0029;;;RAN;20200101;EcritureLib_0001;;1680,00;0,00;D;010010001;;
ANO;A nouveaux;010010001;20200101;51219000;CompteLib_0030;;;RAN;20200101;EcritureLib_0001;;8688,47;0,00;D;010010001;;
ANO;A nouveaux;010010001;20200101;53000000;CompteLib_0031;;;RAN;20200101;EcritureLib_0001;;2398,39;0,00;D;010010001;;
ACH;Achats marchandises;010010001;20200101;40100000;CompteLib_0015;401DIVER;DIVERS FOURNISSEURS ;F123-VABM-200101347;20200101;EcritureLib_0002;;0,00;41,90;C;010010001;;
ACH;Achats marchandises;010010001;20200101;62310000;CompteLib_0032;;;F123-VABM-200101347;20200101;EcritureLib_0002;;41,04;0,00;D;010010001;;
ACH;Achats marchandises;010010001;20200101;44566100;CompteLib_0024;;;F123-VABM-200101347;20200101;EcritureLib_0002;;0,86;0,00;D;010010001;;
ACH;Achats marchandises;010010002;20200101;40100000;CompteLib_0015;401DEHON;DEHONT ;19041643;20200101;EcritureLib_0003;;0,00;534,90;C;010010002;;
ACH;Achats marchandises;010010002;20200101;61551000;CompteLib_0033;;;19041643;20200101;EcritureLib_0003;;445,75;0,00;D;010010002;;
ACH;Achats marchandises;010010002;20200101;44566100;CompteLib_0024;;;19041643;20200101;EcritureLib_0003;;89,15;0,00;D;010010002;;
ACH;Achats marchandises;010010003;20200102;40100000;CompteLib_0015;401UMIH0;UMIH ;FC2981;20200102;EcritureLib_0004;;0,00;255,00;C;010010003;;
ACH;Achats marchandises;010010003;20200102;62810000;CompteLib_0034;;;FC2981;20200102;EcritureLib_0004;;255,00;0,00;D;010010003;;
ACH;Achats marchandises;010010004;20200112;40100000;CompteLib_0015;401EDF00;EDF ;10105608731;20200112;EcritureLib_0005;;0,00;259,55;C;010010004;;
ACH;Achats marchandises;010010004;20200112;60611000;CompteLib_0035;;;10105608731;20200112;EcritureLib_0005;;216,29;0,00;D;010010004;;
ACH;Achats marchandises;010010004;20200112;44566100;CompteLib_0024;;;10105608731;20200112;EcritureLib_0005;;43,26;0,00;D;010010004;;
ACH;Achats marchandises;010010005;20200124;40100000;CompteLib_0015;401DAVIG;DAVIGEL ;200420074AVOIR;20200124;EcritureLib_0006;;309,67;0,00;D;010010005;;
ACH;Achats marchandises;010010005;20200124;60110000;CompteLib_0036;;;200420074AVOIR;20200124;EcritureLib_0006;;0,00;293,53;C;010010005;;
ACH;Achats marchandises;010010005;20200124;44566100;CompteLib_0024;;;200420074AVOIR;20200124;EcritureLib_0006;;0,00;16,14;C;010010005;;
ACH;Achats marchandises;010010006;20200129;40100000;CompteLib_0015;401DIVER;DIVERS FOURNISSEURS ;F123A-NVAA-200100216;20200129;EcritureLib_0007;;15,30;0,00;D;010010006;;
ACH;Achats marchandises;010010006;20200129;62310000;CompteLib_0032;;;F123A-NVAA-200100216;20200129;EcritureLib_0007;;0,00;14,99;C;010010006;;
ACH;Achats marchandises;010010006;20200129;44566100;CompteLib_0024;;;F123A-NVAA-200100216;20200129;EcritureLib_0007;;0,00;0,31;C;010010006;;
ACH;Achats marchandises;010010007;20200130;40100000;CompteLib_0015;401DEHON;DEHONT ;20013399;20200130;EcritureLib_0008;;0,00;1204,80;C;010010007;;
ACH;Achats marchandises;010010007;20200130;61551000;CompteLib_0033;;;20013399;20200130;EcritureLib_0008;;1004,00;0,00;D;010010007;;
ACH;Achats marchandises;010010007;20200130;44566100;CompteLib_0024;;;20013399;20200130;EcritureLib_0008;;200,80;0,00;D;010010007;;
ACH;Achats marchandises;010010008;20200131;40100000;CompteLib_0015;401FRANC;FRANCE BOISSONS ;annul-4383700997;20200131;EcritureLib_0009;;408,59;0,00;D;010010008;;
ACH;Achats marchandises;010010008;20200131;44566100;CompteLib_0024;;;annul-4383700997;20200131;EcritureLib_0009;;0,00;52,33;C;010010008;;
ACH;Achats marchandises;010010008;20200131;60110000;CompteLib_0036;;;annul-4383700997;20200131;EcritureLib_0009;;0,00;353,27;C;010010008;;
ACH;Achats marchandises;010010008;20200131;60265000;CompteLib_0037;;;annul-4383700997;20200131;EcritureLib_0009;;0,00;2,99;C;010010008;;
ACH;Achats marchandises;010010009;20200131;40100000;CompteLib_0015;401FRANC;FRANCE BOISSONS ;ECARTFACT4383704760;20200131;EcritureLib_0009;;9,12;0,00;D;010010009;;
ACH;Achats marchandises;010010009;20200131;60110000;CompteLib_0036;;;ECARTFACT4383704760;20200131;EcritureLib_0009;;0,00;7,60;C;010010009;;
ACH;Achats marchandises;010010009;20200131;44566100;CompteLib_0024;;;ECARTFACT4383704760;20200131;EcritureLib_0009;;0,00;1,52;C;010010009;;
ACH;Achats marchandises;010010010;20200131;40100000;CompteLib_0015;401FRANC;FRANCE BOISSONS ;ECARTFACT4383713935;20200131;EcritureLib_0009;;35,85;0,00;D;010010010;;
ACH;Achats marchandises;010010010;20200131;60110000;CompteLib_0036;;;ECARTFACT4383713935;20200131;EcritureLib_0009;;0,00;29,88;C;010010010;;
ACH;Achats marchandises;010010010;20200131;44566100;CompteLib_0024;;;ECARTFACT4383713935;20200131;EcritureLib_0009;;0,00;5,97;C;010010010;;
ACH;Achats marchandises;020010001;20200201;40100000;CompteLib_0015;401DIVER;DIVERS FOURNISSEURS ;F123A-VABM-200203894;20200201;EcritureLib_0002;;0,00;41,90;C;020010001;;
ACH;Achats marchandises;020010001;20200201;62310000;CompteLib_0032;;;F123A-VABM-200203894;20200201;EcritureLib_0002;;41,04;0,00;D;020010001;;
ACH;Achats marchandises;020010001;20200201;44566100;CompteLib_0024;;;F123A-VABM-200203894;20200201;EcritureLib_0002;;0,86;0,00;D;020010001;;
ACH;Achats marchandises;020010002;20200205;40100000;CompteLib_0015;401RESTS;RESTO SERVICE ;20/200155;20200205;EcritureLib_0010;;94,50;0,00;D;020010002;;
ACH;Achats marchandises;020010002;20200205;60110000;CompteLib_0036;;;20/200155;20200205;EcritureLib_0010;;0,00;94,50;C;020010002;;
ACH;Achats marchandises;020010003;20200206;40100000;CompteLib_0015;401DIVER;DIVERS FOURNISSEURS ;20200174;20200206;EcritureLib_0011;;0,00;140,40;C;020010003;;
ACH;Achats marchandises;020010003;20200206;60631000;CompteLib_0038;;;20200174;20200206;EcritureLib_0011;;117,00;0,00;D;020010003;;
ACH;Achats marchandises;020010003;20200206;44566100;CompteLib_0024;;;20200174;20200206;EcritureLib_0011;;23,40;0,00;D;020010003;;
ACH;Achats marchandises;020010004;20200207;40100000;CompteLib_0015;401DIVER;DIVERS FOURNISSEURS ;FA2002-0286;20200207;EcritureLib_0012;;0,00;68,00;C;020010004;;
ACH;Achats marchandises;020010004;20200207;61551000;CompteLib_0033;;;FA2002-0286;20200207;EcritureLib_0012;;56,67;0,00;D;020010004;;
ACH;Achats marchandises;020010004;20200207;44566100;CompteLib_0024;;;FA2002-0286;20200207;EcritureLib_0012;;11,33;0,00;D;020010004;;
ACH;Achats marchandises;020010005;20200211;40100000;CompteLib_0015;401DEHON;DEHONT ;AV20020609;20200211;EcritureLib_0013;;54,00;0,00;D;020010005;;
ACH;Achats marchandises;020010005;20200211;61551000;CompteLib_0033;;;AV20020609;20200211;EcritureLib_0013;;0,00;45,00;C;020010005;;
ACH;Achats marchandises;020010005;20200211;44566100;CompteLib_0024;;;AV20020609;20200211;EcritureLib_0013;;0,00;9,00;C;020010005;;
ACH;Achats marchandises;020010006;20200211;40100000;CompteLib_0015;401DEHON;DEHONT ;AV20020610;20200211;EcritureLib_0013;;360,84;0,00;D;020010006;;
ACH;Achats marchandises;020010006;20200211;61551000;CompteLib_0033;;;AV20020610;20200211;EcritureLib_0013;;0,00;300,70;C;020010006;;
ACH;Achats marchandises;020010006;20200211;44566100;CompteLib_0024;;;AV20020610;20200211;EcritureLib_0013;;0,00;60,14;C;020010006;;
ACH;Achats marchandises;020010007;20200212;40100000;CompteLib_0015;401EDF00;EDF ;10107042497;20200212;EcritureLib_0005;;0,00;253,62;C;020010007;;
ACH;Achats marchandises;020010007;20200212;60110000;CompteLib_0036;;;10107042497;20200212;EcritureLib_0005;;211,35;0,00;D;020010007;;
ACH;Achats marchandises;020010007;20200212;44566100;CompteLib_0024;;;10107042497;20200212;EcritureLib_0005;;42,27;0,00;D;020010007;;
ACH;Achats marchandises;020010008;20200220;61551000;CompteLib_0033;;;Non dispo;20200220;EcritureLib_0014;;115,68;0,00;D;020010008;;
ACH;Achats marchandises;020010008;20200220;40100000;CompteLib_0015;401DEHON;DEHONT ;Non dispo;20200220;EcritureLib_0014;;0,00;115,68;C;020010008;;
ACH;Achats marchandises;020010009;20200227;40100000;CompteLib_0015;401DIVER;DIVERS FOURNISSEURS ;FA123A-NVAA-200200173;20200227;EcritureLib_0007;;41,90;0,00;D;020010009;;
ACH;Achats marchandises;020010009;20200227;62310000;CompteLib_0032;;;FA123A-NVAA-200200173;20200227;EcritureLib_0007;;0,00;41,04;C;020010009;;
ACH;Achats marchandises;020010009;20200227;44566100;CompteLib_0024;;;FA123A-NVAA-200200173;20200227;EcritureLib_0007;;0,00;0,86;C;020010009;;
ACH;Achats marchandises;020010010;20200229;40100000;CompteLib_0015;401STC00;STC TOURCOING;50412;20200229;EcritureLib_0015;;0,00;1332,00;C;020010010;;
ACH;Achats marchandises;020010010;20200229;62260000;CompteLib_0039;;;50412;20200229;EcritureLib_0015;;1110,00;0,00;D;020010010;;
ACH;Achats marchandises;020010010;20200229;44566100;CompteLib_0024;;;50412;20200229;EcritureLib_0015;;222,00;0,00;D;020010010;;
ACH;Achats marchandises;030010001;20200301;40100000;CompteLib_0015;401DIVER;DIVERS FOURNISSEURS ;F123A-VABN-200301732;20200301;EcritureLib_0002;;0,00;41,90;C;030010001;;
ACH;Achats marchandises;030010001;20200301;62310000;CompteLib_0032;;;F123A-VABN-200301732;20200301;EcritureLib_0002;;41,04;0,00;D;030010001;;
ACH;Achats marchandises;030010001;20200301;44566100;CompteLib_0024;;;F123A-VABN-200301732;20200301;EcritureLib_0002;;0,86;0,00;D;030010001;;
ACH;Achats marchandises;030010002;20200312;40100000;CompteLib_0015;401EDF00;EDF ;10108471303;20200312;EcritureLib_0005;;0,00;259,63;C;030010002;;
ACH;Achats marchandises;030010002;20200312;60611000;CompteLib_0035;;;10108471303;20200312;EcritureLib_0005;;216,36;0,00;D;030010002;;
ACH;Achats marchandises;030010002;20200312;44566100;CompteLib_0024;;;10108471303;20200312;EcritureLib_0005;;43,27;0,00;D;030010002;;
ACH;Achats marchandises;030010003;20200318;40100000;CompteLib_0015;401ENGIE;ENGIE ;20034068041;20200318;EcritureLib_0016;;0,00;56,14;C;030010003;;
ACH;Achats marchandises;030010003;20200318;60613000;CompteLib_0040;;;20034068041;20200318;EcritureLib_0016;;51,90;0,00;D;030010003;;
ACH;Achats marchandises;030010003;20200318;44566100;CompteLib_0024;;;20034068041;20200318;EcritureLib_0016;;4,24;0,00;D;030010003;;
ACH;Achats marchandises;030010004;20200328;40100000;CompteLib_0015;401DIVER;DIVERS FOURNISSEURS ;F123A-NVAA-200300735AVOIR;20200328;EcritureLib_0002;;41,90;0,00;D;030010004;;
ACH;Achats marchandises;030010004;20200328;62310000;CompteLib_0032;;;F123A-NVAA-200300735AVOIR;20200328;EcritureLib_0002;;0,00;41,04;C;030010004;;
ACH;Achats marchandises;030010004;20200328;44566100;CompteLib_0024;;;F123A-NVAA-200300735AVOIR;20200328;EcritureLib_0002;;0,00;0,86;C;030010004;;
ACH;Achats marchandises;030010005;20200331;40100000;CompteLib_0015;401STC00;STC TOURCOING;50930;20200331;EcritureLib_0017;;0,00;1220,10;C;030010005;;
ACH;Achats marchandises;030010005;20200331;62260000;CompteLib_0039;;;50930;20200331;EcritureLib_0017;;1016,75;0,00;D;030010005;;
ACH;Achats marchandises;030010005;20200331;44566100;CompteLib_0024;;;50930;20200331;EcritureLib_0017;;203,35;0,00;D;030010005;;
ACH;Achats marchandises;040010001;20200401;40100000;CompteLib_0015;401DIVER;DIVERS FOURNISSEURS ;F123A-VABN-200402770;20200401;EcritureLib_0002;;0,00;41,90;C;040010001;;
ACH;Achats marchandises;040010001;20200401;62310000;CompteLib_0032;;;F123A-VABN-200402770;20200401;EcritureLib_0002;;41,04;0,00;D;040010001;;
ACH;Achats marchandises;040010001;20200401;44566100;CompteLib_0024;;;F123A-VABN-200402770;20200401;EcritureLib_0002;;0,86;0,00;D;040010001;;
ACH;Achats marchandises;040010002;20200412;40100000;CompteLib_0015;401EDF00;EDF ;10109822055;20200412;EcritureLib_0005;;0,00;214,49;C;040010002;;
ACH;Achats marchandises;040010002;20200412;60611000;CompteLib_0035;;;10109822055;20200412;EcritureLib_0005;;178,74;0,00;D;040010002;;
ACH;Achats marchandises;040010002;20200412;44566100;CompteLib_0024;;;10109822055;20200412;EcritureLib_0005;;35,75;0,00;D;040010002;;
ACH;Achats marchandises;040010003;20200423;40100000;CompteLib_0015;401ENGIE;ENGIE ;40013431679;20200423;EcritureLib_0016;;0,00;204,83;C;040010003;;
ACH;Achats marchandises;040010003;20200423;60613000;CompteLib_0040;;;40013431679;20200423;EcritureLib_0016;;174,42;0,00;D;040010003;;
ACH;Achats marchandises;040010003;20200423;44566100;CompteLib_0024;;;40013431679;20200423;EcritureLib_0016;;30,41;0,00;D;040010003;;
ACH;Achats marchandises;040010004;20200428;40100000;CompteLib_0015;401DIVER;DIVERS FOURNISSEURS ;F123A-NVAA-200400761;20200428;EcritureLib_0002;;41,90;0,00;D;040010004;;
ACH;Achats marchandises;040010004;20200428;62310000;CompteLib_0032;;;F123A-NVAA-200400761;20200428;EcritureLib_0002;;0,00;41,04;C;040010004;;
ACH;Achats marchandises;040010004;20200428;44566100;CompteLib_0024;;;F123A-NVAA-200400761;20200428;EcritureLib_0002;;0,00;0,86;C;040010004;;
ACH;Achats marchandises;050010001;20200501;40100000;CompteLib_0015;401DIVER;DIVERS FOURNISSEURS ;F123A-VABM-200502218;20200501;EcritureLib_0002;;0,00;41,90;C;050010001;;
ACH;Achats marchandises;050010001;20200501;62310000;CompteLib_0032;;;F123A-VABM-200502218;20200501;EcritureLib_0002;;41,04;0,00;D;050010001;;
ACH;Achats marchandises;050010001;20200501;44566100;CompteLib_0024;;;F123A-VABM-200502218;20200501;EcritureLib_0002;;0,86;0,00;D;050010001;;
ACH;Achats marchandises;050010002;20200512;40100000;CompteLib_0015;401EDF00;EDF ;10111153338;20200512;EcritureLib_0005;;0,00;196,57;C;050010002;;
ACH;Achats marchandises;050010002;20200512;60611000;CompteLib_0035;;;10111153338;20200512;EcritureLib_0005;;163,81;0,00;D;050010002;;
ACH;Achats marchandises;050010002;20200512;44566100;CompteLib_0024;;;10111153338;20200512;EcritureLib_0005;;32,76;0,00;D;050010002;;
ACH;Achats marchandises;050010003;20200529;40100000;CompteLib_0015;401DIVER;DIVERS FOURNISSEURS ;F123A-NVAA-200500645AVOIR;20200529;EcritureLib_0002;;9,75;0,00;D;050010003;;
ACH;Achats marchandises;050010003;20200529;62310000;CompteLib_0032;;;F123A-NVAA-200500645AVOIR;20200529;EcritureLib_0002;;0,00;9,55;C;050010003;;
ACH;Achats marchandises;050010003;20200529;44566100;CompteLib_0024;;;F123A-NVAA-200500645AVOIR;20200529;EcritureLib_0002;;0,00;0,20;C;050010003;;
ACH;Achats marchandises;060010001;20200601;40100000;CompteLib_0015;401DIVER;DIVERS FOURNISSEURS ;F123A-VABM-200601738;20200601;EcritureLib_0002;;0,00;41,90;C;060010001;;
ACH;Achats marchandises;060010001;20200601;62310000;CompteLib_0032;;;F123A-VABM-200601738;20200601;EcritureLib_0002;;41,04;0,00;D;060010001;;
ACH;Achats marchandises;060010001;20200601;44566100;CompteLib_0024;;;F123A-VABM-200601738;20200601;EcritureLib_0002;;0,86;0,00;D;060010001;;
ACH;Achats marchandises;060010002;20200610;40100000;CompteLib_0015;401DIVER;DIVERS FOURNISSEURS ;00002778;20200610;EcritureLib_0018;;0,00;134,20;C;060010002;;
ACH;Achats marchandises;060010002;20200610;61551000;CompteLib_0033;;;00002778;20200610;EcritureLib_0018;;122,00;0,00;D;060010002;;
ACH;Achats marchandises;060010002;20200610;44566100;CompteLib_0024;;;00002778;20200610;EcritureLib_0018;;12,20;0,00;D;060010002;;
ACH;Achats marchandises;060010003;20200611;40100000;CompteLib_0015;401DAVIG;DAVIGEL ;123561400;20200611;EcritureLib_0006;;0,00;1098,06;C;060010003;;
ACH;Achats marchandises;060010003;20200611;60110000;CompteLib_0036;;;123561400;20200611;EcritureLib_0006;;1040,66;0,00;D;060010003;;
ACH;Achats marchandises;060010003;20200611;44566100;CompteLib_0024;;;123561400;20200611;EcritureLib_0006;;57,40;0,00;D;060010003;;
ACH;Achats marchandises;060010004;20200612;40100000;CompteLib_0015;401EDF00;EDF ;10112606226;20200612;EcritureLib_0005;;0,00;228,06;C;060010004;;
ACH;Achats marchandises;060010004;20200612;60611000;CompteLib_0035;;;10112606226;20200612;EcritureLib_0005;;190,05;0,00;D;060010004;;
ACH;Achats marchandises;060010004;20200612;44566100;CompteLib_0024;;;10112606226;20200612;EcritureLib_0005;;38,01;0,00;D;060010004;;
ACH;Achats marchandises;060010005;20200612;40100000;CompteLib_0015;401FRANC;FRANCE BOISSONS ;4383828312;20200612;EcritureLib_0009;;0,00;188,81;C;060010005;;
ACH;Achats marchandises;060010005;20200612;60110000;CompteLib_0036;;;4383828312;20200612;EcritureLib_0009;;157,34;0,00;D;060010005;;
ACH;Achats marchandises;060010005;20200612;44566100;CompteLib_0024;;;4383828312;20200612;EcritureLib_0009;;31,47;0,00;D;060010005;;
ACH;Achats marchandises;060010006;20200612;40100000;CompteLib_0015;401FRANC;FRANCE BOISSONS ;4383827973;20200612;EcritureLib_0009;;0,00;1291,75;C;060010006;;
ACH;Achats marchandises;060010006;20200612;60110000;CompteLib_0036;;;4383827973;20200612;EcritureLib_0009;;990,08;0,00;D;060010006;;
ACH;Achats marchandises;060010006;20200612;44566100;CompteLib_0024;;;4383827973;20200612;EcritureLib_0009;;135,47;0,00;D;060010006;;
ACH;Achats marchandises;060010006;20200612;40960000;CompteLib_0041;;;4383827973;20200612;EcritureLib_0009;;166,20;0,00;D;060010006;;
ACH;Achats marchandises;060010007;20200616;40100000;CompteLib_0015;401DIVER;DIVERS FOURNISSEURS ;0011459;20200616;EcritureLib_0019;;0,00;24,50;C;060010007;;
ACH;Achats marchandises;060010007;20200616;60630000;CompteLib_0042;;;0011459;20200616;EcritureLib_0019;;20,42;0,00;D;060010007;;
ACH;Achats marchandises;060010007;20200616;44566100;CompteLib_0024;;;0011459;20200616;EcritureLib_0019;;4,08;0,00;D;060010007;;
ACH;Achats marchandises;060010008;20200617;40100000;CompteLib_0015;401METRO;METRO ;013/189;20200617;EcritureLib_0020;;0,00;240,91;C;060010008;;
ACH;Achats marchandises;060010008;20200617;60110000;CompteLib_0036;;;013/189;20200617;EcritureLib_0020;;219,05;0,00;D;060010008;;
ACH;Achats marchandises;060010008;20200617;44566100;CompteLib_0024;;;013/189;20200617;EcritureLib_0020;;21,86;0,00;D;060010008;;
ACH;Achats marchandises;060010009;20200617;40100000;CompteLib_0015;401LIDL0;LIDL ;20190379860417620;20200617;EcritureLib_0021;;0,00;39,83;C;060010009;;
ACH;Achats marchandises;060010009;20200617;60110000;CompteLib_0036;;;20190379860417620;20200617;EcritureLib_0021;;36,93;0,00;D;060010009;;
ACH;Achats marchandises;060010009;20200617;44566100;CompteLib_0024;;;20190379860417620;20200617;EcritureLib_0021;;2,90;0,00;D;060010009;;
ACH;Achats marchandises;060010010;20200619;40100000;CompteLib_0015;401PROMO;PROMOCASH ;378221;20200619;EcritureLib_0022;;0,00;146,13;C;060010010;;
ACH;Achats marchandises;060010010;20200619;60110000;CompteLib_0036;;;378221;20200619;EcritureLib_0022;;130,33;0,00;D;060010010;;
ACH;Achats marchandises;060010010;20200619;44566100;CompteLib_0024;;;378221;20200619;EcritureLib_0022;;15,80;0,00;D;060010010;;
ACH;Achats marchandises;060010011;20200619;40100000;CompteLib_0015;401DAVIG;DAVIGEL ;1235290991;20200619;EcritureLib_0006;;0,00;137,66;C;060010011;;
ACH;Achats marchandises;060010011;20200619;60110000;CompteLib_0036;;;1235290991;20200619;EcritureLib_0006;;130,32;0,00;D;060010011;;
ACH;Achats marchandises;060010011;20200619;44566100;CompteLib_0024;;;1235290991;20200619;EcritureLib_0006;;7,34;0,00;D;060010011;;
ACH;Achats marchandises;060010012;20200619;40100000;CompteLib_0015;401SOMAD;SOMAD DISTRIB ;FA20-0190;20200619;EcritureLib_0023;;0,00;169,49;C;060010012;;
ACH;Achats marchandises;060010012;20200619;60110000;CompteLib_0036;;;FA20-0190;20200619;EcritureLib_0023;;141,24;0,00;D;060010012;;
ACH;Achats marchandises;060010012;20200619;44566100;CompteLib_0024;;;FA20-0190;20200619;EcritureLib_0023;;28,25;0,00;D;060010012;;
ACH;Achats marchandises;060010013;20200619;40100000;CompteLib_0015;401FRANC;FRANCE BOISSONS ;4383830393;20200619;EcritureLib_0009;;47,05;0,00;D;060010013;;
ACH;Achats marchandises;060010013;20200619;60110000;CompteLib_0036;;;4383830393;20200619;EcritureLib_0009;;0,00;37,96;C;060010013;;
ACH;Achats marchandises;060010013;20200619;44566100;CompteLib_0024;;;4383830393;20200619;EcritureLib_0009;;0,00;2,09;C;060010013;;
ACH;Achats marchandises;060010013;20200619;40960000;CompteLib_0041;;;4383830393;20200619;EcritureLib_0009;;0,00;7,00;C;060010013;;
ACH;Achats marchandises;060010014;20200619;40100000;CompteLib_0015;401FRANC;FRANCE BOISSONS ;4383830392;20200619;EcritureLib_0009;;0,00;8,34;C;060010014;;
ACH;Achats marchandises;060010014;20200619;60110000;CompteLib_0036;;;4383830392;20200619;EcritureLib_0009;;6,95;0,00;D;060010014;;
ACH;Achats marchandises;060010014;20200619;44566100;CompteLib_0024;;;4383830392;20200619;EcritureLib_0009;;1,39;0,00;D;060010014;;
ACH;Achats marchandises;060010015;20200619;40100000;CompteLib_0015;401FRANC;FRANCE BOISSONS ;4383830029;20200619;EcritureLib_0009;;0,00;104,22;C;060010015;;
ACH;Achats marchandises;060010015;20200619;60110000;CompteLib_0036;;;4383830029;20200619;EcritureLib_0009;;85,70;0,00;D;060010015;;
ACH;Achats marchandises;060010015;20200619;44566100;CompteLib_0024;;;4383830029;20200619;EcritureLib_0009;;11,52;0,00;D;060010015;;
ACH;Achats marchandises;060010015;20200619;40960000;CompteLib_0041;;;4383830029;20200619;EcritureLib_0009;;7,00;0,00;D;060010015;;
ACH;Achats marchandises;060010016;20200623;40100000;CompteLib_0015;401DEHON;DEHONT ;FC20063971;20200623;EcritureLib_0013;;0,00;149,82;C;060010016;;
ACH;Achats marchandises;060010016;20200623;61551000;CompteLib_0033;;;FC20063971;20200623;EcritureLib_0013;;124,85;0,00;D;060010016;;
ACH;Achats marchandises;060010016;20200623;44566100;CompteLib_0024;;;FC20063971;20200623;EcritureLib_0013;;24,97;0,00;D;060010016;;
ACH;Achats marchandises;060010017;20200624;40100000;CompteLib_0015;401ENGIE;ENGIE ;320004732997;20200624;EcritureLib_0016;;0,00;122,00;C;060010017;;
ACH;Achats marchandises;060010017;20200624;60613000;CompteLib_0040;;;320004732997;20200624;EcritureLib_0016;;106,13;0,00;D;060010017;;
ACH;Achats marchandises;060010017;20200624;44566100;CompteLib_0024;;;320004732997;20200624;EcritureLib_0016;;15,87;0,00;D;060010017;;
ACH;Achats marchandises;060010018;20200624;40100000;CompteLib_0015;401RESTS;RESTO SERVICE ;20/200458;20200624;EcritureLib_0010;;0,00;314,96;C;060010018;;
ACH;Achats marchandises;060010018;20200624;60110000;CompteLib_0036;;;20/200458;20200624;EcritureLib_0010;;297,66;0,00;D;060010018;;
ACH;Achats marchandises;060010018;20200624;44566100;CompteLib_0024;;;20/200458;20200624;EcritureLib_0010;;17,30;0,00;D;060010018;;
ACH;Achats marchandises;060010019;20200624;40100000;CompteLib_0015;401DEHON;DEHONT ;FC20063988;20200624;EcritureLib_0013;;0,00;214,98;C;060010019;;
ACH;Achats marchandises;060010019;20200624;61551000;CompteLib_0033;;;FC20063988;20200624;EcritureLib_0013;;179,15;0,00;D;060010019;;
ACH;Achats marchandises;060010019;20200624;44566100;CompteLib_0024;;;FC20063988;20200624;EcritureLib_0013;;35,83;0,00;D;060010019;;
ACH;Achats marchandises;060010020;20200625;40100000;CompteLib_0015;401DIVER;DIVERS FOURNISSEURS ;623135;20200625;EcritureLib_0024;;0,00;83,88;C;060010020;;
ACH;Achats marchandises;060010020;20200625;60640000;CompteLib_0043;;;623135;20200625;EcritureLib_0024;;69,90;0,00;D;060010020;;
ACH;Achats marchandises;060010020;20200625;44566100;CompteLib_0024;;;623135;20200625;EcritureLib_0024;;13,98;0,00;D;060010020;;
ACH;Achats marchandises;060010021;20200625;40100000;CompteLib_0015;401DAVIG;DAVIGEL ;1235310971;20200625;EcritureLib_0006;;0,00;364,60;C;060010021;;
ACH;Achats marchandises;060010021;20200625;60110000;CompteLib_0036;;;1235310971;20200625;EcritureLib_0006;;345,43;0,00;D;060010021;;
ACH;Achats marchandises;060010021;20200625;44566100;CompteLib_0024;;;1235310971;20200625;EcritureLib_0006;;19,17;0,00;D;060010021;;
ACH;Achats marchandises;060010022;20200626;40100000;CompteLib_0015;401PRO00;PRO A PRO ;59-20-1780083;20200626;EcritureLib_0025;;0,00;208,43;C;060010022;;
ACH;Achats marchandises;060010022;20200626;60110000;CompteLib_0036;;;59-20-1780083;20200626;EcritureLib_0025;;194,61;0,00;D;060010022;;
ACH;Achats marchandises;060010022;20200626;44566100;CompteLib_0024;;;59-20-1780083;20200626;EcritureLib_0025;;13,82;0,00;D;060010022;;
ACH;Achats marchandises;060010023;20200626;40100000;CompteLib_0015;401DAVIG;DAVIGEL ;1235317280;20200626;EcritureLib_0006;;0,00;187,46;C;060010023;;
ACH;Achats marchandises;060010023;20200626;60110000;CompteLib_0036;;;1235317280;20200626;EcritureLib_0006;;177,53;0,00;D;060010023;;
ACH;Achats marchandises;060010023;20200626;44566100;CompteLib_0024;;;1235317280;20200626;EcritureLib_0006;;9,93;0,00;D;060010023;;
ACH;Achats marchandises;060010024;20200626;40100000;CompteLib_0015;401FRANC;FRANCE BOISSONS ;4383832325;20200626;EcritureLib_0009;;0,00;1528,56;C;060010024;;
ACH;Achats marchandises;060010024;20200626;60110000;CompteLib_0036;;;4383832325;20200626;EcritureLib_0009;;1153,97;0,00;D;060010024;;
ACH;Achats marchandises;060010024;20200626;44566100;CompteLib_0024;;;4383832325;20200626;EcritureLib_0009;;191,19;0,00;D;060010024;;
ACH;Achats marchandises;060010024;20200626;40960000;CompteLib_0041;;;4383832325;20200626;EcritureLib_0009;;213,40;0,00;D;060010024;;
ACH;Achats marchandises;060010024;20200626;40960000;CompteLib_0041;;;4383832325;20200626;EcritureLib_0009;;0,00;30,00;C;060010024;;
ACH;Achats marchandises;060010025;20200627;40100000;CompteLib_0015;401CARRE;CARREFOUR ;000254;20200627;EcritureLib_0026;;0,00;13,13;C;060010025;;
ACH;Achats marchandises;060010025;20200627;60110000;CompteLib_0036;;;000254;20200627;EcritureLib_0026;;12,43;0,00;D;060010025;;
ACH;Achats marchandises;060010025;20200627;44566100;CompteLib_0024;;;000254;20200627;EcritureLib_0026;;0,70;0,00;D;060010025;;
ACH;Achats marchandises;060010026;20200627;40100000;CompteLib_0015;401DIVER;DIVERS FOURNISSEURS ;F123A-NVAA-200600448AVOIR;20200627;EcritureLib_0002;;41,90;0,00;D;060010026;;
ACH;Achats marchandises;060010026;20200627;62310000;CompteLib_0032;;;F123A-NVAA-200600448AVOIR;20200627;EcritureLib_0002;;0,00;41,04;C;060010026;;
ACH;Achats marchandises;060010026;20200627;44566100;CompteLib_0024;;;F123A-NVAA-200600448AVOIR;20200627;EcritureLib_0002;;0,00;0,86;C;060010026;;
ACH;Achats marchandises;060010027;20200630;40100000;CompteLib_0015;401RESTS;RESTO SERVICE ;20/200528;20200630;EcritureLib_0010;;0,00;235,86;C;060010027;;
ACH;Achats marchandises;060010027;20200630;60110000;CompteLib_0036;;;20/200528;20200630;EcritureLib_0010;;223,56;0,00;D;060010027;;
ACH;Achats marchandises;060010027;20200630;44566100;CompteLib_0024;;;20/200528;20200630;EcritureLib_0010;;12,30;0,00;D;060010027;;
ACH;Achats marchandises;060010028;20200630;40100000;CompteLib_0015;401STC00;STC TOURCOING;52168;20200630;EcritureLib_0027;;0,00;1220,10;C;060010028;;
ACH;Achats marchandises;060010028;20200630;62260000;CompteLib_0039;;;52168;20200630;EcritureLib_0027;;1016,75;0,00;D;060010028;;
ACH;Achats marchandises;060010028;20200630;44566100;CompteLib_0024;;;52168;20200630;EcritureLib_0027;;203,35;0,00;D;060010028;;
ACH;Achats marchandises;070010001;20200701;40100000;CompteLib_0015;401DIVER;DIVERS FOURNISSEURS ;F123A-VABM-200701638;20200701;EcritureLib_0002;;0,00;41,90;C;070010001;;
ACH;Achats marchandises;070010001;20200701;62310000;CompteLib_0032;;;F123A-VABM-200701638;20200701;EcritureLib_0002;;41,04;0,00;D;070010001;;
ACH;Achats marchandises;070010001;20200701;44566100;CompteLib_0024;;;F123A-VABM-200701638;20200701;EcritureLib_0002;;0,86;0,00;D;070010001;;
ACH;Achats marchandises;070010002;20200701;40100000;CompteLib_0015;401FRANC;FRANCE BOISSONS ;4383835033;20200701;EcritureLib_0009;;137,28;0,00;D;070010002;;
ACH;Achats marchandises;070010002;20200701;60110000;CompteLib_0036;;;4383835033;20200701;EcritureLib_0009;;0,00;114,40;C;070010002;;
ACH;Achats marchandises;070010002;20200701;44566100;CompteLib_0024;;;4383835033;20200701;EcritureLib_0009;;0,00;22,88;C;070010002;;
ACH;Achats marchandises;070010003;20200702;40100000;CompteLib_0015;401DIVER;DIVERS FOURNISSEURS ;0120010565220;20200702;EcritureLib_0028;;0,00;446,79;C;070010003;;
ACH;Achats marchandises;070010003;20200702;62280000;CompteLib_0044;;;0120010565220;20200702;EcritureLib_0028;;402,15;0,00;D;070010003;;
ACH;Achats marchandises;070010003;20200702;44566100;CompteLib_0024;;;0120010565220;20200702;EcritureLib_0028;;44,64;0,00;D;070010003;;
ACH;Achats marchandises;070010004;20200702;40100000;CompteLib_0015;401DIVER;DIVERS FOURNISSEURS ;1520010388138+5;20200702;EcritureLib_0028;;0,00;348,01;C;070010004;;
ACH;Achats marchandises;070010004;20200702;62280000;CompteLib_0044;;;1520010388138+5;20200702;EcritureLib_0028;;302,62;0,00;D;070010004;;
ACH;Achats marchandises;070010004;20200702;44566100;CompteLib_0024;;;1520010388138+5;20200702;EcritureLib_0028;;45,39;0,00;D;070010004;;
ACH;Achats marchandises;070010005;20200702;40100000;CompteLib_0015;401DIVER;DIVERS FOURNISSEURS ;1520010388134;20200702;EcritureLib_0029;;77,71;0,00;D;070010005;;
ACH;Achats marchandises;070010005;20200702;62280000;CompteLib_0044;;;1520010388134;20200702;EcritureLib_0029;;0,00;67,57;C;070010005;;
ACH;Achats marchandises;070010005;20200702;44566100;CompteLib_0024;;;1520010388134;20200702;EcritureLib_0029;;0,00;10,14;C;070010005;;
ACH;Achats marchandises;070010006;20200702;40100000;CompteLib_0015;401DIVER;DIVERS FOURNISSEURS ;0120010545219;20200702;EcritureLib_0030;;105,39;0,00;D;070010006;;
ACH;Achats marchandises;070010006;20200702;62280000;CompteLib_0044;;;0120010545219;20200702;EcritureLib_0030;;0,00;94,86;C;070010006;;
ACH;Achats marchandises;070010006;20200702;44566100;CompteLib_0024;;;0120010545219;20200702;EcritureLib_0030;;0,00;10,53;C;070010006;;
ACH;Achats marchandises;070010007;20200702;40100000;CompteLib_0015;401PROMO;PROMOCASH ;381050;20200702;EcritureLib_0022;;0,00;615,91;C;070010007;;
ACH;Achats marchandises;070010007;20200702;60110000;CompteLib_0036;;;381050;20200702;EcritureLib_0022;;583,80;0,00;D;070010007;;
ACH;Achats marchandises;070010007;20200702;44566100;CompteLib_0024;;;381050;20200702;EcritureLib_0022;;32,11;0,00;D;070010007;;
ACH;Achats marchandises;070010008;20200702;40100000;CompteLib_0015;401METRO;METRO ;013915;20200702;EcritureLib_0020;;0,00;27,12;C;070010008;;
ACH;Achats marchandises;070010008;20200702;60110000;CompteLib_0036;;;013915;20200702;EcritureLib_0020;;25,71;0,00;D;070010008;;
ACH;Achats marchandises;070010008;20200702;44566100;CompteLib_0024;;;013915;20200702;EcritureLib_0020;;1,41;0,00;D;070010008;;
ACH;Achats marchandises;070010009;20200703;40100000;CompteLib_0015;401FRANC;FRANCE BOISSONS ;4383836158;20200703;EcritureLib_0009;;0,00;276,22;C;070010009;;
ACH;Achats marchandises;070010009;20200703;60110000;CompteLib_0036;;;4383836158;20200703;EcritureLib_0009;;213,89;0,00;D;070010009;;
ACH;Achats marchandises;070010009;20200703;44566100;CompteLib_0024;;;4383836158;20200703;EcritureLib_0009;;35,33;0,00;D;070010009;;
ACH;Achats marchandises;070010009;20200703;60265000;CompteLib_0037;;;4383836158;20200703;EcritureLib_0009;;27,00;0,00;D;070010009;;
ACH;Achats marchandises;070010010;20200703;40100000;CompteLib_0015;401SOMAD;SOMAD DISTRIB ;FA20-0210;20200703;EcritureLib_0023;;0,00;46,94;C;070010010;;
ACH;Achats marchandises;070010010;20200703;60110000;CompteLib_0036;;;FA20-0210;20200703;EcritureLib_0023;;39,12;0,00;D;070010010;;
ACH;Achats marchandises;070010010;20200703;44566100;CompteLib_0024;;;FA20-0210;20200703;EcritureLib_0023;;7,82;0,00;D;070010010;;
ACH;Achats marchandises;070010011;20200703;40100000;CompteLib_0015;401DAVIG;DAVIGEL ;1235344407;20200703;EcritureLib_0006;;0,00;339,37;C;070010011;;
ACH;Achats marchandises;070010011;20200703;60110000;CompteLib_0036;;;1235344407;20200703;EcritureLib_0006;;321,52;0,00;D;070010011;;
ACH;Achats marchandises;070010011;20200703;44566100;CompteLib_0024;;;1235344407;20200703;EcritureLib_0006;;17,85;0,00;D;070010011;;
ACH;Achats marchandises;070010012;20200707;40100000;CompteLib_0015;401PRO00;PRO A PRO ;59-20-1890072;20200707;EcritureLib_0025;;0,00;160,02;C;070010012;;
ACH;Achats marchandises;070010012;20200707;60110000;CompteLib_0036;;;59-20-1890072;20200707;EcritureLib_0025;;150,20;0,00;D;070010012;;
ACH;Achats marchandises;070010012;20200707;44566100;CompteLib_0024;;;59-20-1890072;20200707;EcritureLib_0025;;9,82;0,00;D;070010012;;
ACH;Achats marchandises;070010013;20200707;40100000;CompteLib_0015;401SOMAD;SOMAD DISTRIB ;FA20-0218;20200707;EcritureLib_0023;;0,00;154,08;C;070010013;;
ACH;Achats marchandises;070010013;20200707;60110000;CompteLib_0036;;;FA20-0218;20200707;EcritureLib_0023;;128,40;0,00;D;070010013;;
ACH;Achats marchandises;070010013;20200707;44566100;CompteLib_0024;;;FA20-0218;20200707;EcritureLib_0023;;25,68;0,00;D;070010013;;
ACH;Achats marchandises;070010014;20200707;40100000;CompteLib_0015;401LIDL0;LIDL ;Non dispo;20200707;EcritureLib_0021;;0,00;92,71;C;070010014;;
ACH;Achats marchandises;070010014;20200707;60110000;CompteLib_0036;;;Non dispo;20200707;EcritureLib_0021;;87,55;0,00;D;070010014;;
ACH;Achats marchandises;070010014;20200707;44566100;CompteLib_0024;;;Non dispo;20200707;EcritureLib_0021;;5,16;0,00;D;070010014;;
ACH;Achats marchandises;070010015;20200707;40100000;CompteLib_0015;401DAVIG;DAVIGEL ;1235356171;20200707;EcritureLib_0006;;0,00;234,57;C;070010015;;
ACH;Achats marchandises;070010015;20200707;60110000;CompteLib_0036;;;1235356171;20200707;EcritureLib_0006;;222,18;0,00;D;070010015;;
ACH;Achats marchandises;070010015;20200707;44566100;CompteLib_0024;;;1235356171;20200707;EcritureLib_0006;;12,39;0,00;D;070010015;;
ACH;Achats marchandises;070010016;20200709;40100000;CompteLib_0015;401DIVER;DIVERS FOURNISSEURS ;623177;20200709;EcritureLib_0031;;0,00;56,88;C;070010016;;
ACH;Achats marchandises;070010016;20200709;60630000;CompteLib_0042;;;623177;20200709;EcritureLib_0031;;47,40;0,00;D;070010016;;
ACH;Achats marchandises;070010016;20200709;44566100;CompteLib_0024;;;623177;20200709;EcritureLib_0031;;9,48;0,00;D;070010016;;
ACH;Achats marchandises;070010017;20200709;40100000;CompteLib_0015;401DIVER;DIVERS FOURNISSEURS ;623176;20200709;EcritureLib_0031;;0,00;56,88;C;070010017;;
ACH;Achats marchandises;070010017;20200709;60630000;CompteLib_0042;;;623176;20200709;EcritureLib_0031;;47,40;0,00;D;070010017;;
ACH;Achats marchandises;070010017;20200709;44566100;CompteLib_0024;;;623176;20200709;EcritureLib_0031;;9,48;0,00;D;070010017;;
ACH;Achats marchandises;070010018;20200710;40100000;CompteLib_0015;401PRO00;PRO A PRO ;59-20-1920184;20200710;EcritureLib_0025;;0,00;18,88;C;070010018;;
ACH;Achats marchandises;070010018;20200710;60110000;CompteLib_0036;;;59-20-1920184;20200710;EcritureLib_0025;;17,90;0,00;D;070010018;;
ACH;Achats marchandises;070010018;20200710;44566100;CompteLib_0024;;;59-20-1920184;20200710;EcritureLib_0025;;0,98;0,00;D;070010018;;
ACH;Achats marchandises;070010019;20200710;40100000;CompteLib_0015;401FRANC;FRANCE BOISSONS ;4383838343;20200710;EcritureLib_0009;;0,00;938,56;C;070010019;;
ACH;Achats marchandises;070010019;20200710;60110000;CompteLib_0036;;;4383838343;20200710;EcritureLib_0009;;774,30;0,00;D;070010019;;
ACH;Achats marchandises;070010019;20200710;44566100;CompteLib_0024;;;4383838343;20200710;EcritureLib_0009;;121,56;0,00;D;070010019;;
ACH;Achats marchandises;070010019;20200710;60265000;CompteLib_0037;;;4383838343;20200710;EcritureLib_0009;;122,00;0,00;D;070010019;;
ACH;Achats marchandises;070010019;20200710;60265000;CompteLib_0037;;;4383838343;20200710;EcritureLib_0009;;0,00;79,30;C;070010019;;
ACH;Achats marchandises;070010020;20200710;40100000;CompteLib_0015;401DAVIG;DAVIGEL ;1235376778;20200710;EcritureLib_0006;;0,00;291,31;C;070010020;;
ACH;Achats marchandises;070010020;20200710;60110000;CompteLib_0036;;;1235376778;20200710;EcritureLib_0006;;275,96;0,00;D;070010020;;
ACH;Achats marchandises;070010020;20200710;44566100;CompteLib_0024;;;1235376778;20200710;EcritureLib_0006;;15,35;0,00;D;070010020;;
ACH;Achats marchandises;070010021;20200710;40100000;CompteLib_0015;401DAVIG;DAVIGEL ;1235376779;20200710;EcritureLib_0006;;0,00;20,13;C;070010021;;
ACH;Achats marchandises;070010021;20200710;60110000;CompteLib_0036;;;1235376779;20200710;EcritureLib_0006;;19,08;0,00;D;070010021;;
ACH;Achats marchandises;070010021;20200710;44566100;CompteLib_0024;;;1235376779;20200710;EcritureLib_0006;;1,05;0,00;D;070010021;;
ACH;Achats marchandises;070010022;20200713;40100000;CompteLib_0015;401METRO;METRO ;018985;20200713;EcritureLib_0020;;0,00;90,83;C;070010022;;
ACH;Achats marchandises;070010022;20200713;60110000;CompteLib_0036;;;018985;20200713;EcritureLib_0020;;84,80;0,00;D;070010022;;
ACH;Achats marchandises;070010022;20200713;44566100;CompteLib_0024;;;018985;20200713;EcritureLib_0020;;6,03;0,00;D;070010022;;
ACH;Achats marchandises;070010023;20200713;40100000;CompteLib_0015;401EDF00;EDF ;10114092439;20200713;EcritureLib_0005;;0,00;398,72;C;070010023;;
ACH;Achats marchandises;070010023;20200713;60611000;CompteLib_0035;;;10114092439;20200713;EcritureLib_0005;;332,27;0,00;D;070010023;;
ACH;Achats marchandises;070010023;20200713;44566100;CompteLib_0024;;;10114092439;20200713;EcritureLib_0005;;66,45;0,00;D;070010023;;
ACH;Achats marchandises;070010024;20200713;40100000;CompteLib_0015;401DIVER;DIVERS FOURNISSEURS ;Non dispo;20200713;EcritureLib_0032;;0,00;31,60;C;070010024;;
ACH;Achats marchandises;070010024;20200713;60110000;CompteLib_0036;;;Non dispo;20200713;EcritureLib_0032;;29,91;0,00;D;070010024;;
ACH;Achats marchandises;070010024;20200713;44566100;CompteLib_0024;;;Non dispo;20200713;EcritureLib_0032;;1,69;0,00;D;070010024;;
ACH;Achats marchandises;070010025;20200715;40100000;CompteLib_0015;401RESTS;RESTO SERVICE ;20/200607;20200715;EcritureLib_0010;;0,00;502,73;C;070010025;;
ACH;Achats marchandises;070010025;20200715;60110000;CompteLib_0036;;;20/200607;20200715;EcritureLib_0010;;476,52;0,00;D;070010025;;
ACH;Achats marchandises;070010025;20200715;44566100;CompteLib_0024;;;20/200607;20200715;EcritureLib_0010;;26,21;0,00;D;070010025;;
ACH;Achats marchandises;070010026;20200715;40100000;CompteLib_0015;401PROMO;PROMOCASH ;383714;20200715;EcritureLib_0022;;0,00;22,12;C;070010026;;
ACH;Achats marchandises;070010026;20200715;60110000;CompteLib_0036;;;383714;20200715;EcritureLib_0022;;18,43;0,00;D;070010026;;
ACH;Achats marchandises;070010026;20200715;44566100;CompteLib_0024;;;383714;20200715;EcritureLib_0022;;3,69;0,00;D;070010026;;
ACH;Achats marchandises;070010027;20200716;40100000;CompteLib_0015;401DIVER;DIVERS FOURNISSEURS ;007866;20200716;EcritureLib_0033;;0,00;42,48;C;070010027;;
ACH;Achats marchandises;070010027;20200716;61551000;CompteLib_0033;;;007866;20200716;EcritureLib_0033;;35,40;0,00;D;070010027;;
ACH;Achats marchandises;070010027;20200716;44566100;CompteLib_0024;;;007866;20200716;EcritureLib_0033;;7,08;0,00;D;070010027;;
ACH;Achats marchandises;070010028;20200716;40100000;CompteLib_0015;401DAVIG;DAVIGEL ;1235397968;20200716;EcritureLib_0006;;0,00;635,38;C;070010028;;
ACH;Achats marchandises;070010028;20200716;60110000;CompteLib_0036;;;1235397968;20200716;EcritureLib_0006;;602,10;0,00;D;070010028;;
ACH;Achats marchandises;070010028;20200716;44566100;CompteLib_0024;;;1235397968;20200716;EcritureLib_0006;;33,28;0,00;D;070010028;;
ACH;Achats marchandises;070010029;20200717;40100000;CompteLib_0015;401FRANC;FRANCE BOISSONS ;4383840358;20200717;EcritureLib_0009;;0,00;87,33;C;070010029;;
ACH;Achats marchandises;070010029;20200717;60110000;CompteLib_0036;;;4383840358;20200717;EcritureLib_0009;;58,19;0,00;D;070010029;;
ACH;Achats marchandises;070010029;20200717;44566100;CompteLib_0024;;;4383840358;20200717;EcritureLib_0009;;11,64;0,00;D;070010029;;
ACH;Achats marchandises;070010029;20200717;60265000;CompteLib_0037;;;4383840358;20200717;EcritureLib_0009;;17,50;0,00;D;070010029;;
ACH;Achats marchandises;070010030;20200717;40100000;CompteLib_0015;401FRANC;FRANCE BOISSONS ;4383840357;20200717;EcritureLib_0009;;0,00;2154,77;C;070010030;;
ACH;Achats marchandises;070010030;20200717;60110000;CompteLib_0036;;;4383840357;20200717;EcritureLib_0009;;1637,22;0,00;D;070010030;;
ACH;Achats marchandises;070010030;20200717;44566100;CompteLib_0024;;;4383840357;20200717;EcritureLib_0009;;305,25;0,00;D;070010030;;
ACH;Achats marchandises;070010030;20200717;60265000;CompteLib_0037;;;4383840357;20200717;EcritureLib_0009;;331,40;0,00;D;070010030;;
ACH;Achats marchandises;070010030;20200717;60265000;CompteLib_0037;;;4383840357;20200717;EcritureLib_0009;;0,00;119,10;C;070010030;;
ACH;Achats marchandises;070010031;20200717;40100000;CompteLib_0015;401DAVIG;DAVIGEL ;1235405028;20200717;EcritureLib_0006;;0,00;146,37;C;070010031;;
ACH;Achats marchandises;070010031;20200717;60110000;CompteLib_0036;;;1235405028;20200717;EcritureLib_0006;;138,58;0,00;D;070010031;;
ACH;Achats marchandises;070010031;20200717;44566100;CompteLib_0024;;;1235405028;20200717;EcritureLib_0006;;7,79;0,00;D;070010031;;
ACH;Achats marchandises;070010032;20200720;40100000;CompteLib_0015;401METRO;METRO ;017221;20200720;EcritureLib_0020;;0,00;277,54;C;070010032;;
ACH;Achats marchandises;070010032;20200720;60110000;CompteLib_0036;;;017221;20200720;EcritureLib_0020;;247,46;0,00;D;070010032;;
ACH;Achats marchandises;070010032;20200720;44566100;CompteLib_0024;;;017221;20200720;EcritureLib_0020;;30,08;0,00;D;070010032;;
ACH;Achats marchandises;070010033;20200720;40100000;CompteLib_0015;401LIDL0;LIDL ;Non dispo;20200720;EcritureLib_0021;;0,00;70,17;C;070010033;;
ACH;Achats marchandises;070010033;20200720;60110000;CompteLib_0036;;;Non dispo;20200720;EcritureLib_0021;;65,78;0,00;D;070010033;;
ACH;Achats marchandises;070010033;20200720;44566100;CompteLib_0024;;;Non dispo;20200720;EcritureLib_0021;;4,39;0,00;D;070010033;;
ACH;Achats marchandises;070010034;20200720;40100000;CompteLib_0015;401DIVER;DIVERS FOURNISSEURS ;Non dispo;20200720;EcritureLib_0034;;0,00;24,17;C;070010034;;
ACH;Achats marchandises;070010034;20200720;60110000;CompteLib_0036;;;Non dispo;20200720;EcritureLib_0034;;22,91;0,00;D;070010034;;
ACH;Achats marchandises;070010034;20200720;44566100;CompteLib_0024;;;Non dispo;20200720;EcritureLib_0034;;1,26;0,00;D;070010034;;
ACH;Achats marchandises;070010035;20200721;40100000;CompteLib_0015;401DAVIG;DAVIGEL ;1235414175;20200721;EcritureLib_0006;;0,00;326,05;C;070010035;;
ACH;Achats marchandises;070010035;20200721;60110000;CompteLib_0036;;;1235414175;20200721;EcritureLib_0006;;308,89;0,00;D;070010035;;
ACH;Achats marchandises;070010035;20200721;44566100;CompteLib_0024;;;1235414175;20200721;EcritureLib_0006;;17,16;0,00;D;070010035;;
ACH;Achats marchandises;070010036;20200723;40100000;CompteLib_0015;401PROMO;PROMOCASH ;385529;20200723;EcritureLib_0022;;0,00;38,48;C;070010036;;
ACH;Achats marchandises;070010036;20200723;60110000;CompteLib_0036;;;385529;20200723;EcritureLib_0022;;36,47;0,00;D;070010036;;
ACH;Achats marchandises;070010036;20200723;44566100;CompteLib_0024;;;385529;20200723;EcritureLib_0022;;2,01;0,00;D;070010036;;
ACH;Achats marchandises;070010037;20200723;40100000;CompteLib_0015;401DAVIG;DAVIGEL ;1235426739;20200723;EcritureLib_0006;;0,00;146,33;C;070010037;;
ACH;Achats marchandises;070010037;20200723;60110000;CompteLib_0036;;;1235426739;20200723;EcritureLib_0006;;138,54;0,00;D;070010037;;
ACH;Achats marchandises;070010037;20200723;44566100;CompteLib_0024;;;1235426739;20200723;EcritureLib_0006;;7,79;0,00;D;070010037;;
ACH;Achats marchandises;070010038;20200723;40100000;CompteLib_0015;401METRO;METRO ;0250142;20200723;EcritureLib_0020;;0,00;58,99;C;070010038;;
ACH;Achats marchandises;070010038;20200723;60110000;CompteLib_0036;;;0250142;20200723;EcritureLib_0020;;55,91;0,00;D;070010038;;
ACH;Achats marchandises;070010038;20200723;44566100;CompteLib_0024;;;0250142;20200723;EcritureLib_0020;;3,08;0,00;D;070010038;;
ACH;Achats marchandises;070010039;20200724;40100000;CompteLib_0015;401POMON;POMONA ;8543331627;20200724;EcritureLib_0035;;0,00;145,89;C;070010039;;
ACH;Achats marchandises;070010039;20200724;60110000;CompteLib_0036;;;8543331627;20200724;EcritureLib_0035;;138,28;0,00;D;070010039;;
ACH;Achats marchandises;070010039;20200724;44566100;CompteLib_0024;;;8543331627;20200724;EcritureLib_0035;;7,61;0,00;D;070010039;;
ACH;Achats marchandises;070010040;20200724;40100000;CompteLib_0015;401PRO00;PRO A PRO ;59-20-2060111;20200724;EcritureLib_0025;;0,00;169,48;C;070010040;;
ACH;Achats marchandises;070010040;20200724;60110000;CompteLib_0036;;;59-20-2060111;20200724;EcritureLib_0025;;148,12;0,00;D;070010040;;
ACH;Achats marchandises;070010040;20200724;44566100;CompteLib_0024;;;59-20-2060111;20200724;EcritureLib_0025;;21,36;0,00;D;070010040;;
ACH;Achats marchandises;070010041;20200724;40100000;CompteLib_0015;401FRANC;FRANCE BOISSONS ;4383842578;20200724;EcritureLib_0009;;0,00;1122,87;C;070010041;;
ACH;Achats marchandises;070010041;20200724;60110000;CompteLib_0036;;;4383842578;20200724;EcritureLib_0009;;900,16;0,00;D;070010041;;
ACH;Achats marchandises;070010041;20200724;44566100;CompteLib_0024;;;4383842578;20200724;EcritureLib_0009;;158,01;0,00;D;070010041;;
ACH;Achats marchandises;070010041;20200724;60265000;CompteLib_0037;;;4383842578;20200724;EcritureLib_0009;;329,00;0,00;D;070010041;;
ACH;Achats marchandises;070010041;20200724;60265000;CompteLib_0037;;;4383842578;20200724;EcritureLib_0009;;0,00;264,30;C;070010041;;
ACH;Achats marchandises;070010042;20200724;40100000;CompteLib_0015;401DAVIG;DAVIGEL ;1235433888;20200724;EcritureLib_0006;;0,00;80,18;C;070010042;;
ACH;Achats marchandises;070010042;20200724;60110000;CompteLib_0036;;;1235433888;20200724;EcritureLib_0006;;75,84;0,00;D;070010042;;
ACH;Achats marchandises;070010042;20200724;44566100;CompteLib_0024;;;1235433888;20200724;EcritureLib_0006;;4,34;0,00;D;070010042;;
ACH;Achats marchandises;070010043;20200724;40100000;CompteLib_0015;401DAVIG;DAVIGEL ;1235433889;20200724;EcritureLib_0006;;0,00;389,95;C;070010043;;
ACH;Achats marchandises;070010043;20200724;60110000;CompteLib_0036;;;1235433889;20200724;EcritureLib_0006;;369,62;0,00;D;070010043;;
ACH;Achats marchandises;070010043;20200724;44566100;CompteLib_0024;;;1235433889;20200724;EcritureLib_0006;;20,33;0,00;D;070010043;;
ACH;Achats marchandises;070010044;20200725;40100000;CompteLib_0015;401DIVER;DIVERS FOURNISSEURS ;Non dispo;20200725;EcritureLib_0026;;0,00;36,25;C;070010044;;
ACH;Achats marchandises;070010044;20200725;60110000;CompteLib_0036;;;Non dispo;20200725;EcritureLib_0026;;34,37;0,00;D;070010044;;
ACH;Achats marchandises;070010044;20200725;44566100;CompteLib_0024;;;Non dispo;20200725;EcritureLib_0026;;1,88;0,00;D;070010044;;
ACH;Achats marchandises;070010045;20200728;60110000;CompteLib_0036;;;386286;20200728;EcritureLib_0022;;0,00;30,32;C;070010045;;
ACH;Achats marchandises;070010045;20200728;60110000;CompteLib_0036;;;386286;20200728;EcritureLib_0022;;28,74;0,00;D;070010045;;
ACH;Achats marchandises;070010045;20200728;44566100;CompteLib_0024;;;386286;20200728;EcritureLib_0022;;1,58;0,00;D;070010045;;
ACH;Achats marchandises;070010046;20200728;40100000;CompteLib_0015;401DAVIG;DAVIGEL ;1235442666;20200728;EcritureLib_0006;;0,00;9,71;C;070010046;;
ACH;Achats marchandises;070010046;20200728;60110000;CompteLib_0036;;;1235442666;20200728;EcritureLib_0006;;9,20;0,00;D;070010046;;
ACH;Achats marchandises;070010046;20200728;44566100;CompteLib_0024;;;1235442666;20200728;EcritureLib_0006;;0,51;0,00;D;070010046;;
ACH;Achats marchandises;070010047;20200728;40100000;CompteLib_0015;401DAVIG;DAVIGEL ;1235442883;20200728;EcritureLib_0006;;0,00;418,64;C;070010047;;
ACH;Achats marchandises;070010047;20200728;60110000;CompteLib_0036;;;1235442883;20200728;EcritureLib_0006;;396,66;0,00;D;070010047;;
ACH;Achats marchandises;070010047;20200728;44566100;CompteLib_0024;;;1235442883;20200728;EcritureLib_0006;;21,98;0,00;D;070010047;;
ACH;Achats marchandises;070010048;20200728;40100000;CompteLib_0015;401DAVIG;DAVIGEL ;1235445024;20200728;EcritureLib_0006;;41,51;0,00;D;070010048;;
ACH;Achats marchandises;070010048;20200728;60110000;CompteLib_0036;;;1235445024;20200728;EcritureLib_0006;;0,00;39,35;C;070010048;;
ACH;Achats marchandises;070010048;20200728;44566100;CompteLib_0024;;;1235445024;20200728;EcritureLib_0006;;0,00;2,16;C;070010048;;
ACH;Achats marchandises;070010049;20200729;40100000;CompteLib_0015;401DIVER;DIVERS FOURNISSEURS ;FA123A-NVAA-200700276;20200729;EcritureLib_0007;;1,30;0,00;D;070010049;;
ACH;Achats marchandises;070010049;20200729;62310000;CompteLib_0032;;;FA123A-NVAA-200700276;20200729;EcritureLib_0007;;0,00;1,27;C;070010049;;
ACH;Achats marchandises;070010049;20200729;44566100;CompteLib_0024;;;FA123A-NVAA-200700276;20200729;EcritureLib_0007;;0,00;0,03;C;070010049;;
ACH;Achats marchandises;070010050;20200729;40100000;CompteLib_0015;401METRO;METRO ;022678;20200729;EcritureLib_0020;;0,00;70,00;C;070010050;;
ACH;Achats marchandises;070010050;20200729;60110000;CompteLib_0036;;;022678;20200729;EcritureLib_0020;;66,35;0,00;D;070010050;;
ACH;Achats marchandises;070010050;20200729;44566100;CompteLib_0024;;;022678;20200729;EcritureLib_0020;;3,65;0,00;D;070010050;;
ACH;Achats marchandises;070010051;20200730;40100000;CompteLib_0015;401LIDL0;LIDL ;Non dispo;20200730;EcritureLib_0021;;0,00;141,72;C;070010051;;
ACH;Achats marchandises;070010051;20200730;60110000;CompteLib_0036;;;Non dispo;20200730;EcritureLib_0021;;131,66;0,00;D;070010051;;
ACH;Achats marchandises;070010051;20200730;44566100;CompteLib_0024;;;Non dispo;20200730;EcritureLib_0021;;10,06;0,00;D;070010051;;
ACH;Achats marchandises;070010052;20200731;40100000;CompteLib_0015;401RESTS;RESTO SERVICE ;20/200672;20200731;EcritureLib_0010;;0,00;884,38;C;070010052;;
ACH;Achats marchandises;070010052;20200731;60110000;CompteLib_0036;;;20/200672;20200731;EcritureLib_0010;;838,28;0,00;D;070010052;;
ACH;Achats marchandises;070010052;20200731;44566100;CompteLib_0024;;;20/200672;20200731;EcritureLib_0010;;46,10;0,00;D;070010052;;
ACH;Achats marchandises;070010053;20200731;40100000;CompteLib_0015;401PRO00;PRO A PRO ;59-20-2130064;20200731;EcritureLib_0025;;0,00;172,74;C;070010053;;
ACH;Achats marchandises;070010053;20200731;60110000;CompteLib_0036;;;59-20-2130064;20200731;EcritureLib_0025;;163,73;0,00;D;070010053;;
ACH;Achats marchandises;070010053;20200731;44566100;CompteLib_0024;;;59-20-2130064;20200731;EcritureLib_0025;;9,01;0,00;D;070010053;;
ACH;Achats marchandises;070010054;20200731;40100000;CompteLib_0015;401FRANC;FRANCE BOISSONS ;4383845079;20200731;EcritureLib_0009;;0,00;2456,16;C;070010054;;
ACH;Achats marchandises;070010054;20200731;60110000;CompteLib_0036;;;4383845079;20200731;EcritureLib_0009;;1970,78;0,00;D;070010054;;
ACH;Achats marchandises;070010054;20200731;44566100;CompteLib_0024;;;4383845079;20200731;EcritureLib_0009;;347,98;0,00;D;070010054;;
ACH;Achats marchandises;070010054;20200731;60265000;CompteLib_0037;;;4383845079;20200731;EcritureLib_0009;;349,90;0,00;D;070010054;;
ACH;Achats marchandises;070010054;20200731;60265000;CompteLib_0037;;;4383845079;20200731;EcritureLib_0009;;0,00;212,50;C;070010054;;
ACH;Achats marchandises;070010055;20200731;40100000;CompteLib_0015;401METRO;METRO ;MCR0003227937;20200731;EcritureLib_0036;;0,00;68,40;C;070010055;;
ACH;Achats marchandises;070010055;20200731;62810000;CompteLib_0034;;;MCR0003227937;20200731;EcritureLib_0036;;57,00;0,00;D;070010055;;
ACH;Achats marchandises;070010055;20200731;44566100;CompteLib_0024;;;MCR0003227937;20200731;EcritureLib_0036;;11,40;0,00;D;070010055;;
ACH;Achats marchandises;070010056;20200731;40100000;CompteLib_0015;401DAVIG;DAVIGEL ;1235460296;20200731;EcritureLib_0006;;0,00;342,44;C;070010056;;
ACH;Achats marchandises;070010056;20200731;60110000;CompteLib_0036;;;1235460296;20200731;EcritureLib_0006;;324,43;0,00;D;070010056;;
ACH;Achats marchandises;070010056;20200731;44566100;CompteLib_0024;;;1235460296;20200731;EcritureLib_0006;;18,01;0,00;D;070010056;;
ACH;Achats marchandises;070010057;20200731;40100000;CompteLib_0015;401METRO;METRO ;026014;20200731;EcritureLib_0020;;0,00;121,28;C;070010057;;
ACH;Achats marchandises;070010057;20200731;60110000;CompteLib_0036;;;026014;20200731;EcritureLib_0020;;112,84;0,00;D;070010057;;
ACH;Achats marchandises;070010057;20200731;44566100;CompteLib_0024;;;026014;20200731;EcritureLib_0020;;8,44;0,00;D;070010057;;
ACH;Achats marchandises;080010001;20200801;40100000;CompteLib_0015;401DIVER;DIVERS FOURNISSEURS ;F123A-VABM-200802077;20200801;EcritureLib_0002;;0,00;41,90;C;080010001;;
ACH;Achats marchandises;080010001;20200801;62310000;CompteLib_0032;;;F123A-VABM-200802077;20200801;EcritureLib_0002;;41,04;0,00;D;080010001;;
ACH;Achats marchandises;080010001;20200801;44566100;CompteLib_0024;;;F123A-VABM-200802077;20200801;EcritureLib_0002;;0,86;0,00;D;080010001;;
ACH;Achats marchandises;080010002;20200803;40100000;CompteLib_0015;401METRO;METRO ;024988;20200803;EcritureLib_0020;;0,00;147,24;C;080010002;;
ACH;Achats marchandises;080010002;20200803;60110000;CompteLib_0036;;;024988;20200803;EcritureLib_0020;;138,20;0,00;D;080010002;;
ACH;Achats marchandises;080010002;20200803;44566100;CompteLib_0024;;;024988;20200803;EcritureLib_0020;;9,04;0,00;D;080010002;;
ACH;Achats marchandises;080010003;20200804;40100000;CompteLib_0015;401PROMO;PROMOCASH ;387884;20200804;EcritureLib_0022;;0,00;72,71;C;080010003;;
ACH;Achats marchandises;080010003;20200804;60110000;CompteLib_0036;;;387884;20200804;EcritureLib_0022;;66,34;0,00;D;080010003;;
ACH;Achats marchandises;080010003;20200804;44566100;CompteLib_0024;;;387884;20200804;EcritureLib_0022;;6,37;0,00;D;080010003;;
ACH;Achats marchandises;080010004;20200804;40100000;CompteLib_0015;401DAVIG;DAVIGEL ;1235471509;20200804;EcritureLib_0006;;0,00;1344,12;C;080010004;;
ACH;Achats marchandises;080010004;20200804;60110000;CompteLib_0036;;;1235471509;20200804;EcritureLib_0006;;1273,89;0,00;D;080010004;;
ACH;Achats marchandises;080010004;20200804;44566100;CompteLib_0024;;;1235471509;20200804;EcritureLib_0006;;70,23;0,00;D;080010004;;
ACH;Achats marchandises;080010005;20200805;40100000;CompteLib_0015;401POMON;POMONA ;8543340470;20200805;EcritureLib_0035;;0,00;62,00;C;080010005;;
ACH;Achats marchandises;080010005;20200805;60110000;CompteLib_0036;;;8543340470;20200805;EcritureLib_0035;;58,77;0,00;D;080010005;;
ACH;Achats marchandises;080010005;20200805;44566100;CompteLib_0024;;;8543340470;20200805;EcritureLib_0035;;3,23;0,00;D;080010005;;
ACH;Achats marchandises;080010006;20200806;40100000;CompteLib_0015;401DAVIG;DAVIGEL ;1235482345;20200806;EcritureLib_0006;;0,00;110,96;C;080010006;;
ACH;Achats marchandises;080010006;20200806;60110000;CompteLib_0036;;;1235482345;20200806;EcritureLib_0006;;105,02;0,00;D;080010006;;
ACH;Achats marchandises;080010006;20200806;44566100;CompteLib_0024;;;1235482345;20200806;EcritureLib_0006;;5,94;0,00;D;080010006;;
ACH;Achats marchandises;080010007;20200806;40100000;CompteLib_0015;401DAVIG;DAVIGEL ;1235482346;20200806;EcritureLib_0006;;0,00;109,97;C;080010007;;
ACH;Achats marchandises;080010007;20200806;60110000;CompteLib_0036;;;1235482346;20200806;EcritureLib_0006;;104,24;0,00;D;080010007;;
ACH;Achats marchandises;080010007;20200806;44566100;CompteLib_0024;;;1235482346;20200806;EcritureLib_0006;;5,73;0,00;D;080010007;;
ACH;Achats marchandises;080010008;20200807;40100000;CompteLib_0015;401PRO00;PRO A PRO ;59-20-2200055;20200807;EcritureLib_0025;;0,00;256,21;C;080010008;;
ACH;Achats marchandises;080010008;20200807;60110000;CompteLib_0036;;;59-20-2200055;20200807;EcritureLib_0025;;237,01;0,00;D;080010008;;
ACH;Achats marchandises;080010008;20200807;44566100;CompteLib_0024;;;59-20-2200055;20200807;EcritureLib_0025;;19,20;0,00;D;080010008;;
ACH;Achats marchandises;080010009;20200807;40100000;CompteLib_0015;401FRANC;FRANCE BOISSONS ;4383847813;20200807;EcritureLib_0009;;0,00;2884,78;C;080010009;;
ACH;Achats marchandises;080010009;20200807;60110000;CompteLib_0036;;;4383847813;20200807;EcritureLib_0009;;2333,54;0,00;D;080010009;;
ACH;Achats marchandises;080010009;20200807;44566100;CompteLib_0024;;;4383847813;20200807;EcritureLib_0009;;378,74;0,00;D;080010009;;
ACH;Achats marchandises;080010009;20200807;60265000;CompteLib_0037;;;4383847813;20200807;EcritureLib_0009;;427,10;0,00;D;080010009;;
ACH;Achats marchandises;080010009;20200807;60265000;CompteLib_0037;;;4383847813;20200807;EcritureLib_0009;;0,00;254,60;C;080010009;;
ACH;Achats marchandises;080010010;20200807;40100000;CompteLib_0015;401DAVIG;DAVIGEL ;1235489700;20200807;EcritureLib_0006;;0,00;421,40;C;080010010;;
ACH;Achats marchandises;080010010;20200807;60110000;CompteLib_0036;;;1235489700;20200807;EcritureLib_0006;;399,27;0,00;D;080010010;;
ACH;Achats marchandises;080010010;20200807;44566100;CompteLib_0024;;;1235489700;20200807;EcritureLib_0006;;22,13;0,00;D;080010010;;
ACH;Achats marchandises;080010011;20200809;40100000;CompteLib_0015;401DIVER;DIVERS FOURNISSEURS ;000154;20200809;EcritureLib_0037;;0,00;36,04;C;080010011;;
ACH;Achats marchandises;080010011;20200809;60110000;CompteLib_0036;;;000154;20200809;EcritureLib_0037;;34,21;0,00;D;080010011;;
ACH;Achats marchandises;080010011;20200809;44566100;CompteLib_0024;;;000154;20200809;EcritureLib_0037;;1,83;0,00;D;080010011;;
ACH;Achats marchandises;080010012;20200809;10800000;CompteLib_0002;;;Non dispo;20200809;EcritureLib_0032;;0,00;60,58;C;080010012;;
ACH;Achats marchandises;080010012;20200809;60110000;CompteLib_0036;;;Non dispo;20200809;EcritureLib_0032;;60,58;0,00;D;080010012;;
ACH;Achats marchandises;080010013;20200810;40100000;CompteLib_0015;401PROMO;PROMOCASH ;389007;20200810;EcritureLib_0022;;0,00;329,10;C;080010013;;
ACH;Achats marchandises;080010013;20200810;60110000;CompteLib_0036;;;389007;20200810;EcritureLib_0022;;303,96;0,00;D;080010013;;
ACH;Achats marchandises;080010013;20200810;44566100;CompteLib_0024;;;389007;20200810;EcritureLib_0022;;25,14;0,00;D;080010013;;
ACH;Achats marchandises;080010014;20200811;40100000;CompteLib_0015;401PROMO;PROMOCASH ;389274;20200811;EcritureLib_0022;;0,00;243,79;C;080010014;;
ACH;Achats marchandises;080010014;20200811;60110000;CompteLib_0036;;;389274;20200811;EcritureLib_0022;;228,74;0,00;D;080010014;;
ACH;Achats marchandises;080010014;20200811;44566100;CompteLib_0024;;;389274;20200811;EcritureLib_0022;;15,05;0,00;D;080010014;;
ACH;Achats marchandises;080010015;20200811;40100000;CompteLib_0015;401DAVIG;DAVIGEL ;1235500753;20200811;EcritureLib_0006;;0,00;12,99;C;080010015;;
ACH;Achats marchandises;080010015;20200811;60110000;CompteLib_0036;;;1235500753;20200811;EcritureLib_0006;;12,15;0,00;D;080010015;;
ACH;Achats marchandises;080010015;20200811;44566100;CompteLib_0024;;;1235500753;20200811;EcritureLib_0006;;0,84;0,00;D;080010015;;
ACH;Achats marchandises;080010016;20200811;40100000;CompteLib_0015;401DAVIG;DAVIGEL ;1235500754;20200811;EcritureLib_0006;;0,00;1406,04;C;080010016;;
ACH;Achats marchandises;080010016;20200811;60110000;CompteLib_0036;;;1235500754;20200811;EcritureLib_0006;;1332,74;0,00;D;080010016;;
ACH;Achats marchandises;080010016;20200811;44566100;CompteLib_0024;;;1235500754;20200811;EcritureLib_0006;;73,30;0,00;D;080010016;;
ACH;Achats marchandises;080010017;20200813;40100000;CompteLib_0015;401LIDL0;LIDL ;Non dispo;20200813;EcritureLib_0021;;0,00;215,04;C;080010017;;
ACH;Achats marchandises;080010017;20200813;60110000;CompteLib_0036;;;Non dispo;20200813;EcritureLib_0021;;198,30;0,00;D;080010017;;
ACH;Achats marchandises;080010017;20200813;44566100;CompteLib_0024;;;Non dispo;20200813;EcritureLib_0021;;16,74;0,00;D;080010017;;
ACH;Achats marchandises;080010018;20200813;40100000;CompteLib_0015;401METRO;METRO ;015168;20200813;EcritureLib_0020;;0,00;63,00;C;080010018;;
ACH;Achats marchandises;080010018;20200813;60110000;CompteLib_0036;;;015168;20200813;EcritureLib_0020;;57,62;0,00;D;080010018;;
ACH;Achats marchandises;080010018;20200813;44566100;CompteLib_0024;;;015168;20200813;EcritureLib_0020;;5,38;0,00;D;080010018;;
ACH;Achats marchandises;080010019;20200814;40100000;CompteLib_0015;401POMON;POMONA ;8543348458;20200814;EcritureLib_0035;;0,00;124,47;C;080010019;;
ACH;Achats marchandises;080010019;20200814;60110000;CompteLib_0036;;;8543348458;20200814;EcritureLib_0035;;117,98;0,00;D;080010019;;
ACH;Achats marchandises;080010019;20200814;44566100;CompteLib_0024;;;8543348458;20200814;EcritureLib_0035;;6,49;0,00;D;080010019;;
ACH;Achats marchandises;080010020;20200814;40100000;CompteLib_0015;401PRO00;PRO A PRO ;59-20-2270085;20200814;EcritureLib_0025;;0,00;246,71;C;080010020;;
ACH;Achats marchandises;080010020;20200814;60110000;CompteLib_0036;;;59-20-2270085;20200814;EcritureLib_0025;;229,11;0,00;D;080010020;;
ACH;Achats marchandises;080010020;20200814;44566100;CompteLib_0024;;;59-20-2270085;20200814;EcritureLib_0025;;17,60;0,00;D;080010020;;
ACH;Achats marchandises;080010021;20200814;40100000;CompteLib_0015;401FRANC;FRANCE BOISSONS ;4383849942;20200814;EcritureLib_0009;;0,00;2264,40;C;080010021;;
ACH;Achats marchandises;080010021;20200814;60110000;CompteLib_0036;;;4383849942;20200814;EcritureLib_0009;;2068,56;0,00;D;080010021;;
ACH;Achats marchandises;080010021;20200814;44566100;CompteLib_0024;;;4383849942;20200814;EcritureLib_0009;;331,14;0,00;D;080010021;;
ACH;Achats marchandises;080010021;20200814;60265000;CompteLib_0037;;;4383849942;20200814;EcritureLib_0009;;341,00;0,00;D;080010021;;
ACH;Achats marchandises;080010021;20200814;60265000;CompteLib_0037;;;4383849942;20200814;EcritureLib_0009;;0,00;476,30;C;080010021;;
ACH;Achats marchandises;080010022;20200814;40100000;CompteLib_0015;401DAVIG;DAVIGEL ;1235518245;20200814;EcritureLib_0006;;0,00;766,74;C;080010022;;
ACH;Achats marchandises;080010022;20200814;60110000;CompteLib_0036;;;1235518245;20200814;EcritureLib_0006;;726,61;0,00;D;080010022;;
ACH;Achats marchandises;080010022;20200814;44566100;CompteLib_0024;;;1235518245;20200814;EcritureLib_0006;;40,13;0,00;D;080010022;;
ACH;Achats marchandises;080010023;20200815;40100000;CompteLib_0015;401RESTS;RESTO SERVICE ;20/200761;20200815;EcritureLib_0010;;0,00;1229,01;C;080010023;;
ACH;Achats marchandises;080010023;20200815;60110000;CompteLib_0036;;;20/200761;20200815;EcritureLib_0010;;1164,93;0,00;D;080010023;;
ACH;Achats marchandises;080010023;20200815;44566100;CompteLib_0024;;;20/200761;20200815;EcritureLib_0010;;64,08;0,00;D;080010023;;
ACH;Achats marchandises;080010024;20200816;40100000;CompteLib_0015;401EDF00;EDF ;10115644607;20200816;EcritureLib_0005;;0,00;900,07;C;080010024;;
ACH;Achats marchandises;080010024;20200816;60611000;CompteLib_0035;;;10115644607;20200816;EcritureLib_0005;;750,06;0,00;D;080010024;;
ACH;Achats marchandises;080010024;20200816;44566100;CompteLib_0024;;;10115644607;20200816;EcritureLib_0005;;150,01;0,00;D;080010024;;
ACH;Achats marchandises;080010025;20200818;40100000;CompteLib_0015;401LYONN;LYONNAISE DES EAUX ;1052258099;20200818;EcritureLib_0038;;0,00;596,61;C;080010025;;
ACH;Achats marchandises;080010025;20200818;60612000;CompteLib_0045;;;1052258099;20200818;EcritureLib_0038;;497,18;0,00;D;080010025;;
ACH;Achats marchandises;080010025;20200818;44566100;CompteLib_0024;;;1052258099;20200818;EcritureLib_0038;;99,43;0,00;D;080010025;;
ACH;Achats marchandises;080010026;20200819;40100000;CompteLib_0015;401CARRE;CARREFOUR ;Non dispo;20200819;EcritureLib_0039;;0,00;6,56;C;080010026;;
ACH;Achats marchandises;080010026;20200819;60110000;CompteLib_0036;;;Non dispo;20200819;EcritureLib_0039;;6,56;0,00;D;080010026;;
ACH;Achats marchandises;080010027;20200819;40100000;CompteLib_0015;401PRO00;PRO A PRO ;Non dispo;20200819;EcritureLib_0025;;0,00;175,16;C;080010027;;
ACH;Achats marchandises;080010027;20200819;60110000;CompteLib_0036;;;Non dispo;20200819;EcritureLib_0025;;145,97;0,00;D;080010027;;
ACH;Achats marchandises;080010027;20200819;44566100;CompteLib_0024;;;Non dispo;20200819;EcritureLib_0025;;29,19;0,00;D;080010027;;
ACH;Achats marchandises;080010028;20200820;40100000;CompteLib_0015;401DAVIG;DAVIGEL ;1235538773;20200820;EcritureLib_0006;;0,00;217,49;C;080010028;;
ACH;Achats marchandises;080010028;20200820;60110000;CompteLib_0036;;;1235538773;20200820;EcritureLib_0006;;205,99;0,00;D;080010028;;
ACH;Achats marchandises;080010028;20200820;44566100;CompteLib_0024;;;1235538773;20200820;EcritureLib_0006;;11,50;0,00;D;080010028;;
ACH;Achats marchandises;080010029;20200821;40100000;CompteLib_0015;401FRANC;FRANCE BOISSONS ;4383851867;20200821;EcritureLib_0009;;0,00;227,39;C;080010029;;
ACH;Achats marchandises;080010029;20200821;60110000;CompteLib_0036;;;4383851867;20200821;EcritureLib_0009;;251,99;0,00;D;080010029;;
ACH;Achats marchandises;080010029;20200821;44566100;CompteLib_0024;;;4383851867;20200821;EcritureLib_0009;;45,40;0,00;D;080010029;;
ACH;Achats marchandises;080010029;20200821;60265000;CompteLib_0037;;;4383851867;20200821;EcritureLib_0009;;60,00;0,00;D;080010029;;
ACH;Achats marchandises;080010029;20200821;60265000;CompteLib_0037;;;4383851867;20200821;EcritureLib_0009;;0,00;130,00;C;080010029;;
ACH;Achats marchandises;080010030;20200822;40100000;CompteLib_0015;401CARRE;CARREFOUR ;Non dispo;20200822;EcritureLib_0039;;0,00;15,40;C;080010030;;
ACH;Achats marchandises;080010030;20200822;60110000;CompteLib_0036;;;Non dispo;20200822;EcritureLib_0039;;15,40;0,00;D;080010030;;
ACH;Achats marchandises;080010031;20200825;40100000;CompteLib_0015;401PRO00;PRO A PRO ;59-20-2380138;20200825;EcritureLib_0025;;0,00;161,65;C;080010031;;
ACH;Achats marchandises;080010031;20200825;60110000;CompteLib_0036;;;59-20-2380138;20200825;EcritureLib_0025;;151,59;0,00;D;080010031;;
ACH;Achats marchandises;080010031;20200825;44566100;CompteLib_0024;;;59-20-2380138;20200825;EcritureLib_0025;;10,06;0,00;D;080010031;;
ACH;Achats marchandises;080010032;20200825;40100000;CompteLib_0015;401DAVIG;DAVIGEL ;1235555101;20200825;EcritureLib_0006;;0,00;298,15;C;080010032;;
ACH;Achats marchandises;080010032;20200825;60110000;CompteLib_0036;;;1235555101;20200825;EcritureLib_0006;;282,45;0,00;D;080010032;;
ACH;Achats marchandises;080010032;20200825;44566100;CompteLib_0024;;;1235555101;20200825;EcritureLib_0006;;15,70;0,00;D;080010032;;
ACH;Achats marchandises;080010033;20200827;40100000;CompteLib_0015;401PROMO;PROMOCASH ;392603;20200827;EcritureLib_0022;;0,00;43,66;C;080010033;;
ACH;Achats marchandises;080010033;20200827;60110000;CompteLib_0036;;;392603;20200827;EcritureLib_0022;;41,38;0,00;D;080010033;;
ACH;Achats marchandises;080010033;20200827;44566100;CompteLib_0024;;;392603;20200827;EcritureLib_0022;;2,28;0,00;D;080010033;;
ACH;Achats marchandises;080010034;20200827;40100000;CompteLib_0015;401PROMO;PROMOCASH ;392600;20200827;EcritureLib_0022;;0,00;93,55;C;080010034;;
ACH;Achats marchandises;080010034;20200827;60110000;CompteLib_0036;;;392600;20200827;EcritureLib_0022;;80,17;0,00;D;080010034;;
ACH;Achats marchandises;080010034;20200827;44566100;CompteLib_0024;;;392600;20200827;EcritureLib_0022;;13,38;0,00;D;080010034;;
ACH;Achats marchandises;080010035;20200827;40100000;CompteLib_0015;401DIVER;DIVERS FOURNISSEURS ;623277;20200827;EcritureLib_0031;;0,00;75,60;C;080010035;;
ACH;Achats marchandises;080010035;20200827;61551000;CompteLib_0033;;;623277;20200827;EcritureLib_0031;;63,00;0,00;D;080010035;;
ACH;Achats marchandises;080010035;20200827;44566100;CompteLib_0024;;;623277;20200827;EcritureLib_0031;;12,60;0,00;D;080010035;;
ACH;Achats marchandises;080010036;20200828;40100000;CompteLib_0015;401FRANC;FRANCE BOISSONS ;4383853838;20200828;EcritureLib_0009;;0,00;142,52;C;080010036;;
ACH;Achats marchandises;080010036;20200828;60110000;CompteLib_0036;;;4383853838;20200828;EcritureLib_0009;;131,28;0,00;D;080010036;;
ACH;Achats marchandises;080010036;20200828;44566100;CompteLib_0024;;;4383853838;20200828;EcritureLib_0009;;11,24;0,00;D;080010036;;
ACH;Achats marchandises;080010037;20200828;40100000;CompteLib_0015;401ENGIE;ENGIE ;40013677443;20200828;EcritureLib_0016;;106,26;0,00;D;080010037;;
ACH;Achats marchandises;080010037;20200828;60613000;CompteLib_0040;;;40013677443;20200828;EcritureLib_0016;;0,00;84,17;C;080010037;;
ACH;Achats marchandises;080010037;20200828;44566100;CompteLib_0024;;;40013677443;20200828;EcritureLib_0016;;0,00;22,09;C;080010037;;
ACH;Achats marchandises;080010038;20200828;40100000;CompteLib_0015;401METRO;METRO ;017640;20200828;EcritureLib_0020;;0,00;78,52;C;080010038;;
ACH;Achats marchandises;080010038;20200828;60110000;CompteLib_0036;;;017640;20200828;EcritureLib_0020;;74,43;0,00;D;080010038;;
ACH;Achats marchandises;080010038;20200828;44566100;CompteLib_0024;;;017640;20200828;EcritureLib_0020;;4,09;0,00;D;080010038;;
ACH;Achats marchandises;080010039;20200829;40100000;CompteLib_0015;401LIDL0;LIDL ;Non dispo;20200829;EcritureLib_0021;;0,00;89,81;C;080010039;;
ACH;Achats marchandises;080010039;20200829;60110000;CompteLib_0036;;;Non dispo;20200829;EcritureLib_0021;;83,92;0,00;D;080010039;;
ACH;Achats marchandises;080010039;20200829;44566100;CompteLib_0024;;;Non dispo;20200829;EcritureLib_0021;;5,89;0,00;D;080010039;;
ACH;Achats marchandises;080010040;20200831;40100000;CompteLib_0015;401RESTS;RESTO SERVICE ;20/200825;20200831;EcritureLib_0010;;0,00;424,65;C;080010040;;
ACH;Achats marchandises;080010040;20200831;60110000;CompteLib_0036;;;20/200825;20200831;EcritureLib_0010;;402,51;0,00;D;080010040;;
ACH;Achats marchandises;080010040;20200831;44566100;CompteLib_0024;;;20/200825;20200831;EcritureLib_0010;;22,14;0,00;D;080010040;;
ACH;Achats marchandises;090010001;20200901;40100000;CompteLib_0015;401DIVER;DIVERS FOURNISSEURS ;1520010658791;20200901;EcritureLib_0028;;0,00;18,32;C;090010001;;
ACH;Achats marchandises;090010001;20200901;62280000;CompteLib_0044;;;1520010658791;20200901;EcritureLib_0028;;15,93;0,00;D;090010001;;
ACH;Achats marchandises;090010001;20200901;44566100;CompteLib_0024;;;1520010658791;20200901;EcritureLib_0028;;2,39;0,00;D;090010001;;
ACH;Achats marchandises;090010002;20200901;40100000;CompteLib_0015;401DIVER;DIVERS FOURNISSEURS ;0120010896767;20200901;EcritureLib_0028;;0,00;173,75;C;090010002;;
ACH;Achats marchandises;090010002;20200901;62280000;CompteLib_0044;;;0120010896767;20200901;EcritureLib_0028;;156,39;0,00;D;090010002;;
ACH;Achats marchandises;090010002;20200901;44566100;CompteLib_0024;;;0120010896767;20200901;EcritureLib_0028;;17,36;0,00;D;090010002;;
ACH;Achats marchandises;090010003;20200901;40100000;CompteLib_0015;401DIVER;DIVERS FOURNISSEURS ;F123A-VABM-200903229;20200901;EcritureLib_0002;;0,00;41,90;C;090010003;;
ACH;Achats marchandises;090010003;20200901;62310000;CompteLib_0032;;;F123A-VABM-200903229;20200901;EcritureLib_0002;;41,04;0,00;D;090010003;;
ACH;Achats marchandises;090010003;20200901;44566100;CompteLib_0024;;;F123A-VABM-200903229;20200901;EcritureLib_0002;;0,86;0,00;D;090010003;;
ACH;Achats marchandises;090010004;20200903;40100000;CompteLib_0015;401DAVIG;DAVIGEL ;1235599384;20200903;EcritureLib_0006;;0,00;79,11;C;090010004;;
ACH;Achats marchandises;090010004;20200903;60110000;CompteLib_0036;;;1235599384;20200903;EcritureLib_0006;;74,99;0,00;D;090010004;;
ACH;Achats marchandises;090010004;20200903;44566100;CompteLib_0024;;;1235599384;20200903;EcritureLib_0006;;4,12;0,00;D;090010004;;
ACH;Achats marchandises;090010005;20200908;40100000;CompteLib_0015;401LIDL0;LIDL ;Non dispo;20200908;EcritureLib_0021;;0,00;110,85;C;090010005;;
ACH;Achats marchandises;090010005;20200908;60110000;CompteLib_0036;;;Non dispo;20200908;EcritureLib_0021;;102,18;0,00;D;090010005;;
ACH;Achats marchandises;090010005;20200908;44566100;CompteLib_0024;;;Non dispo;20200908;EcritureLib_0021;;8,67;0,00;D;090010005;;
ACH;Achats marchandises;090010006;20200908;40100000;CompteLib_0015;401DAVIG;DAVIGEL ;1235620435;20200908;EcritureLib_0006;;0,00;119,51;C;090010006;;
ACH;Achats marchandises;090010006;20200908;60110000;CompteLib_0036;;;1235620435;20200908;EcritureLib_0006;;113,12;0,00;D;090010006;;
ACH;Achats marchandises;090010006;20200908;44566100;CompteLib_0024;;;1235620435;20200908;EcritureLib_0006;;6,39;0,00;D;090010006;;
ACH;Achats marchandises;090010007;20200911;40100000;CompteLib_0015;401FRANC;FRANCE BOISSONS ;4383859836AVOIR;20200911;EcritureLib_0009;;260,95;0,00;D;090010007;;
ACH;Achats marchandises;090010007;20200911;60110000;CompteLib_0036;;;4383859836AVOIR;20200911;EcritureLib_0009;;0,00;167,46;C;090010007;;
ACH;Achats marchandises;090010007;20200911;44566100;CompteLib_0024;;;4383859836AVOIR;20200911;EcritureLib_0009;;0,00;33,49;C;090010007;;
ACH;Achats marchandises;090010007;20200911;60265000;CompteLib_0037;;;4383859836AVOIR;20200911;EcritureLib_0009;;0,00;60,00;C;090010007;;
ACH;Achats marchandises;090010008;20200911;40100000;CompteLib_0015;401FRANC;FRANCE BOISSONS ;4383859835;20200911;EcritureLib_0009;;0,00;192,46;C;090010008;;
ACH;Achats marchandises;090010008;20200911;60110000;CompteLib_0036;;;4383859835;20200911;EcritureLib_0009;;424,54;0,00;D;090010008;;
ACH;Achats marchandises;090010008;20200911;44566100;CompteLib_0024;;;4383859835;20200911;EcritureLib_0009;;74,72;0,00;D;090010008;;
ACH;Achats marchandises;090010008;20200911;60265000;CompteLib_0037;;;4383859835;20200911;EcritureLib_0009;;92,40;0,00;D;090010008;;
ACH;Achats marchandises;090010008;20200911;60265000;CompteLib_0037;;;4383859835;20200911;EcritureLib_0009;;0,00;399,20;C;090010008;;
ACH;Achats marchandises;090010009;20200914;40100000;CompteLib_0015;401EDF00;EDF ;10116943027;20200914;EcritureLib_0005;;0,00;632,69;C;090010009;;
ACH;Achats marchandises;090010009;20200914;60611000;CompteLib_0035;;;10116943027;20200914;EcritureLib_0005;;527,24;0,00;D;090010009;;
ACH;Achats marchandises;090010009;20200914;44566100;CompteLib_0024;;;10116943027;20200914;EcritureLib_0005;;105,45;0,00;D;090010009;;
ACH;Achats marchandises;090010010;20200915;40100000;CompteLib_0015;401RESTS;RESTO SERVICE ;20/200919;20200915;EcritureLib_0010;;0,00;419,62;C;090010010;;
ACH;Achats marchandises;090010010;20200915;60110000;CompteLib_0036;;;20/200919;20200915;EcritureLib_0010;;396,86;0,00;D;090010010;;
ACH;Achats marchandises;090010010;20200915;44566100;CompteLib_0024;;;20/200919;20200915;EcritureLib_0010;;22,76;0,00;D;090010010;;
ACH;Achats marchandises;090010011;20200915;40100000;CompteLib_0015;401DAVIG;DAVIGEL ;1235657268;20200915;EcritureLib_0006;;0,00;248,54;C;090010011;;
ACH;Achats marchandises;090010011;20200915;60110000;CompteLib_0036;;;1235657268;20200915;EcritureLib_0006;;235,42;0,00;D;090010011;;
ACH;Achats marchandises;090010011;20200915;44566100;CompteLib_0024;;;1235657268;20200915;EcritureLib_0006;;13,12;0,00;D;090010011;;
ACH;Achats marchandises;090010012;20200917;40100000;CompteLib_0015;401FRANC;FRANCE BOISSONS ;4383861680;20200917;EcritureLib_0009;;0,00;410,51;C;090010012;;
ACH;Achats marchandises;090010012;20200917;60110000;CompteLib_0036;;;4383861680;20200917;EcritureLib_0009;;386,32;0,00;D;090010012;;
ACH;Achats marchandises;090010012;20200917;44566100;CompteLib_0024;;;4383861680;20200917;EcritureLib_0009;;55,19;0,00;D;090010012;;
ACH;Achats marchandises;090010012;20200917;60265000;CompteLib_0037;;;4383861680;20200917;EcritureLib_0009;;64,50;0,00;D;090010012;;
ACH;Achats marchandises;090010012;20200917;60265000;CompteLib_0037;;;4383861680;20200917;EcritureLib_0009;;0,00;95,50;C;090010012;;
ACH;Achats marchandises;090010013;20200918;40100000;CompteLib_0015;401PRO00;PRO A PRO ;59-20-2620146;20200918;EcritureLib_0025;;0,00;189,07;C;090010013;;
ACH;Achats marchandises;090010013;20200918;60110000;CompteLib_0036;;;59-20-2620146;20200918;EcritureLib_0025;;174,49;0,00;D;090010013;;
ACH;Achats marchandises;090010013;20200918;44566100;CompteLib_0024;;;59-20-2620146;20200918;EcritureLib_0025;;14,58;0,00;D;090010013;;
ACH;Achats marchandises;090010014;20200922;40100000;CompteLib_0015;401DEHON;DEHONT ;FC20094517;20200922;EcritureLib_0040;;0,00;203,82;C;090010014;;
ACH;Achats marchandises;090010014;20200922;61551000;CompteLib_0033;;;FC20094517;20200922;EcritureLib_0040;;169,85;0,00;D;090010014;;
ACH;Achats marchandises;090010014;20200922;44566100;CompteLib_0024;;;FC20094517;20200922;EcritureLib_0040;;33,97;0,00;D;090010014;;
ACH;Achats marchandises;090010015;20200930;40100000;CompteLib_0015;401RESTS;RESTO SERVICE ;20/200983;20200930;EcritureLib_0010;;0,00;334,95;C;090010015;;
ACH;Achats marchandises;090010015;20200930;60110000;CompteLib_0036;;;20/200983;20200930;EcritureLib_0010;;317,49;0,00;D;090010015;;
ACH;Achats marchandises;090010015;20200930;44566100;CompteLib_0024;;;20/200983;20200930;EcritureLib_0010;;17,46;0,00;D;090010015;;
ACH;Achats marchandises;090010016;20200930;40100000;CompteLib_0015;401STC00;STC TOURCOING;53579;20200930;EcritureLib_0041;;0,00;1220,10;C;090010016;;
ACH;Achats marchandises;090010016;20200930;62260000;CompteLib_0039;;;53579;20200930;EcritureLib_0041;;1016,75;0,00;D;090010016;;
ACH;Achats marchandises;090010016;20200930;44566100;CompteLib_0024;;;53579;20200930;EcritureLib_0041;;203,35;0,00;D;090010016;;
ACH;Achats marchandises;100010001;20201001;40100000;CompteLib_0015;401DIVER;DIVERS FOURNISSEURS ;F123A-VABM-201005020;20201001;EcritureLib_0002;;0,00;41,90;C;100010001;;
ACH;Achats marchandises;100010001;20201001;62310000;CompteLib_0032;;;F123A-VABM-201005020;20201001;EcritureLib_0002;;41,04;0,00;D;100010001;;
ACH;Achats marchandises;100010001;20201001;44566100;CompteLib_0024;;;F123A-VABM-201005020;20201001;EcritureLib_0002;;0,86;0,00;D;100010001;;
ACH;Achats marchandises;100010002;20201009;40100000;CompteLib_0015;401FRANC;FRANCE BOISSONS ;4383870203;20201009;EcritureLib_0009;;53,10;0,00;D;100010002;;
ACH;Achats marchandises;100010002;20201009;40960000;CompteLib_0041;;;4383870203;20201009;EcritureLib_0009;;0,00;53,10;C;100010002;;
ACH;Achats marchandises;100010003;20201012;40100000;CompteLib_0015;401FRANC;FRANCE BOISSONS ;4383870400;20201012;EcritureLib_0009;;222,84;0,00;D;100010003;;
ACH;Achats marchandises;100010003;20201012;60110000;CompteLib_0036;;;4383870400;20201012;EcritureLib_0009;;0,00;153,18;C;100010003;;
ACH;Achats marchandises;100010003;20201012;44566100;CompteLib_0024;;;4383870400;20201012;EcritureLib_0009;;0,00;26,66;C;100010003;;
ACH;Achats marchandises;100010003;20201012;60265000;CompteLib_0037;;;4383870400;20201012;EcritureLib_0009;;0,00;43,00;C;100010003;;
ACH;Achats marchandises;100010004;20201014;40100000;CompteLib_0015;401EDF00;EDF ;Non dispo;20201014;EcritureLib_0005;;0,00;586,07;C;100010004;;
ACH;Achats marchandises;100010004;20201014;60611000;CompteLib_0035;;;Non dispo;20201014;EcritureLib_0005;;488,39;0,00;D;100010004;;
ACH;Achats marchandises;100010004;20201014;44566100;CompteLib_0024;;;Non dispo;20201014;EcritureLib_0005;;97,68;0,00;D;100010004;;
ACH;Achats marchandises;100010005;20201024;40100000;CompteLib_0015;401ENGIE;ENGIE ;320004946234;20201024;EcritureLib_0016;;0,00;77,56;C;100010005;;
ACH;Achats marchandises;100010005;20201024;60613000;CompteLib_0040;;;320004946234;20201024;EcritureLib_0016;;69,15;0,00;D;100010005;;
ACH;Achats marchandises;100010005;20201024;44566100;CompteLib_0024;;;320004946234;20201024;EcritureLib_0016;;8,41;0,00;D;100010005;;
ACH;Achats marchandises;100010006;20201029;40100000;CompteLib_0015;401DEHON;DEHONT ;FC20104788;20201029;EcritureLib_0013;;0,00;144,00;C;100010006;;
ACH;Achats marchandises;100010006;20201029;61551000;CompteLib_0033;;;FC20104788;20201029;EcritureLib_0013;;120,00;0,00;D;100010006;;
ACH;Achats marchandises;100010006;20201029;44566100;CompteLib_0024;;;FC20104788;20201029;EcritureLib_0013;;24,00;0,00;D;100010006;;
ACH;Achats marchandises;110010001;20201101;40100000;CompteLib_0015;401DIVER;DIVERS FOURNISSEURS ;F123A-VABM-201104061;20201101;EcritureLib_0002;;0,00;41,90;C;110010001;;
ACH;Achats marchandises;110010001;20201101;62310000;CompteLib_0032;;;F123A-VABM-201104061;20201101;EcritureLib_0002;;41,04;0,00;D;110010001;;
ACH;Achats marchandises;110010001;20201101;44566100;CompteLib_0024;;;F123A-VABM-201104061;20201101;EcritureLib_0002;;0,86;0,00;D;110010001;;
ACH;Achats marchandises;110010002;20201114;40100000;CompteLib_0015;401EDF00;EDF ;Non dispo;20201114;EcritureLib_0005;;0,00;312,55;C;110010002;;
ACH;Achats marchandises;110010002;20201114;60611000;CompteLib_0035;;;Non dispo;20201114;EcritureLib_0005;;260,46;0,00;D;110010002;;
ACH;Achats marchandises;110010002;20201114;44566100;CompteLib_0024;;;Non dispo;20201114;EcritureLib_0005;;52,09;0,00;D;110010002;;
ACH;Achats marchandises;110010003;20201119;40100000;CompteLib_0015;401DIVER;DIVERS FOURNISSEURS ;F20110058;20201119;EcritureLib_0042;;0,00;211,20;C;110010003;;
ACH;Achats marchandises;110010003;20201119;61551000;CompteLib_0033;;;F20110058;20201119;EcritureLib_0042;;176,00;0,00;D;110010003;;
ACH;Achats marchandises;110010003;20201119;44566100;CompteLib_0024;;;F20110058;20201119;EcritureLib_0042;;35,20;0,00;D;110010003;;
ACH;Achats marchandises;110010004;20201119;40100000;CompteLib_0015;401DIVER;DIVERS FOURNISSEURS ;F20110059;20201119;EcritureLib_0042;;0,00;211,20;C;110010004;;
ACH;Achats marchandises;110010004;20201119;61551000;CompteLib_0033;;;F20110059;20201119;EcritureLib_0042;;176,00;0,00;D;110010004;;
ACH;Achats marchandises;110010004;20201119;44566100;CompteLib_0024;;;F20110059;20201119;EcritureLib_0042;;35,20;0,00;D;110010004;;
ACH;Achats marchandises;120010001;20201201;40100000;CompteLib_0015;401DIVER;DIVERS FOURNISSEURS ;F123A-VABM-201201648;20201201;EcritureLib_0002;;0,00;41,90;C;120010001;;
ACH;Achats marchandises;120010001;20201201;62310000;CompteLib_0032;;;F123A-VABM-201201648;20201201;EcritureLib_0002;;41,04;0,00;D;120010001;;
ACH;Achats marchandises;120010001;20201201;44566100;CompteLib_0024;;;F123A-VABM-201201648;20201201;EcritureLib_0002;;0,86;0,00;D;120010001;;
ACH;Achats marchandises;120010002;20201212;40100000;CompteLib_0015;401EDF00;EDF ;10121172423;20201212;EcritureLib_0005;;0,00;233,68;C;120010002;;
ACH;Achats marchandises;120010002;20201212;60611000;CompteLib_0035;;;10121172423;20201212;EcritureLib_0005;;194,73;0,00;D;120010002;;
ACH;Achats marchandises;120010002;20201212;44566100;CompteLib_0024;;;10121172423;20201212;EcritureLib_0005;;38,95;0,00;D;120010002;;
ACH;Achats marchandises;120010003;20201223;40100000;CompteLib_0015;401ENGIE;ENGIE ;20035203078;20201223;EcritureLib_0016;;0,00;112,76;C;120010003;;
ACH;Achats marchandises;120010003;20201223;60613000;CompteLib_0040;;;20035203078;20201223;EcritureLib_0016;;97,98;0,00;D;120010003;;
ACH;Achats marchandises;120010003;20201223;44566100;CompteLib_0024;;;20035203078;20201223;EcritureLib_0016;;14,78;0,00;D;120010003;;
ACH;Achats marchandises;120010004;20201229;40100000;CompteLib_0015;401DIVER;DIVERS FOURNISSEURS ;F123A-NVAA-201200442;20201229;EcritureLib_0002;;8,00;0,00;D;120010004;;
ACH;Achats marchandises;120010004;20201229;62310000;CompteLib_0032;;;F123A-NVAA-201200442;20201229;EcritureLib_0002;;0,00;7,84;C;120010004;;
ACH;Achats marchandises;120010004;20201229;44566100;CompteLib_0024;;;F123A-NVAA-201200442;20201229;EcritureLib_0002;;0,00;0,16;C;120010004;;
ACH;Achats marchandises;120010005;20201230;40100000;CompteLib_0015;401STC00;STC TOURCOING;54454;20201230;EcritureLib_0043;;0,00;84,00;C;120010005;;
ACH;Achats marchandises;120010005;20201230;62260000;CompteLib_0039;;;54454;20201230;EcritureLib_0043;;70,00;0,00;D;120010005;;
ACH;Achats marchandises;120010005;20201230;44566100;CompteLib_0024;;;54454;20201230;EcritureLib_0043;;14,00;0,00;D;120010005;;
ACH;Achats marchandises;120010006;20201231;40100000;CompteLib_0015;401ENGIE;ENGIE ;40013917055;20201231;EcritureLib_0016;;5,97;0,00;D;120010006;;
ACH;Achats marchandises;120010006;20201231;60613000;CompteLib_0040;;;40013917055;20201231;EcritureLib_0016;;0,00;4,54;C;120010006;;
ACH;Achats marchandises;120010006;20201231;44566100;CompteLib_0024;;;40013917055;20201231;EcritureLib_0016;;0,00;1,43;C;120010006;;
ACH;Achats marchandises;120010007;20201231;40100000;CompteLib_0015;401FRANC;FRANCE BOISSONS ;4383882792;20201231;EcritureLib_0009;;967,20;0,00;D;120010007;;
ACH;Achats marchandises;120010007;20201231;60110000;CompteLib_0036;;;4383882792;20201231;EcritureLib_0009;;0,00;806,00;C;120010007;;
ACH;Achats marchandises;120010007;20201231;44566100;CompteLib_0024;;;4383882792;20201231;EcritureLib_0009;;0,00;161,20;C;120010007;;
BPN;BANQUE POPULAIRE DU NORD;010010001;20200106;61610000;CompteLib_0046;;;Non dispo;20200106;EcritureLib_0044;;2376,22;0,00;D;010010001;;
BPN;BANQUE POPULAIRE DU NORD;010010001;20200106;40100000;CompteLib_0015;401LYONN;LYONNAISE DES EAUX ;Non dispo;20200106;EcritureLib_0045;;41,00;0,00;D;010010001;;
BPN;BANQUE POPULAIRE DU NORD;010010001;20200106;64610000;CompteLib_0047;;;Non dispo;20200106;EcritureLib_0046;;310,00;0,00;D;010010001;;
BPN;BANQUE POPULAIRE DU NORD;010010001;20200106;64600000;CompteLib_0048;;;Non dispo;20200106;EcritureLib_0046;;216,00;0,00;D;010010001;;
BPN;BANQUE POPULAIRE DU NORD;010010001;20200106;51219000;CompteLib_0030;;;Non dispo;20200106;EcritureLib_0047;;0,00;2943,22;C;010010001;;
BPN;BANQUE POPULAIRE DU NORD;010010002;20200107;62780000;CompteLib_0049;;;Non dispo;20200107;EcritureLib_0048;;42,69;0,00;D;010010002;;
BPN;BANQUE POPULAIRE DU NORD;010010002;20200107;51219000;CompteLib_0030;;;Non dispo;20200107;EcritureLib_0047;;0,00;42,69;C;010010002;;
BPN;BANQUE POPULAIRE DU NORD;010010003;20200108;51140000;CompteLib_0029;;;Non dispo;20200108;EcritureLib_0049;;0,00;1803,75;C;010010003;;
BPN;BANQUE POPULAIRE DU NORD;010010003;20200108;40100000;CompteLib_0015;401ENGIE;ENGIE ;Non dispo;20200108;EcritureLib_0016;;201,81;0,00;D;010010003;;
BPN;BANQUE POPULAIRE DU NORD;010010003;20200108;51219000;CompteLib_0030;;;Non dispo;20200108;EcritureLib_0047;;0,00;201,81;C;010010003;;
BPN;BANQUE POPULAIRE DU NORD;010010003;20200108;51219000;CompteLib_0030;;;Non dispo;20200108;EcritureLib_0047;;1803,75;0,00;D;010010003;;
BPN;BANQUE POPULAIRE DU NORD;010010004;20200113;40100000;CompteLib_0015;401DIVER;DIVERS FOURNISSEURS ;401DIV;20200113;EcritureLib_0050;;41,90;0,00;D;010010004;;
BPN;BANQUE POPULAIRE DU NORD;010010004;20200113;51219100;CompteLib_0050;;;Non dispo;20200113;EcritureLib_0051;;0,00;10000,00;C;010010004;;
BPN;BANQUE POPULAIRE DU NORD;010010004;20200113;51219000;CompteLib_0030;;;Non dispo;20200113;EcritureLib_0047;;0,00;41,90;C;010010004;;
BPN;BANQUE POPULAIRE DU NORD;010010004;20200113;51219000;CompteLib_0030;;;Non dispo;20200113;EcritureLib_0047;;10000,00;0,00;D;010010004;;
BPN;BANQUE POPULAIRE DU NORD;010010005;20200114;42100000;CompteLib_0018;;;Non dispo;20200114;EcritureLib_0052;;2701,24;0,00;D;010010005;;
BPN;BANQUE POPULAIRE DU NORD;010010005;20200114;51219000;CompteLib_0030;;;Non dispo;20200114;EcritureLib_0047;;0,00;2701,24;C;010010005;;
BPN;BANQUE POPULAIRE DU NORD;010010006;20200116;43100000;CompteLib_0020;;;Non dispo;20200116;EcritureLib_0046;;815,00;0,00;D;010010006;;
BPN;BANQUE POPULAIRE DU NORD;010010006;20200116;43100000;CompteLib_0020;;;Non dispo;20200116;EcritureLib_0046;;807,00;0,00;D;010010006;;
BPN;BANQUE POPULAIRE DU NORD;010010006;20200116;43100000;CompteLib_0020;;;Non dispo;20200116;EcritureLib_0046;;2007,00;0,00;D;010010006;;
BPN;BANQUE POPULAIRE DU NORD;010010006;20200116;51219000;CompteLib_0030;;;Non dispo;20200116;EcritureLib_0047;;0,00;3629,00;C;010010006;;
BPN;BANQUE POPULAIRE DU NORD;010010007;20200120;44551000;CompteLib_0023;;;Non dispo;20200120;EcritureLib_0053;;620,00;0,00;D;010010007;;
BPN;BANQUE POPULAIRE DU NORD;010010007;20200120;51219000;CompteLib_0030;;;Non dispo;20200120;EcritureLib_0047;;0,00;620,00;C;010010007;;
BPN;BANQUE POPULAIRE DU NORD;010010008;20200121;61610000;CompteLib_0046;;;Non dispo;20200121;EcritureLib_0054;;0,00;541,90;C;010010008;;
BPN;BANQUE POPULAIRE DU NORD;010010008;20200121;40100000;CompteLib_0015;401DIVER;DIVERS FOURNISSEURS ;Non dispo;20200121;EcritureLib_0055;;516,00;0,00;D;010010008;;
BPN;BANQUE POPULAIRE DU NORD;010010008;20200121;51219000;CompteLib_0030;;;Non dispo;20200121;EcritureLib_0047;;0,00;516,00;C;010010008;;
BPN;BANQUE POPULAIRE DU NORD;010010008;20200121;51219000;CompteLib_0030;;;Non dispo;20200121;EcritureLib_0047;;541,90;0,00;D;010010008;;
BPN;BANQUE POPULAIRE DU NORD;010010009;20200127;43730000;CompteLib_0021;;;Non dispo;20200127;EcritureLib_0056;;146,30;0,00;D;010010009;;
BPN;BANQUE POPULAIRE DU NORD;010010009;20200127;43730000;CompteLib_0021;;;Non dispo;20200127;EcritureLib_0057;;180,22;0,00;D;010010009;;
BPN;BANQUE POPULAIRE DU NORD;010010009;20200127;43730000;CompteLib_0021;;;Non dispo;20200127;EcritureLib_0057;;182,32;0,00;D;010010009;;
BPN;BANQUE POPULAIRE DU NORD;010010009;20200127;43730000;CompteLib_0021;;;Non dispo;20200127;EcritureLib_0057;;466,13;0,00;D;010010009;;
BPN;BANQUE POPULAIRE DU NORD;010010009;20200127;40100000;CompteLib_0015;401EDF00;EDF ;Non dispo;20200127;EcritureLib_0005;;259,55;0,00;D;010010009;;
BPN;BANQUE POPULAIRE DU NORD;010010009;20200127;51219000;CompteLib_0030;;;Non dispo;20200127;EcritureLib_0047;;0,00;1234,52;C;010010009;;
BPN;BANQUE POPULAIRE DU NORD;010010010;20200129;41110000;CompteLib_0017;;;Non dispo;20200129;EcritureLib_0058;;0,00;3717,60;C;010010010;;
BPN;BANQUE POPULAIRE DU NORD;010010010;20200129;51219000;CompteLib_0030;;;Non dispo;20200129;EcritureLib_0047;;3717,60;0,00;D;010010010;;
BPN;BANQUE POPULAIRE DU NORD;010010011;20200131;10800000;CompteLib_0002;;;Non dispo;20200131;EcritureLib_0059;;215,19;0,00;D;010010011;;
BPN;BANQUE POPULAIRE DU NORD;010010011;20200131;51219000;CompteLib_0030;;;Non dispo;20200131;EcritureLib_0047;;0,00;215,19;C;010010011;;
BPN;BANQUE POPULAIRE DU NORD;020010001;20200201;62780000;CompteLib_0049;;;Non dispo;20200201;EcritureLib_0048;;25,20;0,00;D;020010001;;
BPN;BANQUE POPULAIRE DU NORD;020010001;20200201;51219000;CompteLib_0030;;;Non dispo;20200201;EcritureLib_0047;;0,00;25,20;C;020010001;;
BPN;BANQUE POPULAIRE DU NORD;020010002;20200203;40100000;CompteLib_0015;401DEHON;DEHONT ;CHEQUE0003716;20200203;EcritureLib_0060;;122,28;0,00;D;020010002;;
BPN;BANQUE POPULAIRE DU NORD;020010002;20200203;40100000;CompteLib_0015;401DEHON;DEHONT ;CHEQUE0003717;20200203;EcritureLib_0060;;149,82;0,00;D;020010002;;
BPN;BANQUE POPULAIRE DU NORD;020010002;20200203;40100000;CompteLib_0015;401DEHON;DEHONT ;CHEQUE0003727;20200203;EcritureLib_0060;;951,90;0,00;D;020010002;;
BPN;BANQUE POPULAIRE DU NORD;020010002;20200203;51219000;CompteLib_0030;;;Non dispo;20200203;EcritureLib_0047;;0,00;1224,00;C;020010002;;
BPN;BANQUE POPULAIRE DU NORD;020010003;20200205;64600000;CompteLib_0048;;;Non dispo;20200205;EcritureLib_0046;;216,00;0,00;D;020010003;;
BPN;BANQUE POPULAIRE DU NORD;020010003;20200205;64610000;CompteLib_0047;;;Non dispo;20200205;EcritureLib_0046;;310,00;0,00;D;020010003;;
BPN;BANQUE POPULAIRE DU NORD;020010003;20200205;40100000;CompteLib_0015;401LYONN;LYONNAISE DES EAUX ;Non dispo;20200205;EcritureLib_0038;;41,00;0,00;D;020010003;;
BPN;BANQUE POPULAIRE DU NORD;020010003;20200205;51219000;CompteLib_0030;;;Non dispo;20200205;EcritureLib_0047;;0,00;567,00;C;020010003;;
BPN;BANQUE POPULAIRE DU NORD;020010004;20200206;62780000;CompteLib_0049;;;Non dispo;20200206;EcritureLib_0048;;42,69;0,00;D;020010004;;
BPN;BANQUE POPULAIRE DU NORD;020010004;20200206;51219000;CompteLib_0030;;;Non dispo;20200206;EcritureLib_0047;;0,00;42,69;C;020010004;;
BPN;BANQUE POPULAIRE DU NORD;020010005;20200210;10800000;CompteLib_0002;;;Non dispo;20200210;EcritureLib_0061;;0,00;215,19;C;020010005;;
BPN;BANQUE POPULAIRE DU NORD;020010005;20200210;51219000;CompteLib_0030;;;Non dispo;20200210;EcritureLib_0047;;215,19;0,00;D;020010005;;
BPN;BANQUE POPULAIRE DU NORD;020010006;20200213;40100000;CompteLib_0015;401DIVER;DIVERS FOURNISSEURS ;Non dispo;20200213;EcritureLib_0002;;26,60;0,00;D;020010006;;
BPN;BANQUE POPULAIRE DU NORD;020010006;20200213;51219000;CompteLib_0030;;;Non dispo;20200213;EcritureLib_0047;;0,00;26,60;C;020010006;;
BPN;BANQUE POPULAIRE DU NORD;020010007;20200219;44551000;CompteLib_0023;;;Non dispo;20200219;EcritureLib_0062;;225,00;0,00;D;020010007;;
BPN;BANQUE POPULAIRE DU NORD;020010007;20200219;51219000;CompteLib_0030;;;Non dispo;20200219;EcritureLib_0047;;0,00;225,00;C;020010007;;
BPN;BANQUE POPULAIRE DU NORD;020010008;20200220;40100000;CompteLib_0015;401DEHON;DEHONT ;Non dispo;20200220;EcritureLib_0014;;1324,86;0,00;D;020010008;;
BPN;BANQUE POPULAIRE DU NORD;020010008;20200220;40100000;CompteLib_0015;401DEHON;DEHONT ;Non dispo;20200220;EcritureLib_0014;;115,68;0,00;D;020010008;;
BPN;BANQUE POPULAIRE DU NORD;020010008;20200220;40100000;CompteLib_0015;401STC00;STC TOURCOING;Non dispo;20200220;EcritureLib_0063;;1200,00;0,00;D;020010008;;
BPN;BANQUE POPULAIRE DU NORD;020010008;20200220;51219000;CompteLib_0030;;;Non dispo;20200220;EcritureLib_0047;;0,00;2640,54;C;020010008;;
BPN;BANQUE POPULAIRE DU NORD;020010009;20200227;40100000;CompteLib_0015;401EDF00;EDF ;Non dispo;20200227;EcritureLib_0005;;253,62;0,00;D;020010009;;
BPN;BANQUE POPULAIRE DU NORD;020010009;20200227;51219000;CompteLib_0030;;;Non dispo;20200227;EcritureLib_0047;;0,00;253,62;C;020010009;;
BPN;BANQUE POPULAIRE DU NORD;030010001;20200301;62780000;CompteLib_0049;;;Non dispo;20200301;EcritureLib_0048;;25,20;0,00;D;030010001;;
BPN;BANQUE POPULAIRE DU NORD;030010001;20200301;51219000;CompteLib_0030;;;Non dispo;20200301;EcritureLib_0047;;0,00;25,20;C;030010001;;
BPN;BANQUE POPULAIRE DU NORD;030010002;20200305;64600000;CompteLib_0048;;;Non dispo;20200305;EcritureLib_0064;;216,00;0,00;D;030010002;;
BPN;BANQUE POPULAIRE DU NORD;030010002;20200305;64610000;CompteLib_0047;;;Non dispo;20200305;EcritureLib_0064;;310,00;0,00;D;030010002;;
BPN;BANQUE POPULAIRE DU NORD;030010002;20200305;40100000;CompteLib_0015;401LYONN;LYONNAISE DES EAUX ;Non dispo;20200305;EcritureLib_0038;;41,00;0,00;D;030010002;;
BPN;BANQUE POPULAIRE DU NORD;030010002;20200305;51219100;CompteLib_0050;;;Non dispo;20200305;EcritureLib_0065;;0,00;5000,00;C;030010002;;
BPN;BANQUE POPULAIRE DU NORD;030010002;20200305;51219000;CompteLib_0030;;;Non dispo;20200305;EcritureLib_0047;;0,00;567,00;C;030010002;;
BPN;BANQUE POPULAIRE DU NORD;030010002;20200305;51219000;CompteLib_0030;;;Non dispo;20200305;EcritureLib_0047;;5000,00;0,00;D;030010002;;
BPN;BANQUE POPULAIRE DU NORD;030010003;20200306;62780000;CompteLib_0049;;;Non dispo;20200306;EcritureLib_0048;;42,69;0,00;D;030010003;;
BPN;BANQUE POPULAIRE DU NORD;030010003;20200306;51219000;CompteLib_0030;;;Non dispo;20200306;EcritureLib_0047;;0,00;42,69;C;030010003;;
BPN;BANQUE POPULAIRE DU NORD;030010004;20200318;40100000;CompteLib_0015;401ENGIE;ENGIE ;Non dispo;20200318;EcritureLib_0016;;56,14;0,00;D;030010004;;
BPN;BANQUE POPULAIRE DU NORD;030010004;20200318;63330000;CompteLib_0051;;;Non dispo;20200318;EcritureLib_0066;;562,65;0,00;D;030010004;;
BPN;BANQUE POPULAIRE DU NORD;030010004;20200318;44566100;CompteLib_0024;;;Non dispo;20200318;EcritureLib_0066;;112,52;0,00;D;030010004;;
BPN;BANQUE POPULAIRE DU NORD;030010004;20200318;51219000;CompteLib_0030;;;Non dispo;20200318;EcritureLib_0047;;0,00;731,31;C;030010004;;
BPN;BANQUE POPULAIRE DU NORD;030010005;20200327;40100000;CompteLib_0015;401EDF00;EDF ;Non dispo;20200327;EcritureLib_0005;;259,63;0,00;D;030010005;;
BPN;BANQUE POPULAIRE DU NORD;030010005;20200327;51219000;CompteLib_0030;;;Non dispo;20200327;EcritureLib_0047;;0,00;259,63;C;030010005;;
BPN;BANQUE POPULAIRE DU NORD;040010001;20200401;62780000;CompteLib_0049;;;Non dispo;20200401;EcritureLib_0048;;25,20;0,00;D;040010001;;
BPN;BANQUE POPULAIRE DU NORD;040010001;20200401;51219000;CompteLib_0030;;;Non dispo;20200401;EcritureLib_0047;;0,00;25,20;C;040010001;;
BPN;BANQUE POPULAIRE DU NORD;040010002;20200403;61320000;CompteLib_0052;;;Non dispo;20200403;EcritureLib_0067;;2560,26;0,00;D;040010002;;
BPN;BANQUE POPULAIRE DU NORD;040010002;20200403;51219100;CompteLib_0050;;;Non dispo;20200403;EcritureLib_0065;;0,00;10000,00;C;040010002;;
BPN;BANQUE POPULAIRE DU NORD;040010002;20200403;61320000;CompteLib_0052;;;Non dispo;20200403;EcritureLib_0068;;3600,00;0,00;D;040010002;;
BPN;BANQUE POPULAIRE DU NORD;040010002;20200403;61320000;CompteLib_0052;;;Non dispo;20200403;EcritureLib_0069;;3600,00;0,00;D;040010002;;
BPN;BANQUE POPULAIRE DU NORD;040010002;20200403;51219000;CompteLib_0030;;;Non dispo;20200403;EcritureLib_0047;;0,00;9760,26;C;040010002;;
BPN;BANQUE POPULAIRE DU NORD;040010002;20200403;51219000;CompteLib_0030;;;Non dispo;20200403;EcritureLib_0047;;10000,00;0,00;D;040010002;;
BPN;BANQUE POPULAIRE DU NORD;040010003;20200406;40100000;CompteLib_0015;401LYONN;LYONNAISE DES EAUX ;Non dispo;20200406;EcritureLib_0038;;41,00;0,00;D;040010003;;
BPN;BANQUE POPULAIRE DU NORD;040010003;20200406;51219000;CompteLib_0030;;;Non dispo;20200406;EcritureLib_0047;;0,00;41,00;C;040010003;;
BPN;BANQUE POPULAIRE DU NORD;040010004;20200407;62780000;CompteLib_0049;;;Non dispo;20200407;EcritureLib_0048;;42,69;0,00;D;040010004;;
BPN;BANQUE POPULAIRE DU NORD;040010004;20200407;51219000;CompteLib_0030;;;Non dispo;20200407;EcritureLib_0047;;0,00;42,69;C;040010004;;
BPN;BANQUE POPULAIRE DU NORD;040010005;20200420;41110000;CompteLib_0017;;;Non dispo;20200420;EcritureLib_0070;;0,00;3717,60;C;040010005;;
BPN;BANQUE POPULAIRE DU NORD;040010005;20200420;41110000;CompteLib_0017;;;Non dispo;20200420;EcritureLib_0070;;0,00;3717,60;C;040010005;;
BPN;BANQUE POPULAIRE DU NORD;040010005;20200420;41110000;CompteLib_0017;;;Non dispo;20200420;EcritureLib_0070;;0,00;3717,60;C;040010005;;
BPN;BANQUE POPULAIRE DU NORD;040010005;20200420;51219000;CompteLib_0030;;;Non dispo;20200420;EcritureLib_0047;;11152,80;0,00;D;040010005;;
BPN;BANQUE POPULAIRE DU NORD;040010006;20200427;40100000;CompteLib_0015;401EDF00;EDF ;Non dispo;20200427;EcritureLib_0005;;214,49;0,00;D;040010006;;
BPN;BANQUE POPULAIRE DU NORD;040010006;20200427;10800000;CompteLib_0002;;;Non dispo;20200427;EcritureLib_0071;;0,00;927,00;C;040010006;;
BPN;BANQUE POPULAIRE DU NORD;040010006;20200427;51219000;CompteLib_0030;;;Non dispo;20200427;EcritureLib_0047;;0,00;214,49;C;040010006;;
BPN;BANQUE POPULAIRE DU NORD;040010006;20200427;51219000;CompteLib_0030;;;Non dispo;20200427;EcritureLib_0047;;927,00;0,00;D;040010006;;
BPN;BANQUE POPULAIRE DU NORD;050010001;20200501;62780000;CompteLib_0049;;;Non dispo;20200501;EcritureLib_0048;;25,20;0,00;D;050010001;;
BPN;BANQUE POPULAIRE DU NORD;050010001;20200501;51219000;CompteLib_0030;;;Non dispo;20200501;EcritureLib_0047;;0,00;25,20;C;050010001;;
BPN;BANQUE POPULAIRE DU NORD;050010002;20200505;40100000;CompteLib_0015;401LYONN;LYONNAISE DES EAUX ;Non dispo;20200505;EcritureLib_0038;;41,00;0,00;D;050010002;;
BPN;BANQUE POPULAIRE DU NORD;050010002;20200505;51219000;CompteLib_0030;;;Non dispo;20200505;EcritureLib_0047;;0,00;41,00;C;050010002;;
BPN;BANQUE POPULAIRE DU NORD;050010003;20200506;62780000;CompteLib_0049;;;Non dispo;20200506;EcritureLib_0048;;42,69;0,00;D;050010003;;
BPN;BANQUE POPULAIRE DU NORD;050010003;20200506;51219000;CompteLib_0030;;;Non dispo;20200506;EcritureLib_0047;;0,00;42,69;C;050010003;;
BPN;BANQUE POPULAIRE DU NORD;050010004;20200511;40100000;CompteLib_0015;401ENGIE;ENGIE ;Non dispo;20200511;EcritureLib_0016;;204,83;0,00;D;050010004;;
BPN;BANQUE POPULAIRE DU NORD;050010004;20200511;51219000;CompteLib_0030;;;Non dispo;20200511;EcritureLib_0047;;0,00;204,83;C;050010004;;
BPN;BANQUE POPULAIRE DU NORD;050010005;20200527;40100000;CompteLib_0015;401EDF00;EDF ;Non dispo;20200527;EcritureLib_0005;;196,57;0,00;D;050010005;;
BPN;BANQUE POPULAIRE DU NORD;050010005;20200527;51219000;CompteLib_0030;;;Non dispo;20200527;EcritureLib_0047;;0,00;196,57;C;050010005;;
BPN;BANQUE POPULAIRE DU NORD;060010001;20200601;62780000;CompteLib_0049;;;Non dispo;20200601;EcritureLib_0048;;25,20;0,00;D;060010001;;
BPN;BANQUE POPULAIRE DU NORD;060010001;20200601;51219000;CompteLib_0030;;;Non dispo;20200601;EcritureLib_0047;;0,00;25,20;C;060010001;;
BPN;BANQUE POPULAIRE DU NORD;060010002;20200605;40100000;CompteLib_0015;401LYONN;LYONNAISE DES EAUX ;Non dispo;20200605;EcritureLib_0038;;41,00;0,00;D;060010002;;
BPN;BANQUE POPULAIRE DU NORD;060010002;20200605;51219000;CompteLib_0030;;;Non dispo;20200605;EcritureLib_0047;;0,00;41,00;C;060010002;;
BPN;BANQUE POPULAIRE DU NORD;060010003;20200606;62780000;CompteLib_0049;;;Non dispo;20200606;EcritureLib_0048;;42,69;0,00;D;060010003;;
BPN;BANQUE POPULAIRE DU NORD;060010003;20200606;51219000;CompteLib_0030;;;Non dispo;20200606;EcritureLib_0047;;0,00;42,69;C;060010003;;
BPN;BANQUE POPULAIRE DU NORD;060010004;20200615;40100000;CompteLib_0015;401DIVER;DIVERS FOURNISSEURS ;Non dispo;20200615;EcritureLib_0050;;32,15;0,00;D;060010004;;
BPN;BANQUE POPULAIRE DU NORD;060010004;20200615;51219000;CompteLib_0030;;;Non dispo;20200615;EcritureLib_0047;;0,00;32,15;C;060010004;;
BPN;BANQUE POPULAIRE DU NORD;060010005;20200622;51150000;CompteLib_0053;;;Non dispo;20200622;EcritureLib_0072;;0,00;625,26;C;060010005;;
BPN;BANQUE POPULAIRE DU NORD;060010005;20200622;51150000;CompteLib_0053;;;Non dispo;20200622;EcritureLib_0072;;0,00;42,37;C;060010005;;
BPN;BANQUE POPULAIRE DU NORD;060010005;20200622;51150000;CompteLib_0053;;;Non dispo;20200622;EcritureLib_0072;;0,00;152,41;C;060010005;;
BPN;BANQUE POPULAIRE DU NORD;060010005;20200622;51150000;CompteLib_0053;;;Non dispo;20200622;EcritureLib_0072;;0,00;101,92;C;060010005;;
BPN;BANQUE POPULAIRE DU NORD;060010005;20200622;51219000;CompteLib_0030;;;Non dispo;20200622;EcritureLib_0047;;921,96;0,00;D;060010005;;
BPN;BANQUE POPULAIRE DU NORD;060010006;20200624;61610000;CompteLib_0046;;;Non dispo;20200624;EcritureLib_0054;;0,00;594,06;C;060010006;;
BPN;BANQUE POPULAIRE DU NORD;060010006;20200624;51219000;CompteLib_0030;;;Non dispo;20200624;EcritureLib_0047;;594,06;0,00;D;060010006;;
BPN;BANQUE POPULAIRE DU NORD;060010007;20200625;51150000;CompteLib_0053;;;Non dispo;20200625;EcritureLib_0072;;0,00;820,78;C;060010007;;
BPN;BANQUE POPULAIRE DU NORD;060010007;20200625;51150000;CompteLib_0053;;;Non dispo;20200625;EcritureLib_0072;;0,00;127,21;C;060010007;;
BPN;BANQUE POPULAIRE DU NORD;060010007;20200625;51219000;CompteLib_0030;;;Non dispo;20200625;EcritureLib_0047;;947,99;0,00;D;060010007;;
BPN;BANQUE POPULAIRE DU NORD;060010008;20200626;51150000;CompteLib_0053;;;Non dispo;20200626;EcritureLib_0072;;0,00;623,09;C;060010008;;
BPN;BANQUE POPULAIRE DU NORD;060010008;20200626;51150000;CompteLib_0053;;;Non dispo;20200626;EcritureLib_0072;;0,00;251,07;C;060010008;;
BPN;BANQUE POPULAIRE DU NORD;060010008;20200626;51219000;CompteLib_0030;;;Non dispo;20200626;EcritureLib_0047;;874,16;0,00;D;060010008;;
BPN;BANQUE POPULAIRE DU NORD;060010009;20200629;51150000;CompteLib_0053;;;Non dispo;20200629;EcritureLib_0072;;0,00;171,78;C;060010009;;
BPN;BANQUE POPULAIRE DU NORD;060010009;20200629;51150000;CompteLib_0053;;;Non dispo;20200629;EcritureLib_0072;;0,00;40,09;C;060010009;;
BPN;BANQUE POPULAIRE DU NORD;060010009;20200629;40100000;CompteLib_0015;401EDF00;EDF ;Non dispo;20200629;EcritureLib_0005;;228,06;0,00;D;060010009;;
BPN;BANQUE POPULAIRE DU NORD;060010009;20200629;51150000;CompteLib_0053;;;Non dispo;20200629;EcritureLib_0072;;0,00;139,93;C;060010009;;
BPN;BANQUE POPULAIRE DU NORD;060010009;20200629;51150000;CompteLib_0053;;;Non dispo;20200629;EcritureLib_0072;;0,00;424,01;C;060010009;;
BPN;BANQUE POPULAIRE DU NORD;060010009;20200629;40100000;CompteLib_0015;401STC00;STC TOURCOING;Non dispo;20200629;EcritureLib_0043;;1220,10;0,00;D;060010009;;
BPN;BANQUE POPULAIRE DU NORD;060010009;20200629;51219000;CompteLib_0030;;;Non dispo;20200629;EcritureLib_0047;;0,00;1448,16;C;060010009;;
BPN;BANQUE POPULAIRE DU NORD;060010009;20200629;51219000;CompteLib_0030;;;Non dispo;20200629;EcritureLib_0047;;775,81;0,00;D;060010009;;
BPN;BANQUE POPULAIRE DU NORD;060010010;20200630;40100000;CompteLib_0015;401DAVIG;DAVIGEL ;Non dispo;20200630;EcritureLib_0006;;1235,72;0,00;D;060010010;;
BPN;BANQUE POPULAIRE DU NORD;060010010;20200630;53000000;CompteLib_0031;;;Non dispo;20200630;EcritureLib_0073;;36,00;0,00;D;060010010;;
BPN;BANQUE POPULAIRE DU NORD;060010010;20200630;64600000;CompteLib_0048;;;Non dispo;20200630;EcritureLib_0046;;0,00;1417,00;C;060010010;;
BPN;BANQUE POPULAIRE DU NORD;060010010;20200630;40100000;CompteLib_0015;401DIVER;DIVERS FOURNISSEURS ;Non dispo;20200630;EcritureLib_0074;;24,50;0,00;D;060010010;;
BPN;BANQUE POPULAIRE DU NORD;060010010;20200630;40100000;CompteLib_0015;401METRO;METRO ;Non dispo;20200630;EcritureLib_0075;;240,91;0,00;D;060010010;;
BPN;BANQUE POPULAIRE DU NORD;060010010;20200630;40100000;CompteLib_0015;401LIDL0;LIDL ;Non dispo;20200630;EcritureLib_0076;;39,83;0,00;D;060010010;;
BPN;BANQUE POPULAIRE DU NORD;060010010;20200630;40100000;CompteLib_0015;401PROMO;PROMOCASH ;Non dispo;20200630;EcritureLib_0022;;146,13;0,00;D;060010010;;
BPN;BANQUE POPULAIRE DU NORD;060010010;20200630;40100000;CompteLib_0015;401CARRE;CARREFOUR ;Non dispo;20200630;EcritureLib_0026;;13,13;0,00;D;060010010;;
BPN;BANQUE POPULAIRE DU NORD;060010010;20200630;53000000;CompteLib_0031;;;Non dispo;20200630;EcritureLib_0077;;0,00;280,00;C;060010010;;
BPN;BANQUE POPULAIRE DU NORD;060010010;20200630;53000000;CompteLib_0031;;;Non dispo;20200630;EcritureLib_0078;;0,00;340,00;C;060010010;;
BPN;BANQUE POPULAIRE DU NORD;060010010;20200630;51219000;CompteLib_0030;;;Non dispo;20200630;EcritureLib_0047;;0,00;1736,22;C;060010010;;
BPN;BANQUE POPULAIRE DU NORD;060010010;20200630;51219000;CompteLib_0030;;;Non dispo;20200630;EcritureLib_0047;;2037,00;0,00;D;060010010;;
BPN;BANQUE POPULAIRE DU NORD;070010001;20200701;62780000;CompteLib_0049;;;Non dispo;20200701;EcritureLib_0048;;25,20;0,00;D;070010001;;
BPN;BANQUE POPULAIRE DU NORD;070010001;20200701;51219000;CompteLib_0030;;;Non dispo;20200701;EcritureLib_0047;;0,00;25,20;C;070010001;;
BPN;BANQUE POPULAIRE DU NORD;070010002;20200702;40100000;CompteLib_0015;401DAVIG;DAVIGEL ;Non dispo;20200702;EcritureLib_0079;;0,00;309,67;C;070010002;;
BPN;BANQUE POPULAIRE DU NORD;070010002;20200702;51219000;CompteLib_0030;;;Non dispo;20200702;EcritureLib_0047;;309,67;0,00;D;070010002;;
BPN;BANQUE POPULAIRE DU NORD;070010003;20200703;40100000;CompteLib_0015;401UMIH0;UMIH ;Non dispo;20200703;EcritureLib_0004;;255,00;0,00;D;070010003;;
BPN;BANQUE POPULAIRE DU NORD;070010003;20200703;51219000;CompteLib_0030;;;Non dispo;20200703;EcritureLib_0047;;0,00;255,00;C;070010003;;
BPN;BANQUE POPULAIRE DU NORD;070010004;20200706;51150000;CompteLib_0053;;;Non dispo;20200706;EcritureLib_0072;;0,00;178,82;C;070010004;;
BPN;BANQUE POPULAIRE DU NORD;070010004;20200706;51150000;CompteLib_0053;;;Non dispo;20200706;EcritureLib_0072;;0,00;15,88;C;070010004;;
BPN;BANQUE POPULAIRE DU NORD;070010004;20200706;51150000;CompteLib_0053;;;Non dispo;20200706;EcritureLib_0072;;0,00;161,46;C;070010004;;
BPN;BANQUE POPULAIRE DU NORD;070010004;20200706;40100000;CompteLib_0015;401LYONN;LYONNAISE DES EAUX ;Non dispo;20200706;EcritureLib_0038;;41,00;0,00;D;070010004;;
BPN;BANQUE POPULAIRE DU NORD;070010004;20200706;51150000;CompteLib_0053;;;Non dispo;20200706;EcritureLib_0072;;0,00;139,22;C;070010004;;
BPN;BANQUE POPULAIRE DU NORD;070010004;20200706;51150000;CompteLib_0053;;;Non dispo;20200706;EcritureLib_0072;;0,00;324,38;C;070010004;;
BPN;BANQUE POPULAIRE DU NORD;070010004;20200706;51219000;CompteLib_0030;;;Non dispo;20200706;EcritureLib_0047;;0,00;41,00;C;070010004;;
BPN;BANQUE POPULAIRE DU NORD;070010004;20200706;51219000;CompteLib_0030;;;Non dispo;20200706;EcritureLib_0047;;819,76;0,00;D;070010004;;
BPN;BANQUE POPULAIRE DU NORD;070010005;20200707;62780000;CompteLib_0049;;;Non dispo;20200707;EcritureLib_0080;;42,69;0,00;D;070010005;;
BPN;BANQUE POPULAIRE DU NORD;070010005;20200707;51219000;CompteLib_0030;;;Non dispo;20200707;EcritureLib_0047;;0,00;42,69;C;070010005;;
BPN;BANQUE POPULAIRE DU NORD;070010006;20200708;51150000;CompteLib_0053;;;Non dispo;20200708;EcritureLib_0072;;0,00;129,60;C;070010006;;
BPN;BANQUE POPULAIRE DU NORD;070010006;20200708;51150000;CompteLib_0053;;;Non dispo;20200708;EcritureLib_0072;;0,00;290,83;C;070010006;;
BPN;BANQUE POPULAIRE DU NORD;070010006;20200708;51219000;CompteLib_0030;;;Non dispo;20200708;EcritureLib_0047;;420,43;0,00;D;070010006;;
BPN;BANQUE POPULAIRE DU NORD;070010007;20200709;42100000;CompteLib_0018;;;Non dispo;20200709;EcritureLib_0081;;118,33;0,00;D;070010007;;
BPN;BANQUE POPULAIRE DU NORD;070010007;20200709;42100000;CompteLib_0018;;;Non dispo;20200709;EcritureLib_0082;;150,00;0,00;D;070010007;;
BPN;BANQUE POPULAIRE DU NORD;070010007;20200709;40100000;CompteLib_0015;401ENGIE;ENGIE ;Non dispo;20200709;EcritureLib_0016;;122,00;0,00;D;070010007;;
BPN;BANQUE POPULAIRE DU NORD;070010007;20200709;51219000;CompteLib_0030;;;Non dispo;20200709;EcritureLib_0047;;0,00;390,33;C;070010007;;
BPN;BANQUE POPULAIRE DU NORD;070010008;20200710;40100000;CompteLib_0015;401DAVIG;DAVIGEL ;Non dispo;20200710;EcritureLib_0079;;552,06;0,00;D;070010008;;
BPN;BANQUE POPULAIRE DU NORD;070010008;20200710;51150000;CompteLib_0053;;;Non dispo;20200710;EcritureLib_0072;;0,00;5,95;C;070010008;;
BPN;BANQUE POPULAIRE DU NORD;070010008;20200710;51150000;CompteLib_0053;;;Non dispo;20200710;EcritureLib_0072;;0,00;44,07;C;070010008;;
BPN;BANQUE POPULAIRE DU NORD;070010008;20200710;53000000;CompteLib_0031;;;Non dispo;20200710;EcritureLib_0065;;0,00;530,00;C;070010008;;
BPN;BANQUE POPULAIRE DU NORD;070010008;20200710;53000000;CompteLib_0031;;;Non dispo;20200710;EcritureLib_0065;;0,00;180,00;C;070010008;;
BPN;BANQUE POPULAIRE DU NORD;070010008;20200710;53000000;CompteLib_0031;;;Non dispo;20200710;EcritureLib_0065;;0,00;130,00;C;070010008;;
BPN;BANQUE POPULAIRE DU NORD;070010008;20200710;53000000;CompteLib_0031;;;Non dispo;20200710;EcritureLib_0065;;0,00;480,00;C;070010008;;
BPN;BANQUE POPULAIRE DU NORD;070010008;20200710;53000000;CompteLib_0031;;;Non dispo;20200710;EcritureLib_0065;;0,00;700,00;C;070010008;;
BPN;BANQUE POPULAIRE DU NORD;070010008;20200710;53000000;CompteLib_0031;;;Non dispo;20200710;EcritureLib_0065;;0,00;475,00;C;070010008;;
BPN;BANQUE POPULAIRE DU NORD;070010008;20200710;53000000;CompteLib_0031;;;Non dispo;20200710;EcritureLib_0065;;0,00;590,00;C;070010008;;
BPN;BANQUE POPULAIRE DU NORD;070010008;20200710;51219000;CompteLib_0030;;;Non dispo;20200710;EcritureLib_0047;;0,00;552,06;C;070010008;;
BPN;BANQUE POPULAIRE DU NORD;070010008;20200710;51219000;CompteLib_0030;;;Non dispo;20200710;EcritureLib_0047;;3135,02;0,00;D;070010008;;
BPN;BANQUE POPULAIRE DU NORD;070010009;20200713;51150000;CompteLib_0053;;;Non dispo;20200713;EcritureLib_0072;;0,00;7,44;C;070010009;;
BPN;BANQUE POPULAIRE DU NORD;070010009;20200713;51150000;CompteLib_0053;;;Non dispo;20200713;EcritureLib_0072;;0,00;263,55;C;070010009;;
BPN;BANQUE POPULAIRE DU NORD;070010009;20200713;51150000;CompteLib_0053;;;Non dispo;20200713;EcritureLib_0072;;0,00;27,89;C;070010009;;
BPN;BANQUE POPULAIRE DU NORD;070010009;20200713;51150000;CompteLib_0053;;;Non dispo;20200713;EcritureLib_0072;;0,00;207,78;C;070010009;;
BPN;BANQUE POPULAIRE DU NORD;070010009;20200713;51150000;CompteLib_0053;;;Non dispo;20200713;EcritureLib_0072;;0,00;701,27;C;070010009;;
BPN;BANQUE POPULAIRE DU NORD;070010009;20200713;51150000;CompteLib_0053;;;Non dispo;20200713;EcritureLib_0072;;0,00;68,27;C;070010009;;
BPN;BANQUE POPULAIRE DU NORD;070010009;20200713;51150000;CompteLib_0053;;;Non dispo;20200713;EcritureLib_0072;;0,00;185,96;C;070010009;;
BPN;BANQUE POPULAIRE DU NORD;070010009;20200713;51150000;CompteLib_0053;;;Non dispo;20200713;EcritureLib_0072;;0,00;257,70;C;070010009;;
BPN;BANQUE POPULAIRE DU NORD;070010009;20200713;51150000;CompteLib_0053;;;Non dispo;20200713;EcritureLib_0072;;0,00;1171,49;C;070010009;;
BPN;BANQUE POPULAIRE DU NORD;070010009;20200713;51219000;CompteLib_0030;;;Non dispo;20200713;EcritureLib_0047;;2891,35;0,00;D;070010009;;
BPN;BANQUE POPULAIRE DU NORD;070010010;20200715;40100000;CompteLib_0015;401FRANC;FRANCE BOISSONS ;Non dispo;20200715;EcritureLib_0083;;672,54;0,00;D;070010010;;
BPN;BANQUE POPULAIRE DU NORD;070010010;20200715;51150000;CompteLib_0053;;;Non dispo;20200715;EcritureLib_0072;;0,00;237,65;C;070010010;;
BPN;BANQUE POPULAIRE DU NORD;070010010;20200715;51150000;CompteLib_0053;;;Non dispo;20200715;EcritureLib_0072;;0,00;131,48;C;070010010;;
BPN;BANQUE POPULAIRE DU NORD;070010010;20200715;51150000;CompteLib_0053;;;Non dispo;20200715;EcritureLib_0072;;0,00;426,11;C;070010010;;
BPN;BANQUE POPULAIRE DU NORD;070010010;20200715;51150000;CompteLib_0053;;;Non dispo;20200715;EcritureLib_0072;;0,00;910,34;C;070010010;;
BPN;BANQUE POPULAIRE DU NORD;070010010;20200715;51150000;CompteLib_0053;;;Non dispo;20200715;EcritureLib_0072;;0,00;23,02;C;070010010;;
BPN;BANQUE POPULAIRE DU NORD;070010010;20200715;51150000;CompteLib_0053;;;Non dispo;20200715;EcritureLib_0072;;0,00;269,21;C;070010010;;
BPN;BANQUE POPULAIRE DU NORD;070010010;20200715;51219000;CompteLib_0030;;;Non dispo;20200715;EcritureLib_0047;;0,00;672,54;C;070010010;;
BPN;BANQUE POPULAIRE DU NORD;070010010;20200715;51219000;CompteLib_0030;;;Non dispo;20200715;EcritureLib_0047;;1997,81;0,00;D;070010010;;
BPN;BANQUE POPULAIRE DU NORD;070010011;20200716;43100000;CompteLib_0020;;;Non dispo;20200716;EcritureLib_0046;;286,00;0,00;D;070010011;;
BPN;BANQUE POPULAIRE DU NORD;070010011;20200716;51150000;CompteLib_0053;;;Non dispo;20200716;EcritureLib_0072;;0,00;37,11;C;070010011;;
BPN;BANQUE POPULAIRE DU NORD;070010011;20200716;51150000;CompteLib_0053;;;Non dispo;20200716;EcritureLib_0072;;0,00;179,51;C;070010011;;
BPN;BANQUE POPULAIRE DU NORD;070010011;20200716;51219000;CompteLib_0030;;;Non dispo;20200716;EcritureLib_0047;;0,00;286,00;C;070010011;;
BPN;BANQUE POPULAIRE DU NORD;070010011;20200716;51219000;CompteLib_0030;;;Non dispo;20200716;EcritureLib_0047;;216,62;0,00;D;070010011;;
BPN;BANQUE POPULAIRE DU NORD;070010012;20200717;40100000;CompteLib_0015;401SOMAD;SOMAD DISTRIB ;Non dispo;20200717;EcritureLib_0023;;169,49;0,00;D;070010012;;
BPN;BANQUE POPULAIRE DU NORD;070010012;20200717;51150000;CompteLib_0053;;;Non dispo;20200717;EcritureLib_0072;;0,00;37,51;C;070010012;;
BPN;BANQUE POPULAIRE DU NORD;070010012;20200717;51150000;CompteLib_0053;;;Non dispo;20200717;EcritureLib_0072;;0,00;104,38;C;070010012;;
BPN;BANQUE POPULAIRE DU NORD;070010012;20200717;51219000;CompteLib_0030;;;Non dispo;20200717;EcritureLib_0047;;0,00;169,49;C;070010012;;
BPN;BANQUE POPULAIRE DU NORD;070010012;20200717;51219000;CompteLib_0030;;;Non dispo;20200717;EcritureLib_0047;;141,89;0,00;D;070010012;;
BPN;BANQUE POPULAIRE DU NORD;070010013;20200720;61320000;CompteLib_0052;;;Non dispo;20200720;EcritureLib_0084;;2560,26;0,00;D;070010013;;
BPN;BANQUE POPULAIRE DU NORD;070010013;20200720;51150000;CompteLib_0053;;;Non dispo;20200720;EcritureLib_0072;;0,00;17,27;C;070010013;;
BPN;BANQUE POPULAIRE DU NORD;070010013;20200720;51150000;CompteLib_0053;;;Non dispo;20200720;EcritureLib_0072;;0,00;126,82;C;070010013;;
BPN;BANQUE POPULAIRE DU NORD;070010013;20200720;51150000;CompteLib_0053;;;Non dispo;20200720;EcritureLib_0072;;0,00;309,61;C;070010013;;
BPN;BANQUE POPULAIRE DU NORD;070010013;20200720;51150000;CompteLib_0053;;;Non dispo;20200720;EcritureLib_0072;;0,00;146,35;C;070010013;;
BPN;BANQUE POPULAIRE DU NORD;070010013;20200720;51150000;CompteLib_0053;;;Non dispo;20200720;EcritureLib_0072;;0,00;249,54;C;070010013;;
BPN;BANQUE POPULAIRE DU NORD;070010013;20200720;51150000;CompteLib_0053;;;Non dispo;20200720;EcritureLib_0072;;0,00;114,73;C;070010013;;
BPN;BANQUE POPULAIRE DU NORD;070010013;20200720;51150000;CompteLib_0053;;;Non dispo;20200720;EcritureLib_0072;;0,00;694,04;C;070010013;;
BPN;BANQUE POPULAIRE DU NORD;070010013;20200720;40100000;CompteLib_0015;401DIVER;DIVERS FOURNISSEURS ;Non dispo;20200720;EcritureLib_0033;;42,48;0,00;D;070010013;;
BPN;BANQUE POPULAIRE DU NORD;070010013;20200720;40100000;CompteLib_0015;401DAVIG;DAVIGEL ;Non dispo;20200720;EcritureLib_0006;;885,38;0,00;D;070010013;;
BPN;BANQUE POPULAIRE DU NORD;070010013;20200720;51150000;CompteLib_0053;;;Non dispo;20200720;EcritureLib_0072;;0,00;114,22;C;070010013;;
BPN;BANQUE POPULAIRE DU NORD;070010013;20200720;51150000;CompteLib_0053;;;Non dispo;20200720;EcritureLib_0072;;0,00;224,36;C;070010013;;
BPN;BANQUE POPULAIRE DU NORD;070010013;20200720;51150000;CompteLib_0053;;;Non dispo;20200720;EcritureLib_0072;;0,00;735,19;C;070010013;;
BPN;BANQUE POPULAIRE DU NORD;070010013;20200720;51150000;CompteLib_0053;;;Non dispo;20200720;EcritureLib_0072;;0,00;468,28;C;070010013;;
BPN;BANQUE POPULAIRE DU NORD;070010013;20200720;51219000;CompteLib_0030;;;Non dispo;20200720;EcritureLib_0047;;0,00;3488,12;C;070010013;;
BPN;BANQUE POPULAIRE DU NORD;070010013;20200720;51219000;CompteLib_0030;;;Non dispo;20200720;EcritureLib_0047;;3200,41;0,00;D;070010013;;
BPN;BANQUE POPULAIRE DU NORD;070010014;20200722;51150000;CompteLib_0053;;;Non dispo;20200722;EcritureLib_0072;;0,00;6,95;C;070010014;;
BPN;BANQUE POPULAIRE DU NORD;070010014;20200722;51150000;CompteLib_0053;;;Non dispo;20200722;EcritureLib_0072;;0,00;113,13;C;070010014;;
BPN;BANQUE POPULAIRE DU NORD;070010014;20200722;51150000;CompteLib_0053;;;Non dispo;20200722;EcritureLib_0072;;0,00;213,32;C;070010014;;
BPN;BANQUE POPULAIRE DU NORD;070010014;20200722;51150000;CompteLib_0053;;;Non dispo;20200722;EcritureLib_0072;;0,00;528,99;C;070010014;;
BPN;BANQUE POPULAIRE DU NORD;070010014;20200722;51219000;CompteLib_0030;;;Non dispo;20200722;EcritureLib_0047;;862,39;0,00;D;070010014;;
BPN;BANQUE POPULAIRE DU NORD;070010015;20200723;51150000;CompteLib_0053;;;Non dispo;20200723;EcritureLib_0072;;0,00;230,12;C;070010015;;
BPN;BANQUE POPULAIRE DU NORD;070010015;20200723;42100000;CompteLib_0018;;;Non dispo;20200723;EcritureLib_0085;;70,67;0,00;D;070010015;;
BPN;BANQUE POPULAIRE DU NORD;070010015;20200723;51150000;CompteLib_0053;;;Non dispo;20200723;EcritureLib_0072;;0,00;10,72;C;070010015;;
BPN;BANQUE POPULAIRE DU NORD;070010015;20200723;51150000;CompteLib_0053;;;Non dispo;20200723;EcritureLib_0072;;0,00;813,20;C;070010015;;
BPN;BANQUE POPULAIRE DU NORD;070010015;20200723;51150000;CompteLib_0053;;;Non dispo;20200723;EcritureLib_0072;;0,00;31,85;C;070010015;;
BPN;BANQUE POPULAIRE DU NORD;070010015;20200723;51219000;CompteLib_0030;;;Non dispo;20200723;EcritureLib_0047;;0,00;70,67;C;070010015;;
BPN;BANQUE POPULAIRE DU NORD;070010015;20200723;51219000;CompteLib_0030;;;Non dispo;20200723;EcritureLib_0047;;1085,89;0,00;D;070010015;;
BPN;BANQUE POPULAIRE DU NORD;070010016;20200724;40100000;CompteLib_0015;401RESTS;RESTO SERVICE ;Non dispo;20200724;EcritureLib_0010;;314,96;0,00;D;070010016;;
BPN;BANQUE POPULAIRE DU NORD;070010016;20200724;51150000;CompteLib_0053;;;Non dispo;20200724;EcritureLib_0072;;0,00;86,34;C;070010016;;
BPN;BANQUE POPULAIRE DU NORD;070010016;20200724;51150000;CompteLib_0053;;;Non dispo;20200724;EcritureLib_0072;;0,00;519,99;C;070010016;;
BPN;BANQUE POPULAIRE DU NORD;070010016;20200724;51150000;CompteLib_0053;;;Non dispo;20200724;EcritureLib_0072;;0,00;122,45;C;070010016;;
BPN;BANQUE POPULAIRE DU NORD;070010016;20200724;51150000;CompteLib_0053;;;Non dispo;20200724;EcritureLib_0072;;0,00;583,35;C;070010016;;
BPN;BANQUE POPULAIRE DU NORD;070010016;20200724;51219000;CompteLib_0030;;;Non dispo;20200724;EcritureLib_0047;;0,00;314,96;C;070010016;;
BPN;BANQUE POPULAIRE DU NORD;070010016;20200724;51219000;CompteLib_0030;;;Non dispo;20200724;EcritureLib_0047;;1312,13;0,00;D;070010016;;
BPN;BANQUE POPULAIRE DU NORD;070010017;20200725;53000000;CompteLib_0031;;;Non dispo;20200725;EcritureLib_0086;;580,00;0,00;D;070010017;;
BPN;BANQUE POPULAIRE DU NORD;070010017;20200725;51219000;CompteLib_0030;;;Non dispo;20200725;EcritureLib_0047;;0,00;580,00;C;070010017;;
BPN;BANQUE POPULAIRE DU NORD;070010018;20200727;51150000;CompteLib_0053;;;Non dispo;20200727;EcritureLib_0072;;0,00;30,17;C;070010018;;
BPN;BANQUE POPULAIRE DU NORD;070010018;20200727;51150000;CompteLib_0053;;;Non dispo;20200727;EcritureLib_0072;;0,00;170,87;C;070010018;;
BPN;BANQUE POPULAIRE DU NORD;070010018;20200727;51150000;CompteLib_0053;;;Non dispo;20200727;EcritureLib_0072;;0,00;131,58;C;070010018;;
BPN;BANQUE POPULAIRE DU NORD;070010018;20200727;51150000;CompteLib_0053;;;Non dispo;20200727;EcritureLib_0072;;0,00;353,67;C;070010018;;
BPN;BANQUE POPULAIRE DU NORD;070010018;20200727;51150000;CompteLib_0053;;;Non dispo;20200727;EcritureLib_0072;;0,00;96,35;C;070010018;;
BPN;BANQUE POPULAIRE DU NORD;070010018;20200727;51150000;CompteLib_0053;;;Non dispo;20200727;EcritureLib_0072;;0,00;87,82;C;070010018;;
BPN;BANQUE POPULAIRE DU NORD;070010018;20200727;51150000;CompteLib_0053;;;Non dispo;20200727;EcritureLib_0072;;0,00;186,55;C;070010018;;
BPN;BANQUE POPULAIRE DU NORD;070010018;20200727;43730000;CompteLib_0021;;;Non dispo;20200727;EcritureLib_0087;;54,18;0,00;D;070010018;;
BPN;BANQUE POPULAIRE DU NORD;070010018;20200727;51150000;CompteLib_0053;;;Non dispo;20200727;EcritureLib_0072;;0,00;81,66;C;070010018;;
BPN;BANQUE POPULAIRE DU NORD;070010018;20200727;51150000;CompteLib_0053;;;Non dispo;20200727;EcritureLib_0072;;0,00;288,36;C;070010018;;
BPN;BANQUE POPULAIRE DU NORD;070010018;20200727;51150000;CompteLib_0053;;;Non dispo;20200727;EcritureLib_0072;;0,00;681,25;C;070010018;;
BPN;BANQUE POPULAIRE DU NORD;070010018;20200727;51150000;CompteLib_0053;;;Non dispo;20200727;EcritureLib_0072;;0,00;190,94;C;070010018;;
BPN;BANQUE POPULAIRE DU NORD;070010018;20200727;51219000;CompteLib_0030;;;Non dispo;20200727;EcritureLib_0047;;0,00;54,18;C;070010018;;
BPN;BANQUE POPULAIRE DU NORD;070010018;20200727;51219000;CompteLib_0030;;;Non dispo;20200727;EcritureLib_0047;;2299,22;0,00;D;070010018;;
BPN;BANQUE POPULAIRE DU NORD;070010019;20200728;40100000;CompteLib_0015;401EDF00;EDF ;Non dispo;20200728;EcritureLib_0005;;398,72;0,00;D;070010019;;
BPN;BANQUE POPULAIRE DU NORD;070010019;20200728;51150000;CompteLib_0053;;;Non dispo;20200728;EcritureLib_0072;;0,00;101,20;C;070010019;;
BPN;BANQUE POPULAIRE DU NORD;070010019;20200728;53000000;CompteLib_0031;;;Non dispo;20200728;EcritureLib_0065;;0,00;880,00;C;070010019;;
BPN;BANQUE POPULAIRE DU NORD;070010019;20200728;53000000;CompteLib_0031;;;Non dispo;20200728;EcritureLib_0065;;0,00;1240,00;C;070010019;;
BPN;BANQUE POPULAIRE DU NORD;070010019;20200728;53000000;CompteLib_0031;;;Non dispo;20200728;EcritureLib_0065;;0,00;1040,00;C;070010019;;
BPN;BANQUE POPULAIRE DU NORD;070010019;20200728;53000000;CompteLib_0031;;;Non dispo;20200728;EcritureLib_0065;;0,00;860,00;C;070010019;;
BPN;BANQUE POPULAIRE DU NORD;070010019;20200728;53000000;CompteLib_0031;;;Non dispo;20200728;EcritureLib_0065;;0,00;260,00;C;070010019;;
BPN;BANQUE POPULAIRE DU NORD;070010019;20200728;53000000;CompteLib_0031;;;Non dispo;20200728;EcritureLib_0065;;0,00;70,00;C;070010019;;
BPN;BANQUE POPULAIRE DU NORD;070010019;20200728;53000000;CompteLib_0031;;;Non dispo;20200728;EcritureLib_0065;;0,00;300,00;C;070010019;;
BPN;BANQUE POPULAIRE DU NORD;070010019;20200728;53000000;CompteLib_0031;;;Non dispo;20200728;EcritureLib_0065;;0,00;1550,00;C;070010019;;
BPN;BANQUE POPULAIRE DU NORD;070010019;20200728;53000000;CompteLib_0031;;;Non dispo;20200728;EcritureLib_0065;;0,00;1090,00;C;070010019;;
BPN;BANQUE POPULAIRE DU NORD;070010019;20200728;53000000;CompteLib_0031;;;Non dispo;20200728;EcritureLib_0065;;0,00;680,00;C;070010019;;
BPN;BANQUE POPULAIRE DU NORD;070010019;20200728;53000000;CompteLib_0031;;;Non dispo;20200728;EcritureLib_0065;;0,00;260,00;C;070010019;;
BPN;BANQUE POPULAIRE DU NORD;070010019;20200728;53000000;CompteLib_0031;;;Non dispo;20200728;EcritureLib_0065;;0,00;320,00;C;070010019;;
BPN;BANQUE POPULAIRE DU NORD;070010019;20200728;53000000;CompteLib_0031;;;Non dispo;20200728;EcritureLib_0065;;0,00;1120,00;C;070010019;;
BPN;BANQUE POPULAIRE DU NORD;070010019;20200728;53000000;CompteLib_0031;;;Non dispo;20200728;EcritureLib_0065;;0,00;1480,00;C;070010019;;
BPN;BANQUE POPULAIRE DU NORD;070010019;20200728;53000000;CompteLib_0031;;;Non dispo;20200728;EcritureLib_0065;;0,00;490,00;C;070010019;;
BPN;BANQUE POPULAIRE DU NORD;070010019;20200728;53000000;CompteLib_0031;;;Non dispo;20200728;EcritureLib_0065;;0,00;740,00;C;070010019;;
BPN;BANQUE POPULAIRE DU NORD;070010019;20200728;53000000;CompteLib_0031;;;Non dispo;20200728;EcritureLib_0065;;0,00;580,00;C;070010019;;
BPN;BANQUE POPULAIRE DU NORD;070010019;20200728;53000000;CompteLib_0031;;;Non dispo;20200728;EcritureLib_0065;;0,00;420,00;C;070010019;;
BPN;BANQUE POPULAIRE DU NORD;070010019;20200728;53000000;CompteLib_0031;;;Non dispo;20200728;EcritureLib_0065;;0,00;780,00;C;070010019;;
BPN;BANQUE POPULAIRE DU NORD;070010019;20200728;51150000;CompteLib_0053;;;Non dispo;20200728;EcritureLib_0072;;0,00;77,30;C;070010019;;
BPN;BANQUE POPULAIRE DU NORD;070010019;20200728;51150000;CompteLib_0053;;;Non dispo;20200728;EcritureLib_0072;;0,00;288,67;C;070010019;;
BPN;BANQUE POPULAIRE DU NORD;070010019;20200728;51219000;CompteLib_0030;;;Non dispo;20200728;EcritureLib_0047;;0,00;398,72;C;070010019;;
BPN;BANQUE POPULAIRE DU NORD;070010019;20200728;51219000;CompteLib_0030;;;Non dispo;20200728;EcritureLib_0047;;14627,17;0,00;D;070010019;;
BPN;BANQUE POPULAIRE DU NORD;070010020;20200729;40100000;CompteLib_0015;401DIVER;DIVERS FOURNISSEURS ;Non dispo;20200729;EcritureLib_0088;;341,40;0,00;D;070010020;;
BPN;BANQUE POPULAIRE DU NORD;070010020;20200729;40100000;CompteLib_0015;401DIVER;DIVERS FOURNISSEURS ;Non dispo;20200729;EcritureLib_0089;;270,30;0,00;D;070010020;;
BPN;BANQUE POPULAIRE DU NORD;070010020;20200729;51150000;CompteLib_0053;;;Non dispo;20200729;EcritureLib_0072;;0,00;41,18;C;070010020;;
BPN;BANQUE POPULAIRE DU NORD;070010020;20200729;51150000;CompteLib_0053;;;Non dispo;20200729;EcritureLib_0072;;0,00;16,87;C;070010020;;
BPN;BANQUE POPULAIRE DU NORD;070010020;20200729;51150000;CompteLib_0053;;;Non dispo;20200729;EcritureLib_0072;;0,00;25,31;C;070010020;;
BPN;BANQUE POPULAIRE DU NORD;070010020;20200729;51150000;CompteLib_0053;;;Non dispo;20200729;EcritureLib_0072;;0,00;464,41;C;070010020;;
BPN;BANQUE POPULAIRE DU NORD;070010020;20200729;51219000;CompteLib_0030;;;Non dispo;20200729;EcritureLib_0047;;0,00;611,70;C;070010020;;
BPN;BANQUE POPULAIRE DU NORD;070010020;20200729;51219000;CompteLib_0030;;;Non dispo;20200729;EcritureLib_0047;;547,77;0,00;D;070010020;;
BPN;BANQUE POPULAIRE DU NORD;070010021;20200730;40100000;CompteLib_0015;401PRO00;PRO A PRO ;Non dispo;20200730;EcritureLib_0025;;208,43;0,00;D;070010021;;
BPN;BANQUE POPULAIRE DU NORD;070010021;20200730;40100000;CompteLib_0015;401FRANC;FRANCE BOISSONS ;Non dispo;20200730;EcritureLib_0009;;1214,78;0,00;D;070010021;;
BPN;BANQUE POPULAIRE DU NORD;070010021;20200730;42100000;CompteLib_0018;;;Non dispo;20200730;EcritureLib_0090;;265,02;0,00;D;070010021;;
BPN;BANQUE POPULAIRE DU NORD;070010021;20200730;51150000;CompteLib_0053;;;Non dispo;20200730;EcritureLib_0072;;0,00;159,87;C;070010021;;
BPN;BANQUE POPULAIRE DU NORD;070010021;20200730;51150000;CompteLib_0053;;;Non dispo;20200730;EcritureLib_0072;;0,00;141,11;C;070010021;;
BPN;BANQUE POPULAIRE DU NORD;070010021;20200730;51150000;CompteLib_0053;;;Non dispo;20200730;EcritureLib_0072;;0,00;212,36;C;070010021;;
BPN;BANQUE POPULAIRE DU NORD;070010021;20200730;51150000;CompteLib_0053;;;Non dispo;20200730;EcritureLib_0072;;0,00;572,60;C;070010021;;
BPN;BANQUE POPULAIRE DU NORD;070010021;20200730;51219100;CompteLib_0050;;;Non dispo;20200730;EcritureLib_0091;;20000,00;0,00;D;070010021;;
BPN;BANQUE POPULAIRE DU NORD;070010021;20200730;51219000;CompteLib_0030;;;Non dispo;20200730;EcritureLib_0047;;0,00;21688,23;C;070010021;;
BPN;BANQUE POPULAIRE DU NORD;070010021;20200730;51219000;CompteLib_0030;;;Non dispo;20200730;EcritureLib_0047;;1085,94;0,00;D;070010021;;
BPN;BANQUE POPULAIRE DU NORD;070010022;20200731;40100000;CompteLib_0015;401PROMO;PROMOCASH ;Non dispo;20200731;EcritureLib_0022;;60,60;0,00;D;070010022;;
BPN;BANQUE POPULAIRE DU NORD;070010022;20200731;40100000;CompteLib_0015;401DAVIG;DAVIGEL ;Non dispo;20200731;EcritureLib_0079;;781,75;0,00;D;070010022;;
BPN;BANQUE POPULAIRE DU NORD;070010022;20200731;51150000;CompteLib_0053;;;Non dispo;20200731;EcritureLib_0072;;0,00;234,78;C;070010022;;
BPN;BANQUE POPULAIRE DU NORD;070010022;20200731;51150000;CompteLib_0053;;;Non dispo;20200731;EcritureLib_0072;;0,00;108,41;C;070010022;;
BPN;BANQUE POPULAIRE DU NORD;070010022;20200731;51150000;CompteLib_0053;;;Non dispo;20200731;EcritureLib_0072;;0,00;83,10;C;070010022;;
BPN;BANQUE POPULAIRE DU NORD;070010022;20200731;40100000;CompteLib_0015;401LIDL0;LIDL ;Non dispo;20200731;EcritureLib_0092;;304,60;0,00;D;070010022;;
BPN;BANQUE POPULAIRE DU NORD;070010022;20200731;40100000;CompteLib_0015;401PROMO;PROMOCASH ;Non dispo;20200731;EcritureLib_0092;;615,91;0,00;D;070010022;;
BPN;BANQUE POPULAIRE DU NORD;070010022;20200731;40100000;CompteLib_0015;401METRO;METRO ;Non dispo;20200731;EcritureLib_0092;;304,66;0,00;D;070010022;;
BPN;BANQUE POPULAIRE DU NORD;070010022;20200731;40100000;CompteLib_0015;401DIVER;DIVERS FOURNISSEURS ;Non dispo;20200731;EcritureLib_0093;;31,60;0,00;D;070010022;;
BPN;BANQUE POPULAIRE DU NORD;070010022;20200731;40100000;CompteLib_0015;401DIVER;DIVERS FOURNISSEURS ;Non dispo;20200731;EcritureLib_0034;;24,17;0,00;D;070010022;;
BPN;BANQUE POPULAIRE DU NORD;070010022;20200731;40100000;CompteLib_0015;401DIVER;DIVERS FOURNISSEURS ;Non dispo;20200731;EcritureLib_0026;;36,25;0,00;D;070010022;;
BPN;BANQUE POPULAIRE DU NORD;070010022;20200731;51219000;CompteLib_0030;;;Non dispo;20200731;EcritureLib_0047;;0,00;2159,54;C;070010022;;
BPN;BANQUE POPULAIRE DU NORD;070010022;20200731;51219000;CompteLib_0030;;;Non dispo;20200731;EcritureLib_0047;;426,29;0,00;D;070010022;;
BPN;BANQUE POPULAIRE DU NORD;080010001;20200801;62780000;CompteLib_0049;;;Non dispo;20200801;EcritureLib_0048;;25,20;0,00;D;080010001;;
BPN;BANQUE POPULAIRE DU NORD;080010001;20200801;51219000;CompteLib_0030;;;Non dispo;20200801;EcritureLib_0047;;0,00;25,20;C;080010001;;
BPN;BANQUE POPULAIRE DU NORD;080010002;20200803;51150000;CompteLib_0053;;;Non dispo;20200803;EcritureLib_0072;;0,00;334,21;C;080010002;;
BPN;BANQUE POPULAIRE DU NORD;080010002;20200803;51150000;CompteLib_0053;;;Non dispo;20200803;EcritureLib_0072;;0,00;247,22;C;080010002;;
BPN;BANQUE POPULAIRE DU NORD;080010002;20200803;51150000;CompteLib_0053;;;Non dispo;20200803;EcritureLib_0072;;0,00;543,83;C;080010002;;
BPN;BANQUE POPULAIRE DU NORD;080010002;20200803;51150000;CompteLib_0053;;;Non dispo;20200803;EcritureLib_0072;;0,00;1869,33;C;080010002;;
BPN;BANQUE POPULAIRE DU NORD;080010002;20200803;51150000;CompteLib_0053;;;Non dispo;20200803;EcritureLib_0072;;0,00;193,50;C;080010002;;
BPN;BANQUE POPULAIRE DU NORD;080010002;20200803;51150000;CompteLib_0053;;;Non dispo;20200803;EcritureLib_0072;;0,00;64,80;C;080010002;;
BPN;BANQUE POPULAIRE DU NORD;080010002;20200803;51150000;CompteLib_0053;;;Non dispo;20200803;EcritureLib_0072;;0,00;961,30;C;080010002;;
BPN;BANQUE POPULAIRE DU NORD;080010002;20200803;51150000;CompteLib_0053;;;Non dispo;20200803;EcritureLib_0072;;0,00;376,79;C;080010002;;
BPN;BANQUE POPULAIRE DU NORD;080010002;20200803;40100000;CompteLib_0015;401RESTS;RESTO SERVICE ;Non dispo;20200803;EcritureLib_0010;;235,86;0,00;D;080010002;;
BPN;BANQUE POPULAIRE DU NORD;080010002;20200803;51150000;CompteLib_0053;;;Non dispo;20200803;EcritureLib_0072;;0,00;307,11;C;080010002;;
BPN;BANQUE POPULAIRE DU NORD;080010002;20200803;51150000;CompteLib_0053;;;Non dispo;20200803;EcritureLib_0072;;0,00;73,83;C;080010002;;
BPN;BANQUE POPULAIRE DU NORD;080010002;20200803;51150000;CompteLib_0053;;;Non dispo;20200803;EcritureLib_0072;;0,00;708,49;C;080010002;;
BPN;BANQUE POPULAIRE DU NORD;080010002;20200803;51150000;CompteLib_0053;;;Non dispo;20200803;EcritureLib_0072;;0,00;458,72;C;080010002;;
BPN;BANQUE POPULAIRE DU NORD;080010002;20200803;51219000;CompteLib_0030;;;Non dispo;20200803;EcritureLib_0047;;0,00;235,86;C;080010002;;
BPN;BANQUE POPULAIRE DU NORD;080010002;20200803;51219000;CompteLib_0030;;;Non dispo;20200803;EcritureLib_0047;;6139,13;0,00;D;080010002;;
BPN;BANQUE POPULAIRE DU NORD;080010003;20200805;40100000;CompteLib_0015;401METRO;METRO ;Non dispo;20200805;EcritureLib_0020;;68,40;0,00;D;080010003;;
BPN;BANQUE POPULAIRE DU NORD;080010003;20200805;51150000;CompteLib_0053;;;Non dispo;20200805;EcritureLib_0072;;0,00;18,86;C;080010003;;
BPN;BANQUE POPULAIRE DU NORD;080010003;20200805;51150000;CompteLib_0053;;;Non dispo;20200805;EcritureLib_0072;;0,00;110,35;C;080010003;;
BPN;BANQUE POPULAIRE DU NORD;080010003;20200805;51150000;CompteLib_0053;;;Non dispo;20200805;EcritureLib_0072;;0,00;39,20;C;080010003;;
BPN;BANQUE POPULAIRE DU NORD;080010003;20200805;51150000;CompteLib_0053;;;Non dispo;20200805;EcritureLib_0072;;0,00;618,20;C;080010003;;
BPN;BANQUE POPULAIRE DU NORD;080010003;20200805;51219000;CompteLib_0030;;;Non dispo;20200805;EcritureLib_0047;;0,00;68,40;C;080010003;;
BPN;BANQUE POPULAIRE DU NORD;080010003;20200805;51219000;CompteLib_0030;;;Non dispo;20200805;EcritureLib_0047;;786,61;0,00;D;080010003;;
BPN;BANQUE POPULAIRE DU NORD;080010004;20200806;40100000;CompteLib_0015;401PROMO;PROMOCASH ;Non dispo;20200806;EcritureLib_0022;;72,71;0,00;D;080010004;;
BPN;BANQUE POPULAIRE DU NORD;080010004;20200806;62780000;CompteLib_0049;;;Non dispo;20200806;EcritureLib_0048;;42,69;0,00;D;080010004;;
BPN;BANQUE POPULAIRE DU NORD;080010004;20200806;51150000;CompteLib_0053;;;Non dispo;20200806;EcritureLib_0072;;0,00;130,29;C;080010004;;
BPN;BANQUE POPULAIRE DU NORD;080010004;20200806;51150000;CompteLib_0053;;;Non dispo;20200806;EcritureLib_0072;;0,00;217,01;C;080010004;;
BPN;BANQUE POPULAIRE DU NORD;080010004;20200806;51150000;CompteLib_0053;;;Non dispo;20200806;EcritureLib_0072;;0,00;702,49;C;080010004;;
BPN;BANQUE POPULAIRE DU NORD;080010004;20200806;53000000;CompteLib_0031;;;Non dispo;20200806;EcritureLib_0065;;0,00;1090,00;C;080010004;;
BPN;BANQUE POPULAIRE DU NORD;080010004;20200806;53000000;CompteLib_0031;;;Non dispo;20200806;EcritureLib_0065;;0,00;610,00;C;080010004;;
BPN;BANQUE POPULAIRE DU NORD;080010004;20200806;53000000;CompteLib_0031;;;Non dispo;20200806;EcritureLib_0065;;0,00;1270,00;C;080010004;;
BPN;BANQUE POPULAIRE DU NORD;080010004;20200806;53000000;CompteLib_0031;;;Non dispo;20200806;EcritureLib_0065;;0,00;1480,00;C;080010004;;
BPN;BANQUE POPULAIRE DU NORD;080010004;20200806;53000000;CompteLib_0031;;;Non dispo;20200806;EcritureLib_0065;;0,00;720,00;C;080010004;;
BPN;BANQUE POPULAIRE DU NORD;080010004;20200806;53000000;CompteLib_0031;;;Non dispo;20200806;EcritureLib_0065;;0,00;1550,00;C;080010004;;
BPN;BANQUE POPULAIRE DU NORD;080010004;20200806;53000000;CompteLib_0031;;;Non dispo;20200806;EcritureLib_0065;;0,00;600,00;C;080010004;;
BPN;BANQUE POPULAIRE DU NORD;080010004;20200806;53000000;CompteLib_0031;;;Non dispo;20200806;EcritureLib_0065;;0,00;700,00;C;080010004;;
BPN;BANQUE POPULAIRE DU NORD;080010004;20200806;51150000;CompteLib_0053;;;Non dispo;20200806;EcritureLib_0072;;0,00;743,35;C;080010004;;
BPN;BANQUE POPULAIRE DU NORD;080010004;20200806;51219000;CompteLib_0030;;;Non dispo;20200806;EcritureLib_0047;;0,00;115,40;C;080010004;;
BPN;BANQUE POPULAIRE DU NORD;080010004;20200806;51219000;CompteLib_0030;;;Non dispo;20200806;EcritureLib_0047;;9813,14;0,00;D;080010004;;
BPN;BANQUE POPULAIRE DU NORD;080010005;20200807;51150000;CompteLib_0053;;;Non dispo;20200807;EcritureLib_0072;;0,00;336,85;C;080010005;;
BPN;BANQUE POPULAIRE DU NORD;080010005;20200807;51150000;CompteLib_0053;;;Non dispo;20200807;EcritureLib_0072;;0,00;228,13;C;080010005;;
BPN;BANQUE POPULAIRE DU NORD;080010005;20200807;51150000;CompteLib_0053;;;Non dispo;20200807;EcritureLib_0072;;0,00;385,93;C;080010005;;
BPN;BANQUE POPULAIRE DU NORD;080010005;20200807;51150000;CompteLib_0053;;;Non dispo;20200807;EcritureLib_0072;;0,00;836,37;C;080010005;;
BPN;BANQUE POPULAIRE DU NORD;080010005;20200807;51219000;CompteLib_0030;;;Non dispo;20200807;EcritureLib_0047;;1787,28;0,00;D;080010005;;
BPN;BANQUE POPULAIRE DU NORD;080010006;20200808;53000000;CompteLib_0031;;;Non dispo;20200808;EcritureLib_0065;;725,00;0,00;D;080010006;;
BPN;BANQUE POPULAIRE DU NORD;080010006;20200808;51219000;CompteLib_0030;;;Non dispo;20200808;EcritureLib_0047;;0,00;725,00;C;080010006;;
BPN;BANQUE POPULAIRE DU NORD;080010007;20200810;40100000;CompteLib_0015;401PRO00;PRO A PRO ;Non dispo;20200810;EcritureLib_0025;;178,90;0,00;D;080010007;;
BPN;BANQUE POPULAIRE DU NORD;080010007;20200810;51150000;CompteLib_0053;;;Non dispo;20200810;EcritureLib_0072;;0,00;748,99;C;080010007;;
BPN;BANQUE POPULAIRE DU NORD;080010007;20200810;51150000;CompteLib_0053;;;Non dispo;20200810;EcritureLib_0072;;0,00;533,57;C;080010007;;
BPN;BANQUE POPULAIRE DU NORD;080010007;20200810;51150000;CompteLib_0053;;;Non dispo;20200810;EcritureLib_0072;;0,00;764,38;C;080010007;;
BPN;BANQUE POPULAIRE DU NORD;080010007;20200810;51150000;CompteLib_0053;;;Non dispo;20200810;EcritureLib_0072;;0,00;279,64;C;080010007;;
BPN;BANQUE POPULAIRE DU NORD;080010007;20200810;51150000;CompteLib_0053;;;Non dispo;20200810;EcritureLib_0072;;0,00;1072,47;C;080010007;;
BPN;BANQUE POPULAIRE DU NORD;080010007;20200810;40100000;CompteLib_0015;401DAVIG;DAVIGEL ;Non dispo;20200810;EcritureLib_0079;;1671,79;0,00;D;080010007;;
BPN;BANQUE POPULAIRE DU NORD;080010007;20200810;51150000;CompteLib_0053;;;Non dispo;20200810;EcritureLib_0072;;0,00;281,28;C;080010007;;
BPN;BANQUE POPULAIRE DU NORD;080010007;20200810;51150000;CompteLib_0053;;;Non dispo;20200810;EcritureLib_0072;;0,00;547,01;C;080010007;;
BPN;BANQUE POPULAIRE DU NORD;080010007;20200810;51150000;CompteLib_0053;;;Non dispo;20200810;EcritureLib_0072;;0,00;308,10;C;080010007;;
BPN;BANQUE POPULAIRE DU NORD;080010007;20200810;51150000;CompteLib_0053;;;Non dispo;20200810;EcritureLib_0072;;0,00;263,85;C;080010007;;
BPN;BANQUE POPULAIRE DU NORD;080010007;20200810;51219000;CompteLib_0030;;;Non dispo;20200810;EcritureLib_0047;;0,00;1850,69;C;080010007;;
BPN;BANQUE POPULAIRE DU NORD;080010007;20200810;51219000;CompteLib_0030;;;Non dispo;20200810;EcritureLib_0047;;4799,29;0,00;D;080010007;;
BPN;BANQUE POPULAIRE DU NORD;080010008;20200811;53000000;CompteLib_0031;;;Non dispo;20200811;EcritureLib_0065;;0,00;1560,00;C;080010008;;
BPN;BANQUE POPULAIRE DU NORD;080010008;20200811;53000000;CompteLib_0031;;;Non dispo;20200811;EcritureLib_0065;;1550,00;0,00;D;080010008;;
BPN;BANQUE POPULAIRE DU NORD;080010008;20200811;51150000;CompteLib_0053;;;Non dispo;20200811;EcritureLib_0072;;0,00;118,68;C;080010008;;
BPN;BANQUE POPULAIRE DU NORD;080010008;20200811;51150000;CompteLib_0053;;;Non dispo;20200811;EcritureLib_0072;;0,00;102,81;C;080010008;;
BPN;BANQUE POPULAIRE DU NORD;080010008;20200811;51150000;CompteLib_0053;;;Non dispo;20200811;EcritureLib_0072;;0,00;488,04;C;080010008;;
BPN;BANQUE POPULAIRE DU NORD;080010008;20200811;42100000;CompteLib_0018;;;Non dispo;20200811;EcritureLib_0094;;961,73;0,00;D;080010008;;
BPN;BANQUE POPULAIRE DU NORD;080010008;20200811;51219000;CompteLib_0030;;;Non dispo;20200811;EcritureLib_0047;;0,00;2511,73;C;080010008;;
BPN;BANQUE POPULAIRE DU NORD;080010008;20200811;51219000;CompteLib_0030;;;Non dispo;20200811;EcritureLib_0047;;2269,53;0,00;D;080010008;;
BPN;BANQUE POPULAIRE DU NORD;080010009;20200812;42100000;CompteLib_0018;;;Non dispo;20200812;EcritureLib_0095;;332,40;0,00;D;080010009;;
BPN;BANQUE POPULAIRE DU NORD;080010009;20200812;51150000;CompteLib_0053;;;Non dispo;20200812;EcritureLib_0072;;0,00;200,25;C;080010009;;
BPN;BANQUE POPULAIRE DU NORD;080010009;20200812;51150000;CompteLib_0053;;;Non dispo;20200812;EcritureLib_0072;;0,00;609,67;C;080010009;;
BPN;BANQUE POPULAIRE DU NORD;080010009;20200812;51150000;CompteLib_0053;;;Non dispo;20200812;EcritureLib_0072;;0,00;75,11;C;080010009;;
BPN;BANQUE POPULAIRE DU NORD;080010009;20200812;51219000;CompteLib_0030;;;Non dispo;20200812;EcritureLib_0047;;0,00;332,40;C;080010009;;
BPN;BANQUE POPULAIRE DU NORD;080010009;20200812;51219000;CompteLib_0030;;;Non dispo;20200812;EcritureLib_0047;;885,03;0,00;D;080010009;;
BPN;BANQUE POPULAIRE DU NORD;080010010;20200813;42100000;CompteLib_0018;;;Non dispo;20200813;EcritureLib_0096;;299,70;0,00;D;080010010;;
BPN;BANQUE POPULAIRE DU NORD;080010010;20200813;40100000;CompteLib_0015;401DIVER;DIVERS FOURNISSEURS ;Non dispo;20200813;EcritureLib_0097;;40,60;0,00;D;080010010;;
BPN;BANQUE POPULAIRE DU NORD;080010010;20200813;51150000;CompteLib_0053;;;Non dispo;20200813;EcritureLib_0072;;0,00;44,75;C;080010010;;
BPN;BANQUE POPULAIRE DU NORD;080010010;20200813;51150000;CompteLib_0053;;;Non dispo;20200813;EcritureLib_0072;;0,00;206,80;C;080010010;;
BPN;BANQUE POPULAIRE DU NORD;080010010;20200813;53000000;CompteLib_0031;;;Non dispo;20200813;EcritureLib_0065;;675,00;0,00;D;080010010;;
BPN;BANQUE POPULAIRE DU NORD;080010010;20200813;42100000;CompteLib_0018;;;Non dispo;20200813;EcritureLib_0098;;623,22;0,00;D;080010010;;
BPN;BANQUE POPULAIRE DU NORD;080010010;20200813;51150000;CompteLib_0053;;;Non dispo;20200813;EcritureLib_0072;;0,00;360,72;C;080010010;;
BPN;BANQUE POPULAIRE DU NORD;080010010;20200813;51150000;CompteLib_0053;;;Non dispo;20200813;EcritureLib_0072;;0,00;722,70;C;080010010;;
BPN;BANQUE POPULAIRE DU NORD;080010010;20200813;51219000;CompteLib_0030;;;Non dispo;20200813;EcritureLib_0047;;0,00;1638,52;C;080010010;;
BPN;BANQUE POPULAIRE DU NORD;080010010;20200813;51219000;CompteLib_0030;;;Non dispo;20200813;EcritureLib_0047;;1334,97;0,00;D;080010010;;
BPN;BANQUE POPULAIRE DU NORD;080010011;20200814;51150000;CompteLib_0053;;;Non dispo;20200814;EcritureLib_0072;;0,00;28,28;C;080010011;;
BPN;BANQUE POPULAIRE DU NORD;080010011;20200814;51150000;CompteLib_0053;;;Non dispo;20200814;EcritureLib_0072;;0,00;60,63;C;080010011;;
BPN;BANQUE POPULAIRE DU NORD;080010011;20200814;51150000;CompteLib_0053;;;Non dispo;20200814;EcritureLib_0072;;0,00;9,92;C;080010011;;
BPN;BANQUE POPULAIRE DU NORD;080010011;20200814;51150000;CompteLib_0053;;;Non dispo;20200814;EcritureLib_0072;;0,00;181,49;C;080010011;;
BPN;BANQUE POPULAIRE DU NORD;080010011;20200814;51219000;CompteLib_0030;;;Non dispo;20200814;EcritureLib_0047;;280,32;0,00;D;080010011;;
BPN;BANQUE POPULAIRE DU NORD;080010012;20200817;40100000;CompteLib_0015;401FRANC;FRANCE BOISSONS ;Non dispo;20200817;EcritureLib_0009;;5821,12;0,00;D;080010012;;
BPN;BANQUE POPULAIRE DU NORD;080010012;20200817;51150000;CompteLib_0053;;;Non dispo;20200817;EcritureLib_0072;;0,00;4,96;C;080010012;;
BPN;BANQUE POPULAIRE DU NORD;080010012;20200817;51150000;CompteLib_0053;;;Non dispo;20200817;EcritureLib_0072;;0,00;262,26;C;080010012;;
BPN;BANQUE POPULAIRE DU NORD;080010012;20200817;51150000;CompteLib_0053;;;Non dispo;20200817;EcritureLib_0072;;0,00;13,89;C;080010012;;
BPN;BANQUE POPULAIRE DU NORD;080010012;20200817;51150000;CompteLib_0053;;;Non dispo;20200817;EcritureLib_0072;;0,00;17,37;C;080010012;;
BPN;BANQUE POPULAIRE DU NORD;080010012;20200817;51150000;CompteLib_0053;;;Non dispo;20200817;EcritureLib_0072;;0,00;92,09;C;080010012;;
BPN;BANQUE POPULAIRE DU NORD;080010012;20200817;51150000;CompteLib_0053;;;Non dispo;20200817;EcritureLib_0072;;0,00;79,18;C;080010012;;
BPN;BANQUE POPULAIRE DU NORD;080010012;20200817;51150000;CompteLib_0053;;;Non dispo;20200817;EcritureLib_0072;;0,00;163,43;C;080010012;;
BPN;BANQUE POPULAIRE DU NORD;080010012;20200817;40100000;CompteLib_0015;401RESTS;RESTO SERVICE ;Non dispo;20200817;EcritureLib_0010;;502,73;0,00;D;080010012;;
BPN;BANQUE POPULAIRE DU NORD;080010012;20200817;42100000;CompteLib_0018;;;Non dispo;20200817;EcritureLib_0099;;429,14;0,00;D;080010012;;
BPN;BANQUE POPULAIRE DU NORD;080010012;20200817;51150000;CompteLib_0053;;;Non dispo;20200817;EcritureLib_0072;;0,00;38,60;C;080010012;;
BPN;BANQUE POPULAIRE DU NORD;080010012;20200817;51150000;CompteLib_0053;;;Non dispo;20200817;EcritureLib_0072;;0,00;133,77;C;080010012;;
BPN;BANQUE POPULAIRE DU NORD;080010012;20200817;51150000;CompteLib_0053;;;Non dispo;20200817;EcritureLib_0072;;0,00;104,37;C;080010012;;
BPN;BANQUE POPULAIRE DU NORD;080010012;20200817;51219000;CompteLib_0030;;;Non dispo;20200817;EcritureLib_0047;;0,00;6752,99;C;080010012;;
BPN;BANQUE POPULAIRE DU NORD;080010012;20200817;51219000;CompteLib_0030;;;Non dispo;20200817;EcritureLib_0047;;909,92;0,00;D;080010012;;
BPN;BANQUE POPULAIRE DU NORD;080010013;20200818;51150000;CompteLib_0053;;;Non dispo;20200818;EcritureLib_0072;;0,00;9,53;C;080010013;;
BPN;BANQUE POPULAIRE DU NORD;080010013;20200818;51150000;CompteLib_0053;;;Non dispo;20200818;EcritureLib_0072;;0,00;187,93;C;080010013;;
BPN;BANQUE POPULAIRE DU NORD;080010013;20200818;53000000;CompteLib_0031;;;Non dispo;20200818;EcritureLib_0065;;0,00;1930,00;C;080010013;;
BPN;BANQUE POPULAIRE DU NORD;080010013;20200818;53000000;CompteLib_0031;;;Non dispo;20200818;EcritureLib_0065;;0,00;2770,00;C;080010013;;
BPN;BANQUE POPULAIRE DU NORD;080010013;20200818;53000000;CompteLib_0031;;;Non dispo;20200818;EcritureLib_0065;;0,00;760,00;C;080010013;;
BPN;BANQUE POPULAIRE DU NORD;080010013;20200818;53000000;CompteLib_0031;;;Non dispo;20200818;EcritureLib_0065;;0,00;1940,00;C;080010013;;
BPN;BANQUE POPULAIRE DU NORD;080010013;20200818;53000000;CompteLib_0031;;;Non dispo;20200818;EcritureLib_0065;;0,00;1510,00;C;080010013;;
BPN;BANQUE POPULAIRE DU NORD;080010013;20200818;53000000;CompteLib_0031;;;Non dispo;20200818;EcritureLib_0065;;0,00;1620,00;C;080010013;;
BPN;BANQUE POPULAIRE DU NORD;080010013;20200818;53000000;CompteLib_0031;;;Non dispo;20200818;EcritureLib_0065;;0,00;1110,00;C;080010013;;
BPN;BANQUE POPULAIRE DU NORD;080010013;20200818;53000000;CompteLib_0031;;;Non dispo;20200818;EcritureLib_0065;;0,00;2410,00;C;080010013;;
BPN;BANQUE POPULAIRE DU NORD;080010013;20200818;53000000;CompteLib_0031;;;Non dispo;20200818;EcritureLib_0065;;0,00;1300,00;C;080010013;;
BPN;BANQUE POPULAIRE DU NORD;080010013;20200818;53000000;CompteLib_0031;;;Non dispo;20200818;EcritureLib_0065;;0,00;770,00;C;080010013;;
BPN;BANQUE POPULAIRE DU NORD;080010013;20200818;51150000;CompteLib_0053;;;Non dispo;20200818;EcritureLib_0072;;0,00;47,03;C;080010013;;
BPN;BANQUE POPULAIRE DU NORD;080010013;20200818;51150000;CompteLib_0053;;;Non dispo;20200818;EcritureLib_0072;;0,00;254,35;C;080010013;;
BPN;BANQUE POPULAIRE DU NORD;080010013;20200818;51219000;CompteLib_0030;;;Non dispo;20200818;EcritureLib_0047;;16618,84;0,00;D;080010013;;
BPN;BANQUE POPULAIRE DU NORD;080010014;20200819;40100000;CompteLib_0015;401PRO00;PRO A PRO ;Non dispo;20200819;EcritureLib_0025;;175,16;0,00;D;080010014;;
BPN;BANQUE POPULAIRE DU NORD;080010014;20200819;51150000;CompteLib_0053;;;Non dispo;20200819;EcritureLib_0072;;0,00;14,09;C;080010014;;
BPN;BANQUE POPULAIRE DU NORD;080010014;20200819;51150000;CompteLib_0053;;;Non dispo;20200819;EcritureLib_0072;;0,00;238,94;C;080010014;;
BPN;BANQUE POPULAIRE DU NORD;080010014;20200819;51150000;CompteLib_0053;;;Non dispo;20200819;EcritureLib_0072;;0,00;258,60;C;080010014;;
BPN;BANQUE POPULAIRE DU NORD;080010014;20200819;51150000;CompteLib_0053;;;Non dispo;20200819;EcritureLib_0072;;0,00;438,29;C;080010014;;
BPN;BANQUE POPULAIRE DU NORD;080010014;20200819;51219000;CompteLib_0030;;;Non dispo;20200819;EcritureLib_0047;;0,00;175,16;C;080010014;;
BPN;BANQUE POPULAIRE DU NORD;080010014;20200819;51219000;CompteLib_0030;;;Non dispo;20200819;EcritureLib_0047;;949,92;0,00;D;080010014;;
BPN;BANQUE POPULAIRE DU NORD;080010015;20200820;40100000;CompteLib_0015;401DEHON;DEHONT ;Non dispo;20200820;EcritureLib_0100;;364,80;0,00;D;080010015;;
BPN;BANQUE POPULAIRE DU NORD;080010015;20200820;40100000;CompteLib_0015;401DAVIG;DAVIGEL ;Non dispo;20200820;EcritureLib_0079;;1986,45;0,00;D;080010015;;
BPN;BANQUE POPULAIRE DU NORD;080010015;20200820;51150000;CompteLib_0053;;;Non dispo;20200820;EcritureLib_0072;;0,00;102,00;C;080010015;;
BPN;BANQUE POPULAIRE DU NORD;080010015;20200820;51150000;CompteLib_0053;;;Non dispo;20200820;EcritureLib_0072;;0,00;370,84;C;080010015;;
BPN;BANQUE POPULAIRE DU NORD;080010015;20200820;51219000;CompteLib_0030;;;Non dispo;20200820;EcritureLib_0047;;0,00;2351,25;C;080010015;;
BPN;BANQUE POPULAIRE DU NORD;080010015;20200820;51219000;CompteLib_0030;;;Non dispo;20200820;EcritureLib_0047;;472,84;0,00;D;080010015;;
BPN;BANQUE POPULAIRE DU NORD;080010016;20200821;51150000;CompteLib_0053;;;Non dispo;20200821;EcritureLib_0072;;0,00;116,70;C;080010016;;
BPN;BANQUE POPULAIRE DU NORD;080010016;20200821;51150000;CompteLib_0053;;;Non dispo;20200821;EcritureLib_0072;;0,00;628,33;C;080010016;;
BPN;BANQUE POPULAIRE DU NORD;080010016;20200821;51219100;CompteLib_0050;;;Non dispo;20200821;EcritureLib_0101;;30000,00;0,00;D;080010016;;
BPN;BANQUE POPULAIRE DU NORD;080010016;20200821;51150000;CompteLib_0053;;;Non dispo;20200821;EcritureLib_0072;;0,00;163,42;C;080010016;;
BPN;BANQUE POPULAIRE DU NORD;080010016;20200821;51150000;CompteLib_0053;;;Non dispo;20200821;EcritureLib_0072;;0,00;609,30;C;080010016;;
BPN;BANQUE POPULAIRE DU NORD;080010016;20200821;51219000;CompteLib_0030;;;Non dispo;20200821;EcritureLib_0047;;0,00;30000,00;C;080010016;;
BPN;BANQUE POPULAIRE DU NORD;080010016;20200821;51219000;CompteLib_0030;;;Non dispo;20200821;EcritureLib_0047;;1517,75;0,00;D;080010016;;
BPN;BANQUE POPULAIRE DU NORD;080010017;20200824;51150000;CompteLib_0053;;;Non dispo;20200824;EcritureLib_0072;;0,00;137,44;C;080010017;;
BPN;BANQUE POPULAIRE DU NORD;080010017;20200824;51150000;CompteLib_0053;;;Non dispo;20200824;EcritureLib_0072;;0,00;98,34;C;080010017;;
BPN;BANQUE POPULAIRE DU NORD;080010017;20200824;51150000;CompteLib_0053;;;Non dispo;20200824;EcritureLib_0072;;0,00;135,06;C;080010017;;
BPN;BANQUE POPULAIRE DU NORD;080010017;20200824;51150000;CompteLib_0053;;;Non dispo;20200824;EcritureLib_0072;;0,00;818,34;C;080010017;;
BPN;BANQUE POPULAIRE DU NORD;080010017;20200824;51150000;CompteLib_0053;;;Non dispo;20200824;EcritureLib_0072;;0,00;69,95;C;080010017;;
BPN;BANQUE POPULAIRE DU NORD;080010017;20200824;51150000;CompteLib_0053;;;Non dispo;20200824;EcritureLib_0072;;0,00;462,43;C;080010017;;
BPN;BANQUE POPULAIRE DU NORD;080010017;20200824;51150000;CompteLib_0053;;;Non dispo;20200824;EcritureLib_0072;;0,00;14,88;C;080010017;;
BPN;BANQUE POPULAIRE DU NORD;080010017;20200824;51150000;CompteLib_0053;;;Non dispo;20200824;EcritureLib_0072;;0,00;270,30;C;080010017;;
BPN;BANQUE POPULAIRE DU NORD;080010017;20200824;51150000;CompteLib_0053;;;Non dispo;20200824;EcritureLib_0072;;0,00;46,35;C;080010017;;
BPN;BANQUE POPULAIRE DU NORD;080010017;20200824;51150000;CompteLib_0053;;;Non dispo;20200824;EcritureLib_0072;;0,00;518,97;C;080010017;;
BPN;BANQUE POPULAIRE DU NORD;080010017;20200824;51150000;CompteLib_0053;;;Non dispo;20200824;EcritureLib_0072;;0,00;235,11;C;080010017;;
BPN;BANQUE POPULAIRE DU NORD;080010017;20200824;51219000;CompteLib_0030;;;Non dispo;20200824;EcritureLib_0047;;2807,17;0,00;D;080010017;;
BPN;BANQUE POPULAIRE DU NORD;080010018;20200825;51150000;CompteLib_0053;;;Non dispo;20200825;EcritureLib_0072;;0,00;49,61;C;080010018;;
BPN;BANQUE POPULAIRE DU NORD;080010018;20200825;51150000;CompteLib_0053;;;Non dispo;20200825;EcritureLib_0072;;0,00;11,21;C;080010018;;
BPN;BANQUE POPULAIRE DU NORD;080010018;20200825;51150000;CompteLib_0053;;;Non dispo;20200825;EcritureLib_0072;;0,00;138,63;C;080010018;;
BPN;BANQUE POPULAIRE DU NORD;080010018;20200825;51150000;CompteLib_0053;;;Non dispo;20200825;EcritureLib_0072;;0,00;92,19;C;080010018;;
BPN;BANQUE POPULAIRE DU NORD;080010018;20200825;40100000;CompteLib_0015;401DIVER;DIVERS FOURNISSEURS ;Non dispo;20200825;EcritureLib_0102;;134,20;0,00;D;080010018;;
BPN;BANQUE POPULAIRE DU NORD;080010018;20200825;51219000;CompteLib_0030;;;Non dispo;20200825;EcritureLib_0047;;0,00;134,20;C;080010018;;
BPN;BANQUE POPULAIRE DU NORD;080010018;20200825;51219000;CompteLib_0030;;;Non dispo;20200825;EcritureLib_0047;;291,64;0,00;D;080010018;;
BPN;BANQUE POPULAIRE DU NORD;080010019;20200827;51150000;CompteLib_0053;;;Non dispo;20200827;EcritureLib_0072;;0,00;52,00;C;080010019;;
BPN;BANQUE POPULAIRE DU NORD;080010019;20200827;51150000;CompteLib_0053;;;Non dispo;20200827;EcritureLib_0072;;0,00;72,63;C;080010019;;
BPN;BANQUE POPULAIRE DU NORD;080010019;20200827;51150000;CompteLib_0053;;;Non dispo;20200827;EcritureLib_0072;;0,00;116,98;C;080010019;;
BPN;BANQUE POPULAIRE DU NORD;080010019;20200827;51219000;CompteLib_0030;;;Non dispo;20200827;EcritureLib_0047;;241,61;0,00;D;080010019;;
BPN;BANQUE POPULAIRE DU NORD;080010020;20200828;51150000;CompteLib_0053;;;Non dispo;20200828;EcritureLib_0072;;0,00;179,70;C;080010020;;
BPN;BANQUE POPULAIRE DU NORD;080010020;20200828;51150000;CompteLib_0053;;;Non dispo;20200828;EcritureLib_0072;;0,00;359,70;C;080010020;;
BPN;BANQUE POPULAIRE DU NORD;080010020;20200828;51150000;CompteLib_0053;;;Non dispo;20200828;EcritureLib_0072;;0,00;93,58;C;080010020;;
BPN;BANQUE POPULAIRE DU NORD;080010020;20200828;51219000;CompteLib_0030;;;Non dispo;20200828;EcritureLib_0047;;632,98;0,00;D;080010020;;
BPN;BANQUE POPULAIRE DU NORD;080010021;20200829;53000000;CompteLib_0031;;;Non dispo;20200829;EcritureLib_0065;;0,00;360,00;C;080010021;;
BPN;BANQUE POPULAIRE DU NORD;080010021;20200829;53000000;CompteLib_0031;;;Non dispo;20200829;EcritureLib_0065;;0,00;650,00;C;080010021;;
BPN;BANQUE POPULAIRE DU NORD;080010021;20200829;53000000;CompteLib_0031;;;Non dispo;20200829;EcritureLib_0065;;0,00;675,00;C;080010021;;
BPN;BANQUE POPULAIRE DU NORD;080010021;20200829;53000000;CompteLib_0031;;;Non dispo;20200829;EcritureLib_0065;;0,00;1000,00;C;080010021;;
BPN;BANQUE POPULAIRE DU NORD;080010021;20200829;53000000;CompteLib_0031;;;Non dispo;20200829;EcritureLib_0065;;0,00;1210,00;C;080010021;;
BPN;BANQUE POPULAIRE DU NORD;080010021;20200829;53000000;CompteLib_0031;;;Non dispo;20200829;EcritureLib_0065;;0,00;720,00;C;080010021;;
BPN;BANQUE POPULAIRE DU NORD;080010021;20200829;53000000;CompteLib_0031;;;Non dispo;20200829;EcritureLib_0065;;0,00;1000,00;C;080010021;;
BPN;BANQUE POPULAIRE DU NORD;080010021;20200829;53000000;CompteLib_0031;;;Non dispo;20200829;EcritureLib_0065;;0,00;910,00;C;080010021;;
BPN;BANQUE POPULAIRE DU NORD;080010021;20200829;53000000;CompteLib_0031;;;Non dispo;20200829;EcritureLib_0065;;0,00;580,00;C;080010021;;
BPN;BANQUE POPULAIRE DU NORD;080010021;20200829;53000000;CompteLib_0031;;;Non dispo;20200829;EcritureLib_0065;;0,00;570,00;C;080010021;;
BPN;BANQUE POPULAIRE DU NORD;080010021;20200829;53000000;CompteLib_0031;;;Non dispo;20200829;EcritureLib_0065;;0,00;905,00;C;080010021;;
BPN;BANQUE POPULAIRE DU NORD;080010021;20200829;53000000;CompteLib_0031;;;Non dispo;20200829;EcritureLib_0065;;0,00;275,00;C;080010021;;
BPN;BANQUE POPULAIRE DU NORD;080010021;20200829;53000000;CompteLib_0031;;;Non dispo;20200829;EcritureLib_0065;;0,00;570,00;C;080010021;;
BPN;BANQUE POPULAIRE DU NORD;080010021;20200829;53000000;CompteLib_0031;;;Non dispo;20200829;EcritureLib_0065;;0,00;5,00;C;080010021;;
BPN;BANQUE POPULAIRE DU NORD;080010021;20200829;51219000;CompteLib_0030;;;Non dispo;20200829;EcritureLib_0047;;9430,00;0,00;D;080010021;;
BPN;BANQUE POPULAIRE DU NORD;080010022;20200831;40100000;CompteLib_0015;401PRO00;PRO A PRO ;Non dispo;20200831;EcritureLib_0025;;342,22;0,00;D;080010022;;
BPN;BANQUE POPULAIRE DU NORD;080010022;20200831;40100000;CompteLib_0015;401FRANC;FRANCE BOISSONS ;Non dispo;20200831;EcritureLib_0009;;5149,18;0,00;D;080010022;;
BPN;BANQUE POPULAIRE DU NORD;080010022;20200831;40100000;CompteLib_0015;401POMON;POMONA ;Non dispo;20200831;EcritureLib_0103;;145,89;0,00;D;080010022;;
BPN;BANQUE POPULAIRE DU NORD;080010022;20200831;40100000;CompteLib_0015;401EDF00;EDF ;Non dispo;20200831;EcritureLib_0005;;900,07;0,00;D;080010022;;
BPN;BANQUE POPULAIRE DU NORD;080010022;20200831;40100000;CompteLib_0015;401DAVIG;DAVIGEL ;Non dispo;20200831;EcritureLib_0079;;2403,26;0,00;D;080010022;;
BPN;BANQUE POPULAIRE DU NORD;080010022;20200831;51150000;CompteLib_0053;;;Non dispo;20200831;EcritureLib_0072;;0,00;4,96;C;080010022;;
BPN;BANQUE POPULAIRE DU NORD;080010022;20200831;51150000;CompteLib_0053;;;Non dispo;20200831;EcritureLib_0072;;0,00;83,06;C;080010022;;
BPN;BANQUE POPULAIRE DU NORD;080010022;20200831;40100000;CompteLib_0015;401LIDL0;LIDL ;Non dispo;20200831;EcritureLib_0092;;304,85;0,00;D;080010022;;
BPN;BANQUE POPULAIRE DU NORD;080010022;20200831;40100000;CompteLib_0015;401PROMO;PROMOCASH ;Non dispo;20200831;EcritureLib_0104;;329,10;0,00;D;080010022;;
BPN;BANQUE POPULAIRE DU NORD;080010022;20200831;62780000;CompteLib_0049;;;Non dispo;20200831;EcritureLib_0048;;25,20;0,00;D;080010022;;
BPN;BANQUE POPULAIRE DU NORD;080010022;20200831;51219000;CompteLib_0030;;;Non dispo;20200831;EcritureLib_0047;;0,00;9599,77;C;080010022;;
BPN;BANQUE POPULAIRE DU NORD;080010022;20200831;51219000;CompteLib_0030;;;Non dispo;20200831;EcritureLib_0047;;88,02;0,00;D;080010022;;
BPN;BANQUE POPULAIRE DU NORD;090010001;20200901;40100000;CompteLib_0015;401RESTS;RESTO SERVICE ;Non dispo;20200901;EcritureLib_0010;;884,38;0,00;D;090010001;;
BPN;BANQUE POPULAIRE DU NORD;090010001;20200901;62780000;CompteLib_0049;;;Non dispo;20200901;EcritureLib_0048;;25,20;0,00;D;090010001;;
BPN;BANQUE POPULAIRE DU NORD;090010001;20200901;51150000;CompteLib_0053;;;Non dispo;20200901;EcritureLib_0072;;0,00;38,90;C;090010001;;
BPN;BANQUE POPULAIRE DU NORD;090010001;20200901;51150000;CompteLib_0053;;;Non dispo;20200901;EcritureLib_0072;;0,00;28,98;C;090010001;;
BPN;BANQUE POPULAIRE DU NORD;090010001;20200901;51150000;CompteLib_0053;;;Non dispo;20200901;EcritureLib_0072;;0,00;42,97;C;090010001;;
BPN;BANQUE POPULAIRE DU NORD;090010001;20200901;51150000;CompteLib_0053;;;Non dispo;20200901;EcritureLib_0072;;0,00;124,23;C;090010001;;
BPN;BANQUE POPULAIRE DU NORD;090010001;20200901;51219000;CompteLib_0030;;;Non dispo;20200901;EcritureLib_0047;;0,00;909,58;C;090010001;;
BPN;BANQUE POPULAIRE DU NORD;090010001;20200901;51219000;CompteLib_0030;;;Non dispo;20200901;EcritureLib_0047;;235,08;0,00;D;090010001;;
BPN;BANQUE POPULAIRE DU NORD;090010002;20200902;51150000;CompteLib_0053;;;Non dispo;20200902;EcritureLib_0072;;0,00;20,05;C;090010002;;
BPN;BANQUE POPULAIRE DU NORD;090010002;20200902;51150000;CompteLib_0053;;;Non dispo;20200902;EcritureLib_0072;;0,00;150,14;C;090010002;;
BPN;BANQUE POPULAIRE DU NORD;090010002;20200902;51219000;CompteLib_0030;;;Non dispo;20200902;EcritureLib_0047;;170,19;0,00;D;090010002;;
BPN;BANQUE POPULAIRE DU NORD;090010003;20200903;51150000;CompteLib_0053;;;Non dispo;20200903;EcritureLib_0072;;0,00;25,60;C;090010003;;
BPN;BANQUE POPULAIRE DU NORD;090010003;20200903;51150000;CompteLib_0053;;;Non dispo;20200903;EcritureLib_0072;;0,00;30,27;C;090010003;;
BPN;BANQUE POPULAIRE DU NORD;090010003;20200903;51150000;CompteLib_0053;;;Non dispo;20200903;EcritureLib_0072;;0,00;183,29;C;090010003;;
BPN;BANQUE POPULAIRE DU NORD;090010003;20200903;40100000;CompteLib_0015;401ENGIE;ENGIE ;Non dispo;20200903;EcritureLib_0016;;0,00;106,26;C;090010003;;
BPN;BANQUE POPULAIRE DU NORD;090010003;20200903;51219000;CompteLib_0030;;;Non dispo;20200903;EcritureLib_0047;;345,42;0,00;D;090010003;;
BPN;BANQUE POPULAIRE DU NORD;090010004;20200904;51150000;CompteLib_0053;;;Non dispo;20200904;EcritureLib_0072;;0,00;60,64;C;090010004;;
BPN;BANQUE POPULAIRE DU NORD;090010004;20200904;51150000;CompteLib_0053;;;Non dispo;20200904;EcritureLib_0072;;0,00;77,40;C;090010004;;
BPN;BANQUE POPULAIRE DU NORD;090010004;20200904;42100000;CompteLib_0018;;;Non dispo;20200904;EcritureLib_0090;;1198,66;0,00;D;090010004;;
BPN;BANQUE POPULAIRE DU NORD;090010004;20200904;51219000;CompteLib_0030;;;Non dispo;20200904;EcritureLib_0047;;0,00;1198,66;C;090010004;;
BPN;BANQUE POPULAIRE DU NORD;090010004;20200904;51219000;CompteLib_0030;;;Non dispo;20200904;EcritureLib_0047;;138,04;0,00;D;090010004;;
BPN;BANQUE POPULAIRE DU NORD;090010005;20200907;51150000;CompteLib_0053;;;Non dispo;20200907;EcritureLib_0072;;0,00;44,36;C;090010005;;
BPN;BANQUE POPULAIRE DU NORD;090010005;20200907;51150000;CompteLib_0053;;;Non dispo;20200907;EcritureLib_0072;;0,00;48,82;C;090010005;;
BPN;BANQUE POPULAIRE DU NORD;090010005;20200907;51150000;CompteLib_0053;;;Non dispo;20200907;EcritureLib_0072;;0,00;170,58;C;090010005;;
BPN;BANQUE POPULAIRE DU NORD;090010005;20200907;51150000;CompteLib_0053;;;Non dispo;20200907;EcritureLib_0072;;0,00;181,30;C;090010005;;
BPN;BANQUE POPULAIRE DU NORD;090010005;20200907;51150000;CompteLib_0053;;;Non dispo;20200907;EcritureLib_0072;;0,00;135,45;C;090010005;;
BPN;BANQUE POPULAIRE DU NORD;090010005;20200907;51150000;CompteLib_0053;;;Non dispo;20200907;EcritureLib_0072;;0,00;263,26;C;090010005;;
BPN;BANQUE POPULAIRE DU NORD;090010005;20200907;64610000;CompteLib_0047;;;Non dispo;20200907;EcritureLib_0046;;695,00;0,00;D;090010005;;
BPN;BANQUE POPULAIRE DU NORD;090010005;20200907;64600000;CompteLib_0048;;;Non dispo;20200907;EcritureLib_0046;;25,00;0,00;D;090010005;;
BPN;BANQUE POPULAIRE DU NORD;090010005;20200907;40100000;CompteLib_0015;401LYONN;LYONNAISE DES EAUX ;Non dispo;20200907;EcritureLib_0038;;62,00;0,00;D;090010005;;
BPN;BANQUE POPULAIRE DU NORD;090010005;20200907;51150000;CompteLib_0053;;;Non dispo;20200907;EcritureLib_0072;;0,00;56,37;C;090010005;;
BPN;BANQUE POPULAIRE DU NORD;090010005;20200907;51150000;CompteLib_0053;;;Non dispo;20200907;EcritureLib_0072;;0,00;379,07;C;090010005;;
BPN;BANQUE POPULAIRE DU NORD;090010005;20200907;51150000;CompteLib_0053;;;Non dispo;20200907;EcritureLib_0072;;0,00;46,54;C;090010005;;
BPN;BANQUE POPULAIRE DU NORD;090010005;20200907;51150000;CompteLib_0053;;;Non dispo;20200907;EcritureLib_0072;;0,00;311,48;C;090010005;;
BPN;BANQUE POPULAIRE DU NORD;090010005;20200907;40100000;CompteLib_0015;401SOMAD;SOMAD DISTRIB ;Non dispo;20200907;EcritureLib_0023;;201,02;0,00;D;090010005;;
BPN;BANQUE POPULAIRE DU NORD;090010005;20200907;51219000;CompteLib_0030;;;Non dispo;20200907;EcritureLib_0047;;0,00;983,02;C;090010005;;
BPN;BANQUE POPULAIRE DU NORD;090010005;20200907;51219000;CompteLib_0030;;;Non dispo;20200907;EcritureLib_0047;;1637,23;0,00;D;090010005;;
BPN;BANQUE POPULAIRE DU NORD;090010006;20200908;62780000;CompteLib_0049;;;Non dispo;20200908;EcritureLib_0080;;42,69;0,00;D;090010006;;
BPN;BANQUE POPULAIRE DU NORD;090010006;20200908;51150000;CompteLib_0053;;;Non dispo;20200908;EcritureLib_0072;;0,00;42,37;C;090010006;;
BPN;BANQUE POPULAIRE DU NORD;090010006;20200908;42100000;CompteLib_0018;;;Non dispo;20200908;EcritureLib_0105;;758,51;0,00;D;090010006;;
BPN;BANQUE POPULAIRE DU NORD;090010006;20200908;51150000;CompteLib_0053;;;Non dispo;20200908;EcritureLib_0072;;0,00;77,71;C;090010006;;
BPN;BANQUE POPULAIRE DU NORD;090010006;20200908;51219000;CompteLib_0030;;;Non dispo;20200908;EcritureLib_0047;;0,00;801,20;C;090010006;;
BPN;BANQUE POPULAIRE DU NORD;090010006;20200908;51219000;CompteLib_0030;;;Non dispo;20200908;EcritureLib_0047;;120,08;0,00;D;090010006;;
BPN;BANQUE POPULAIRE DU NORD;090010007;20200909;40100000;CompteLib_0015;401PRO00;PRO A PRO ;Non dispo;20200909;EcritureLib_0106;;256,21;0,00;D;090010007;;
BPN;BANQUE POPULAIRE DU NORD;090010007;20200909;42100000;CompteLib_0018;;;Non dispo;20200909;EcritureLib_0095;;1089,90;0,00;D;090010007;;
BPN;BANQUE POPULAIRE DU NORD;090010007;20200909;51150000;CompteLib_0053;;;Non dispo;20200909;EcritureLib_0072;;0,00;60,44;C;090010007;;
BPN;BANQUE POPULAIRE DU NORD;090010007;20200909;51150000;CompteLib_0053;;;Non dispo;20200909;EcritureLib_0072;;0,00;8,34;C;090010007;;
BPN;BANQUE POPULAIRE DU NORD;090010007;20200909;51219000;CompteLib_0030;;;Non dispo;20200909;EcritureLib_0047;;0,00;1346,11;C;090010007;;
BPN;BANQUE POPULAIRE DU NORD;090010007;20200909;51219000;CompteLib_0030;;;Non dispo;20200909;EcritureLib_0047;;68,78;0,00;D;090010007;;
BPN;BANQUE POPULAIRE DU NORD;090010008;20200910;40100000;CompteLib_0015;401POMON;POMONA ;Non dispo;20200910;EcritureLib_0103;;62,00;0,00;D;090010008;;
BPN;BANQUE POPULAIRE DU NORD;090010008;20200910;40100000;CompteLib_0015;401DAVIG;DAVIGEL ;Non dispo;20200910;EcritureLib_0079;;298,15;0,00;D;090010008;;
BPN;BANQUE POPULAIRE DU NORD;090010008;20200910;51150000;CompteLib_0053;;;Non dispo;20200910;EcritureLib_0072;;0,00;11,11;C;090010008;;
BPN;BANQUE POPULAIRE DU NORD;090010008;20200910;51150000;CompteLib_0053;;;Non dispo;20200910;EcritureLib_0072;;0,00;30,75;C;090010008;;
BPN;BANQUE POPULAIRE DU NORD;090010008;20200910;51150000;CompteLib_0053;;;Non dispo;20200910;EcritureLib_0072;;0,00;42,07;C;090010008;;
BPN;BANQUE POPULAIRE DU NORD;090010008;20200910;51150000;CompteLib_0053;;;Non dispo;20200910;EcritureLib_0072;;0,00;161,06;C;090010008;;
BPN;BANQUE POPULAIRE DU NORD;090010008;20200910;51219000;CompteLib_0030;;;Non dispo;20200910;EcritureLib_0047;;0,00;360,15;C;090010008;;
BPN;BANQUE POPULAIRE DU NORD;090010008;20200910;51219000;CompteLib_0030;;;Non dispo;20200910;EcritureLib_0047;;244,99;0,00;D;090010008;;
BPN;BANQUE POPULAIRE DU NORD;090010009;20200914;42100000;CompteLib_0018;;;Non dispo;20200914;EcritureLib_0107;;1643,76;0,00;D;090010009;;
BPN;BANQUE POPULAIRE DU NORD;090010009;20200914;42100000;CompteLib_0018;;;Non dispo;20200914;EcritureLib_0108;;1585,20;0,00;D;090010009;;
BPN;BANQUE POPULAIRE DU NORD;090010009;20200914;51150000;CompteLib_0053;;;Non dispo;20200914;EcritureLib_0072;;0,00;47,12;C;090010009;;
BPN;BANQUE POPULAIRE DU NORD;090010009;20200914;51150000;CompteLib_0053;;;Non dispo;20200914;EcritureLib_0072;;0,00;131,07;C;090010009;;
BPN;BANQUE POPULAIRE DU NORD;090010009;20200914;51150000;CompteLib_0053;;;Non dispo;20200914;EcritureLib_0072;;0,00;176,04;C;090010009;;
BPN;BANQUE POPULAIRE DU NORD;090010009;20200914;51150000;CompteLib_0053;;;Non dispo;20200914;EcritureLib_0072;;0,00;12,21;C;090010009;;
BPN;BANQUE POPULAIRE DU NORD;090010009;20200914;51150000;CompteLib_0053;;;Non dispo;20200914;EcritureLib_0072;;0,00;305,35;C;090010009;;
BPN;BANQUE POPULAIRE DU NORD;090010009;20200914;51150000;CompteLib_0053;;;Non dispo;20200914;EcritureLib_0072;;0,00;153,71;C;090010009;;
BPN;BANQUE POPULAIRE DU NORD;090010009;20200914;40100000;CompteLib_0015;401DIVER;DIVERS FOURNISSEURS ;Non dispo;20200914;EcritureLib_0002;;41,90;0,00;D;090010009;;
BPN;BANQUE POPULAIRE DU NORD;090010009;20200914;51150000;CompteLib_0053;;;Non dispo;20200914;EcritureLib_0072;;0,00;32,75;C;090010009;;
BPN;BANQUE POPULAIRE DU NORD;090010009;20200914;51150000;CompteLib_0053;;;Non dispo;20200914;EcritureLib_0072;;0,00;294,61;C;090010009;;
BPN;BANQUE POPULAIRE DU NORD;090010009;20200914;51150000;CompteLib_0053;;;Non dispo;20200914;EcritureLib_0072;;0,00;950,24;C;090010009;;
BPN;BANQUE POPULAIRE DU NORD;090010009;20200914;51150000;CompteLib_0053;;;Non dispo;20200914;EcritureLib_0072;;0,00;103,00;C;090010009;;
BPN;BANQUE POPULAIRE DU NORD;090010009;20200914;51219000;CompteLib_0030;;;Non dispo;20200914;EcritureLib_0047;;0,00;3270,86;C;090010009;;
BPN;BANQUE POPULAIRE DU NORD;090010009;20200914;51219000;CompteLib_0030;;;Non dispo;20200914;EcritureLib_0047;;2206,10;0,00;D;090010009;;
BPN;BANQUE POPULAIRE DU NORD;090010010;20200915;40100000;CompteLib_0015;401RESTS;RESTO SERVICE ;Non dispo;20200915;EcritureLib_0010;;1229,01;0,00;D;090010010;;
BPN;BANQUE POPULAIRE DU NORD;090010010;20200915;61320000;CompteLib_0052;;;Non dispo;20200915;EcritureLib_0109;;3600,00;0,00;D;090010010;;
BPN;BANQUE POPULAIRE DU NORD;090010010;20200915;61320000;CompteLib_0052;;;Non dispo;20200915;EcritureLib_0110;;3600,00;0,00;D;090010010;;
BPN;BANQUE POPULAIRE DU NORD;090010010;20200915;51150000;CompteLib_0053;;;Non dispo;20200915;EcritureLib_0072;;0,00;69,65;C;090010010;;
BPN;BANQUE POPULAIRE DU NORD;090010010;20200915;51150000;CompteLib_0053;;;Non dispo;20200915;EcritureLib_0072;;0,00;146,95;C;090010010;;
BPN;BANQUE POPULAIRE DU NORD;090010010;20200915;51219000;CompteLib_0030;;;Non dispo;20200915;EcritureLib_0047;;0,00;8429,01;C;090010010;;
BPN;BANQUE POPULAIRE DU NORD;090010010;20200915;51219000;CompteLib_0030;;;Non dispo;20200915;EcritureLib_0047;;216,60;0,00;D;090010010;;
BPN;BANQUE POPULAIRE DU NORD;090010011;20200916;51150000;CompteLib_0053;;;Non dispo;20200916;EcritureLib_0072;;0,00;91,09;C;090010011;;
BPN;BANQUE POPULAIRE DU NORD;090010011;20200916;51150000;CompteLib_0053;;;Non dispo;20200916;EcritureLib_0072;;0,00;181,89;C;090010011;;
BPN;BANQUE POPULAIRE DU NORD;090010011;20200916;51150000;CompteLib_0053;;;Non dispo;20200916;EcritureLib_0072;;0,00;5,76;C;090010011;;
BPN;BANQUE POPULAIRE DU NORD;090010011;20200916;42100000;CompteLib_0018;;;Non dispo;20200916;EcritureLib_0111;;1046,73;0,00;D;090010011;;
BPN;BANQUE POPULAIRE DU NORD;090010011;20200916;51219000;CompteLib_0030;;;Non dispo;20200916;EcritureLib_0047;;0,00;1046,73;C;090010011;;
BPN;BANQUE POPULAIRE DU NORD;090010011;20200916;51219000;CompteLib_0030;;;Non dispo;20200916;EcritureLib_0047;;278,74;0,00;D;090010011;;
BPN;BANQUE POPULAIRE DU NORD;090010012;20200917;40100000;CompteLib_0015;401FRANC;FRANCE BOISSONS ;Non dispo;20200917;EcritureLib_0009;;369,91;0,00;D;090010012;;
BPN;BANQUE POPULAIRE DU NORD;090010012;20200917;51150000;CompteLib_0053;;;Non dispo;20200917;EcritureLib_0072;;0,00;9,23;C;090010012;;
BPN;BANQUE POPULAIRE DU NORD;090010012;20200917;51150000;CompteLib_0053;;;Non dispo;20200917;EcritureLib_0072;;0,00;128,21;C;090010012;;
BPN;BANQUE POPULAIRE DU NORD;090010012;20200917;51150000;CompteLib_0053;;;Non dispo;20200917;EcritureLib_0072;;0,00;228,73;C;090010012;;
BPN;BANQUE POPULAIRE DU NORD;090010012;20200917;51150000;CompteLib_0053;;;Non dispo;20200917;EcritureLib_0072;;0,00;108,26;C;090010012;;
BPN;BANQUE POPULAIRE DU NORD;090010012;20200917;51219000;CompteLib_0030;;;Non dispo;20200917;EcritureLib_0047;;0,00;369,91;C;090010012;;
BPN;BANQUE POPULAIRE DU NORD;090010012;20200917;51219000;CompteLib_0030;;;Non dispo;20200917;EcritureLib_0047;;474,43;0,00;D;090010012;;
BPN;BANQUE POPULAIRE DU NORD;090010013;20200921;40100000;CompteLib_0015;401PRO00;PRO A PRO ;Non dispo;20200921;EcritureLib_0025;;246,71;0,00;D;090010013;;
BPN;BANQUE POPULAIRE DU NORD;090010013;20200921;51150000;CompteLib_0053;;;Non dispo;20200921;EcritureLib_0072;;0,00;19,05;C;090010013;;
BPN;BANQUE POPULAIRE DU NORD;090010013;20200921;51150000;CompteLib_0053;;;Non dispo;20200921;EcritureLib_0072;;0,00;188,35;C;090010013;;
BPN;BANQUE POPULAIRE DU NORD;090010013;20200921;51150000;CompteLib_0053;;;Non dispo;20200921;EcritureLib_0072;;0,00;163,54;C;090010013;;
BPN;BANQUE POPULAIRE DU NORD;090010013;20200921;51150000;CompteLib_0053;;;Non dispo;20200921;EcritureLib_0072;;0,00;331,22;C;090010013;;
BPN;BANQUE POPULAIRE DU NORD;090010013;20200921;51150000;CompteLib_0053;;;Non dispo;20200921;EcritureLib_0072;;0,00;23,91;C;090010013;;
BPN;BANQUE POPULAIRE DU NORD;090010013;20200921;51150000;CompteLib_0053;;;Non dispo;20200921;EcritureLib_0072;;0,00;101,02;C;090010013;;
BPN;BANQUE POPULAIRE DU NORD;090010013;20200921;62260000;CompteLib_0039;;;Non dispo;20200921;EcritureLib_0112;;190,00;0,00;D;090010013;;
BPN;BANQUE POPULAIRE DU NORD;090010013;20200921;44566100;CompteLib_0024;;;Non dispo;20200921;EcritureLib_0112;;38,00;0,00;D;090010013;;
BPN;BANQUE POPULAIRE DU NORD;090010013;20200921;40100000;CompteLib_0015;401DAVIG;DAVIGEL ;Non dispo;20200921;EcritureLib_0079;;198,62;0,00;D;090010013;;
BPN;BANQUE POPULAIRE DU NORD;090010013;20200921;40100000;CompteLib_0015;401POMON;POMONA ;Non dispo;20200921;EcritureLib_0113;;124,47;0,00;D;090010013;;
BPN;BANQUE POPULAIRE DU NORD;090010013;20200921;51150000;CompteLib_0053;;;Non dispo;20200921;EcritureLib_0072;;0,00;212,46;C;090010013;;
BPN;BANQUE POPULAIRE DU NORD;090010013;20200921;51150000;CompteLib_0053;;;Non dispo;20200921;EcritureLib_0072;;0,00;133,57;C;090010013;;
BPN;BANQUE POPULAIRE DU NORD;090010013;20200921;51150000;CompteLib_0053;;;Non dispo;20200921;EcritureLib_0072;;0,00;592,88;C;090010013;;
BPN;BANQUE POPULAIRE DU NORD;090010013;20200921;51150000;CompteLib_0053;;;Non dispo;20200921;EcritureLib_0072;;0,00;408,74;C;090010013;;
BPN;BANQUE POPULAIRE DU NORD;090010013;20200921;42100000;CompteLib_0018;;;Non dispo;20200921;EcritureLib_0099;;938,56;0,00;D;090010013;;
BPN;BANQUE POPULAIRE DU NORD;090010013;20200921;51219000;CompteLib_0030;;;Non dispo;20200921;EcritureLib_0047;;0,00;1736,36;C;090010013;;
BPN;BANQUE POPULAIRE DU NORD;090010013;20200921;51219000;CompteLib_0030;;;Non dispo;20200921;EcritureLib_0047;;2174,74;0,00;D;090010013;;
BPN;BANQUE POPULAIRE DU NORD;090010014;20200922;51150000;CompteLib_0053;;;Non dispo;20200922;EcritureLib_0072;;0,00;19,84;C;090010014;;
BPN;BANQUE POPULAIRE DU NORD;090010014;20200922;51150000;CompteLib_0053;;;Non dispo;20200922;EcritureLib_0072;;0,00;42,37;C;090010014;;
BPN;BANQUE POPULAIRE DU NORD;090010014;20200922;51150000;CompteLib_0053;;;Non dispo;20200922;EcritureLib_0072;;0,00;57,46;C;090010014;;
BPN;BANQUE POPULAIRE DU NORD;090010014;20200922;51219000;CompteLib_0030;;;Non dispo;20200922;EcritureLib_0047;;119,67;0,00;D;090010014;;
BPN;BANQUE POPULAIRE DU NORD;090010015;20200923;40100000;CompteLib_0015;401DIVER;DIVERS FOURNISSEURS ;Non dispo;20200923;EcritureLib_0089;;18,32;0,00;D;090010015;;
BPN;BANQUE POPULAIRE DU NORD;090010015;20200923;40100000;CompteLib_0015;401DIVER;DIVERS FOURNISSEURS ;Non dispo;20200923;EcritureLib_0088;;173,75;0,00;D;090010015;;
BPN;BANQUE POPULAIRE DU NORD;090010015;20200923;51150000;CompteLib_0053;;;Non dispo;20200923;EcritureLib_0072;;0,00;57,25;C;090010015;;
BPN;BANQUE POPULAIRE DU NORD;090010015;20200923;51150000;CompteLib_0053;;;Non dispo;20200923;EcritureLib_0072;;0,00;16,17;C;090010015;;
BPN;BANQUE POPULAIRE DU NORD;090010015;20200923;51150000;CompteLib_0053;;;Non dispo;20200923;EcritureLib_0072;;0,00;57,35;C;090010015;;
BPN;BANQUE POPULAIRE DU NORD;090010015;20200923;42100000;CompteLib_0018;;;Non dispo;20200923;EcritureLib_0114;;215,18;0,00;D;090010015;;
BPN;BANQUE POPULAIRE DU NORD;090010015;20200923;51219000;CompteLib_0030;;;Non dispo;20200923;EcritureLib_0047;;0,00;407,25;C;090010015;;
BPN;BANQUE POPULAIRE DU NORD;090010015;20200923;51219000;CompteLib_0030;;;Non dispo;20200923;EcritureLib_0047;;130,77;0,00;D;090010015;;
BPN;BANQUE POPULAIRE DU NORD;090010016;20200928;42100000;CompteLib_0018;;;Non dispo;20200928;EcritureLib_0115;;1073,61;0,00;D;090010016;;
BPN;BANQUE POPULAIRE DU NORD;090010016;20200928;51219000;CompteLib_0030;;;Non dispo;20200928;EcritureLib_0047;;0,00;1073,61;C;090010016;;
BPN;BANQUE POPULAIRE DU NORD;090010017;20200929;40100000;CompteLib_0015;401EDF00;EDF ;Non dispo;20200929;EcritureLib_0005;;632,69;0,00;D;090010017;;
BPN;BANQUE POPULAIRE DU NORD;090010017;20200929;51219000;CompteLib_0030;;;Non dispo;20200929;EcritureLib_0047;;0,00;632,69;C;090010017;;
BPN;BANQUE POPULAIRE DU NORD;090010018;20200930;40100000;CompteLib_0015;401PRO00;PRO A PRO ;Non dispo;20200930;EcritureLib_0116;;161,65;0,00;D;090010018;;
BPN;BANQUE POPULAIRE DU NORD;090010018;20200930;40100000;CompteLib_0015;401DAVIG;DAVIGEL ;Non dispo;20200930;EcritureLib_0079;;248,54;0,00;D;090010018;;
BPN;BANQUE POPULAIRE DU NORD;090010018;20200930;40100000;CompteLib_0015;401LIDL0;LIDL ;Non dispo;20200930;EcritureLib_0092;;110,85;0,00;D;090010018;;
BPN;BANQUE POPULAIRE DU NORD;090010018;20200930;40100000;CompteLib_0015;401PROMO;PROMOCASH ;Non dispo;20200930;EcritureLib_0092;;381,00;0,00;D;090010018;;
BPN;BANQUE POPULAIRE DU NORD;090010018;20200930;51219000;CompteLib_0030;;;Non dispo;20200930;EcritureLib_0047;;0,00;902,04;C;090010018;;
BPN;BANQUE POPULAIRE DU NORD;100010001;20201001;40100000;CompteLib_0015;401RESTS;RESTO SERVICE ;Non dispo;20201001;EcritureLib_0010;;330,15;0,00;D;100010001;;
BPN;BANQUE POPULAIRE DU NORD;100010001;20201001;62780000;CompteLib_0049;;;Non dispo;20201001;EcritureLib_0117;;25,20;0,00;D;100010001;;
BPN;BANQUE POPULAIRE DU NORD;100010001;20201001;40100000;CompteLib_0015;401STC00;STC TOURCOING;Non dispo;20201001;EcritureLib_0043;;1220,10;0,00;D;100010001;;
BPN;BANQUE POPULAIRE DU NORD;100010001;20201001;51219000;CompteLib_0030;;;Non dispo;20201001;EcritureLib_0047;;0,00;1575,45;C;100010001;;
BPN;BANQUE POPULAIRE DU NORD;100010002;20201002;61320000;CompteLib_0052;;;Non dispo;20201002;EcritureLib_0118;;2562,29;0,00;D;100010002;;
BPN;BANQUE POPULAIRE DU NORD;100010002;20201002;63512000;CompteLib_0054;;;Non dispo;20201002;EcritureLib_0119;;1028,45;0,00;D;100010002;;
BPN;BANQUE POPULAIRE DU NORD;100010002;20201002;51120000;CompteLib_0055;;;Non dispo;20201002;EcritureLib_0120;;0,00;109,30;C;100010002;;
BPN;BANQUE POPULAIRE DU NORD;100010002;20201002;53000000;CompteLib_0031;;;Non dispo;20201002;EcritureLib_0121;;0,00;650,00;C;100010002;;
BPN;BANQUE POPULAIRE DU NORD;100010002;20201002;53000000;CompteLib_0031;;;Non dispo;20201002;EcritureLib_0121;;0,00;55,00;C;100010002;;
BPN;BANQUE POPULAIRE DU NORD;100010002;20201002;53000000;CompteLib_0031;;;Non dispo;20201002;EcritureLib_0121;;0,00;80,00;C;100010002;;
BPN;BANQUE POPULAIRE DU NORD;100010002;20201002;53000000;CompteLib_0031;;;Non dispo;20201002;EcritureLib_0121;;0,00;80,00;C;100010002;;
BPN;BANQUE POPULAIRE DU NORD;100010002;20201002;53000000;CompteLib_0031;;;Non dispo;20201002;EcritureLib_0121;;0,00;240,00;C;100010002;;
BPN;BANQUE POPULAIRE DU NORD;100010002;20201002;53000000;CompteLib_0031;;;Non dispo;20201002;EcritureLib_0121;;0,00;470,00;C;100010002;;
BPN;BANQUE POPULAIRE DU NORD;100010002;20201002;53000000;CompteLib_0031;;;Non dispo;20201002;EcritureLib_0121;;0,00;545,00;C;100010002;;
BPN;BANQUE POPULAIRE DU NORD;100010002;20201002;53000000;CompteLib_0031;;;Non dispo;20201002;EcritureLib_0121;;0,00;140,00;C;100010002;;
BPN;BANQUE POPULAIRE DU NORD;100010002;20201002;53000000;CompteLib_0031;;;Non dispo;20201002;EcritureLib_0121;;0,00;285,00;C;100010002;;
BPN;BANQUE POPULAIRE DU NORD;100010002;20201002;53000000;CompteLib_0031;;;Non dispo;20201002;EcritureLib_0121;;0,00;100,00;C;100010002;;
BPN;BANQUE POPULAIRE DU NORD;100010002;20201002;53000000;CompteLib_0031;;;Non dispo;20201002;EcritureLib_0121;;0,00;170,00;C;100010002;;
BPN;BANQUE POPULAIRE DU NORD;100010002;20201002;53000000;CompteLib_0031;;;Non dispo;20201002;EcritureLib_0121;;0,00;35,00;C;100010002;;
BPN;BANQUE POPULAIRE DU NORD;100010002;20201002;53000000;CompteLib_0031;;;Non dispo;20201002;EcritureLib_0121;;0,00;500,00;C;100010002;;
BPN;BANQUE POPULAIRE DU NORD;100010002;20201002;53000000;CompteLib_0031;;;Non dispo;20201002;EcritureLib_0121;;0,00;470,00;C;100010002;;
BPN;BANQUE POPULAIRE DU NORD;100010002;20201002;53000000;CompteLib_0031;;;Non dispo;20201002;EcritureLib_0121;;0,00;1050,00;C;100010002;;
BPN;BANQUE POPULAIRE DU NORD;100010002;20201002;53000000;CompteLib_0031;;;Non dispo;20201002;EcritureLib_0121;;0,00;340,00;C;100010002;;
BPN;BANQUE POPULAIRE DU NORD;100010002;20201002;53000000;CompteLib_0031;;;Non dispo;20201002;EcritureLib_0121;;0,00;210,00;C;100010002;;
BPN;BANQUE POPULAIRE DU NORD;100010002;20201002;53000000;CompteLib_0031;;;Non dispo;20201002;EcritureLib_0121;;0,00;250,00;C;100010002;;
BPN;BANQUE POPULAIRE DU NORD;100010002;20201002;53000000;CompteLib_0031;;;Non dispo;20201002;EcritureLib_0121;;0,00;330,00;C;100010002;;
BPN;BANQUE POPULAIRE DU NORD;100010002;20201002;53000000;CompteLib_0031;;;Non dispo;20201002;EcritureLib_0121;;0,00;545,00;C;100010002;;
BPN;BANQUE POPULAIRE DU NORD;100010002;20201002;53000000;CompteLib_0031;;;Non dispo;20201002;EcritureLib_0121;;0,00;100,00;C;100010002;;
BPN;BANQUE POPULAIRE DU NORD;100010002;20201002;53000000;CompteLib_0031;;;Non dispo;20201002;EcritureLib_0121;;0,00;55,00;C;100010002;;
BPN;BANQUE POPULAIRE DU NORD;100010002;20201002;51219000;CompteLib_0030;;;Non dispo;20201002;EcritureLib_0047;;0,00;3590,74;C;100010002;;
BPN;BANQUE POPULAIRE DU NORD;100010002;20201002;51219000;CompteLib_0030;;;Non dispo;20201002;EcritureLib_0047;;6809,30;0,00;D;100010002;;
BPN;BANQUE POPULAIRE DU NORD;100010003;20201005;40100000;CompteLib_0015;401LYONN;LYONNAISE DES EAUX ;Non dispo;20201005;EcritureLib_0122;;62,00;0,00;D;100010003;;
BPN;BANQUE POPULAIRE DU NORD;100010003;20201005;64600000;CompteLib_0048;;;Non dispo;20201005;EcritureLib_0046;;155,00;0,00;D;100010003;;
BPN;BANQUE POPULAIRE DU NORD;100010003;20201005;64610000;CompteLib_0047;;;Non dispo;20201005;EcritureLib_0046;;695,00;0,00;D;100010003;;
BPN;BANQUE POPULAIRE DU NORD;100010003;20201005;53000000;CompteLib_0031;;;Non dispo;20201005;EcritureLib_0123;;470,00;0,00;D;100010003;;
BPN;BANQUE POPULAIRE DU NORD;100010003;20201005;53000000;CompteLib_0031;;;Non dispo;20201005;EcritureLib_0123;;80,00;0,00;D;100010003;;
BPN;BANQUE POPULAIRE DU NORD;100010003;20201005;51219000;CompteLib_0030;;;Non dispo;20201005;EcritureLib_0047;;0,00;1462,00;C;100010003;;
BPN;BANQUE POPULAIRE DU NORD;100010004;20201006;62780000;CompteLib_0049;;;Non dispo;20201006;EcritureLib_0124;;42,69;0,00;D;100010004;;
BPN;BANQUE POPULAIRE DU NORD;100010004;20201006;51219000;CompteLib_0030;;;Non dispo;20201006;EcritureLib_0047;;0,00;42,69;C;100010004;;
BPN;BANQUE POPULAIRE DU NORD;100010005;20201007;42100000;CompteLib_0018;;;Non dispo;20201007;EcritureLib_0125;;1194,78;0,00;D;100010005;;
BPN;BANQUE POPULAIRE DU NORD;100010005;20201007;51219000;CompteLib_0030;;;Non dispo;20201007;EcritureLib_0047;;0,00;1194,78;C;100010005;;
BPN;BANQUE POPULAIRE DU NORD;100010006;20201009;42100000;CompteLib_0018;;;Non dispo;20201009;EcritureLib_0126;;115,03;0,00;D;100010006;;
BPN;BANQUE POPULAIRE DU NORD;100010006;20201009;51219000;CompteLib_0030;;;Non dispo;20201009;EcritureLib_0047;;0,00;115,03;C;100010006;;
BPN;BANQUE POPULAIRE DU NORD;100010007;20201012;42100000;CompteLib_0018;;;Non dispo;20201012;EcritureLib_0127;;221,54;0,00;D;100010007;;
BPN;BANQUE POPULAIRE DU NORD;100010007;20201012;51219000;CompteLib_0030;;;Non dispo;20201012;EcritureLib_0047;;0,00;221,54;C;100010007;;
BPN;BANQUE POPULAIRE DU NORD;100010008;20201013;40100000;CompteLib_0015;401DIVER;DIVERS FOURNISSEURS ;Non dispo;20201013;EcritureLib_0002;;41,90;0,00;D;100010008;;
BPN;BANQUE POPULAIRE DU NORD;100010008;20201013;51219000;CompteLib_0030;;;Non dispo;20201013;EcritureLib_0047;;0,00;41,90;C;100010008;;
BPN;BANQUE POPULAIRE DU NORD;100010009;20201015;40100000;CompteLib_0015;401FRANC;FRANCE BOISSONS ;Non dispo;20201015;EcritureLib_0009;;342,02;0,00;D;100010009;;
BPN;BANQUE POPULAIRE DU NORD;100010009;20201015;41110000;CompteLib_0017;;;Non dispo;20201015;EcritureLib_0128;;0,00;3717,60;C;100010009;;
BPN;BANQUE POPULAIRE DU NORD;100010009;20201015;41110000;CompteLib_0017;;;Non dispo;20201015;EcritureLib_0128;;0,00;3717,60;C;100010009;;
BPN;BANQUE POPULAIRE DU NORD;100010009;20201015;41110000;CompteLib_0017;;;Non dispo;20201015;EcritureLib_0128;;0,00;3717,60;C;100010009;;
BPN;BANQUE POPULAIRE DU NORD;100010009;20201015;42100000;CompteLib_0018;;;Non dispo;20201015;EcritureLib_0129;;34,68;0,00;D;100010009;;
BPN;BANQUE POPULAIRE DU NORD;100010009;20201015;51219000;CompteLib_0030;;;Non dispo;20201015;EcritureLib_0047;;0,00;376,70;C;100010009;;
BPN;BANQUE POPULAIRE DU NORD;100010009;20201015;51219000;CompteLib_0030;;;Non dispo;20201015;EcritureLib_0047;;11152,80;0,00;D;100010009;;
BPN;BANQUE POPULAIRE DU NORD;100010010;20201016;40100000;CompteLib_0015;401DEHON;DEHONT ;Non dispo;20201016;EcritureLib_0130;;203,82;0,00;D;100010010;;
BPN;BANQUE POPULAIRE DU NORD;100010010;20201016;43100000;CompteLib_0020;;;Non dispo;20201016;EcritureLib_0046;;3033,00;0,00;D;100010010;;
BPN;BANQUE POPULAIRE DU NORD;100010010;20201016;43100000;CompteLib_0020;;;Non dispo;20201016;EcritureLib_0046;;1912,00;0,00;D;100010010;;
BPN;BANQUE POPULAIRE DU NORD;100010010;20201016;43100000;CompteLib_0020;;;Non dispo;20201016;EcritureLib_0046;;1901,00;0,00;D;100010010;;
BPN;BANQUE POPULAIRE DU NORD;100010010;20201016;40100000;CompteLib_0015;401RESTS;RESTO SERVICE ;Non dispo;20201016;EcritureLib_0010;;419,62;0,00;D;100010010;;
BPN;BANQUE POPULAIRE DU NORD;100010010;20201016;40100000;CompteLib_0015;401DIVER;DIVERS FOURNISSEURS ;Non dispo;20201016;EcritureLib_0131;;189,36;0,00;D;100010010;;
BPN;BANQUE POPULAIRE DU NORD;100010010;20201016;51219000;CompteLib_0030;;;Non dispo;20201016;EcritureLib_0047;;0,00;7658,80;C;100010010;;
BPN;BANQUE POPULAIRE DU NORD;100010011;20201020;40100000;CompteLib_0015;401PRO00;PRO A PRO ;Non dispo;20201020;EcritureLib_0025;;189,07;0,00;D;100010011;;
BPN;BANQUE POPULAIRE DU NORD;100010011;20201020;51219000;CompteLib_0030;;;Non dispo;20201020;EcritureLib_0047;;0,00;189,07;C;100010011;;
BPN;BANQUE POPULAIRE DU NORD;100010012;20201021;44210000;CompteLib_0056;;;Non dispo;20201021;EcritureLib_0132;;54,00;0,00;D;100010012;;
BPN;BANQUE POPULAIRE DU NORD;100010012;20201021;44210000;CompteLib_0056;;;Non dispo;20201021;EcritureLib_0132;;54,00;0,00;D;100010012;;
BPN;BANQUE POPULAIRE DU NORD;100010012;20201021;51219000;CompteLib_0030;;;Non dispo;20201021;EcritureLib_0047;;0,00;108,00;C;100010012;;
BPN;BANQUE POPULAIRE DU NORD;100010013;20201026;43730000;CompteLib_0021;;;Non dispo;20201026;EcritureLib_0087;;429,65;0,00;D;100010013;;
BPN;BANQUE POPULAIRE DU NORD;100010013;20201026;43730000;CompteLib_0021;;;Non dispo;20201026;EcritureLib_0087;;408,95;0,00;D;100010013;;
BPN;BANQUE POPULAIRE DU NORD;100010013;20201026;43730000;CompteLib_0021;;;Non dispo;20201026;EcritureLib_0087;;676,13;0,00;D;100010013;;
BPN;BANQUE POPULAIRE DU NORD;100010013;20201026;43730000;CompteLib_0021;;;Non dispo;20201026;EcritureLib_0087;;280,26;0,00;D;100010013;;
BPN;BANQUE POPULAIRE DU NORD;100010013;20201026;51219000;CompteLib_0030;;;Non dispo;20201026;EcritureLib_0047;;0,00;1794,99;C;100010013;;
BPN;BANQUE POPULAIRE DU NORD;100010014;20201027;42100000;CompteLib_0018;;;Non dispo;20201027;EcritureLib_0133;;885,74;0,00;D;100010014;;
BPN;BANQUE POPULAIRE DU NORD;100010014;20201027;51219000;CompteLib_0030;;;Non dispo;20201027;EcritureLib_0047;;0,00;885,74;C;100010014;;
BPN;BANQUE POPULAIRE DU NORD;100010015;20201028;40100000;CompteLib_0015;401DEHON;DEHONT ;Non dispo;20201028;EcritureLib_0013;;144,00;0,00;D;100010015;;
BPN;BANQUE POPULAIRE DU NORD;100010015;20201028;40100000;CompteLib_0015;401EDF00;EDF ;Non dispo;20201028;EcritureLib_0005;;586,07;0,00;D;100010015;;
BPN;BANQUE POPULAIRE DU NORD;100010015;20201028;51219000;CompteLib_0030;;;Non dispo;20201028;EcritureLib_0047;;0,00;730,07;C;100010015;;
BPN;BANQUE POPULAIRE DU NORD;110010001;20201101;62780000;CompteLib_0049;;;Non dispo;20201101;EcritureLib_0048;;25,20;0,00;D;110010001;;
BPN;BANQUE POPULAIRE DU NORD;110010001;20201101;51219000;CompteLib_0030;;;Non dispo;20201101;EcritureLib_0047;;0,00;25,20;C;110010001;;
BPN;BANQUE POPULAIRE DU NORD;110010002;20201103;40100000;CompteLib_0015;401RESTS;RESTO SERVICE ;Non dispo;20201103;EcritureLib_0010;;334,95;0,00;D;110010002;;
BPN;BANQUE POPULAIRE DU NORD;110010002;20201103;51219000;CompteLib_0030;;;Non dispo;20201103;EcritureLib_0047;;0,00;334,95;C;110010002;;
BPN;BANQUE POPULAIRE DU NORD;110010003;20201105;40100000;CompteLib_0015;401LYONN;LYONNAISE DES EAUX ;Non dispo;20201105;EcritureLib_0038;;62,00;0,00;D;110010003;;
BPN;BANQUE POPULAIRE DU NORD;110010003;20201105;51219000;CompteLib_0030;;;Non dispo;20201105;EcritureLib_0047;;0,00;62,00;C;110010003;;
BPN;BANQUE POPULAIRE DU NORD;110010004;20201106;62780000;CompteLib_0049;;;Non dispo;20201106;EcritureLib_0048;;42,69;0,00;D;110010004;;
BPN;BANQUE POPULAIRE DU NORD;110010004;20201106;51219000;CompteLib_0030;;;Non dispo;20201106;EcritureLib_0047;;0,00;42,69;C;110010004;;
BPN;BANQUE POPULAIRE DU NORD;110010005;20201109;40100000;CompteLib_0015;401ENGIE;ENGIE ;Non dispo;20201109;EcritureLib_0016;;77,56;0,00;D;110010005;;
BPN;BANQUE POPULAIRE DU NORD;110010005;20201109;51219000;CompteLib_0030;;;Non dispo;20201109;EcritureLib_0047;;0,00;77,56;C;110010005;;
BPN;BANQUE POPULAIRE DU NORD;110010006;20201113;40100000;CompteLib_0015;401DIVER;DIVERS FOURNISSEURS ;Non dispo;20201113;EcritureLib_0002;;41,90;0,00;D;110010006;;
BPN;BANQUE POPULAIRE DU NORD;110010006;20201113;51219000;CompteLib_0030;;;Non dispo;20201113;EcritureLib_0047;;0,00;41,90;C;110010006;;
BPN;BANQUE POPULAIRE DU NORD;110010007;20201116;42100000;CompteLib_0018;;;Non dispo;20201116;EcritureLib_0134;;1585,20;0,00;D;110010007;;
BPN;BANQUE POPULAIRE DU NORD;110010007;20201116;42100000;CompteLib_0018;;;Non dispo;20201116;EcritureLib_0135;;1586,91;0,00;D;110010007;;
BPN;BANQUE POPULAIRE DU NORD;110010007;20201116;42100000;CompteLib_0018;;;Non dispo;20201116;EcritureLib_0136;;971,01;0,00;D;110010007;;
BPN;BANQUE POPULAIRE DU NORD;110010007;20201116;44551000;CompteLib_0023;;;Non dispo;20201116;EcritureLib_0137;;7193,00;0,00;D;110010007;;
BPN;BANQUE POPULAIRE DU NORD;110010007;20201116;51219000;CompteLib_0030;;;Non dispo;20201116;EcritureLib_0047;;0,00;11336,12;C;110010007;;
BPN;BANQUE POPULAIRE DU NORD;110010008;20201117;51219100;CompteLib_0050;;;Non dispo;20201117;EcritureLib_0065;;0,00;10000,00;C;110010008;;
BPN;BANQUE POPULAIRE DU NORD;110010008;20201117;51219000;CompteLib_0030;;;Non dispo;20201117;EcritureLib_0047;;10000,00;0,00;D;110010008;;
BPN;BANQUE POPULAIRE DU NORD;110010009;20201119;40100000;CompteLib_0015;401STC00;STC TOURCOING;Non dispo;20201119;EcritureLib_0138;;1220,10;0,00;D;110010009;;
BPN;BANQUE POPULAIRE DU NORD;110010009;20201119;51219000;CompteLib_0030;;;Non dispo;20201119;EcritureLib_0047;;0,00;1220,10;C;110010009;;
BPN;BANQUE POPULAIRE DU NORD;110010010;20201123;42100000;CompteLib_0018;;;Non dispo;20201123;EcritureLib_0139;;886,37;0,00;D;110010010;;
BPN;BANQUE POPULAIRE DU NORD;110010010;20201123;51219000;CompteLib_0030;;;Non dispo;20201123;EcritureLib_0047;;0,00;886,37;C;110010010;;
BPN;BANQUE POPULAIRE DU NORD;110010011;20201127;40100000;CompteLib_0015;401EDF00;EDF ;Non dispo;20201127;EcritureLib_0005;;312,55;0,00;D;110010011;;
BPN;BANQUE POPULAIRE DU NORD;110010011;20201127;61320000;CompteLib_0052;;;Non dispo;20201127;EcritureLib_0140;;3600,00;0,00;D;110010011;;
BPN;BANQUE POPULAIRE DU NORD;110010011;20201127;51219000;CompteLib_0030;;;Non dispo;20201127;EcritureLib_0047;;0,00;3912,55;C;110010011;;
BPN;BANQUE POPULAIRE DU NORD;120010001;20201201;62780000;CompteLib_0049;;;Non dispo;20201201;EcritureLib_0048;;25,20;0,00;D;120010001;;
BPN;BANQUE POPULAIRE DU NORD;120010001;20201201;51219000;CompteLib_0030;;;Non dispo;20201201;EcritureLib_0047;;0,00;25,20;C;120010001;;
BPN;BANQUE POPULAIRE DU NORD;120010002;20201207;40100000;CompteLib_0015;401LYONN;LYONNAISE DES EAUX ;Non dispo;20201207;EcritureLib_0122;;62,00;0,00;D;120010002;;
BPN;BANQUE POPULAIRE DU NORD;120010002;20201207;51219000;CompteLib_0030;;;Non dispo;20201207;EcritureLib_0047;;0,00;62,00;C;120010002;;
BPN;BANQUE POPULAIRE DU NORD;120010003;20201208;62780000;CompteLib_0049;;;Non dispo;20201208;EcritureLib_0080;;42,69;0,00;D;120010003;;
BPN;BANQUE POPULAIRE DU NORD;120010003;20201208;51219000;CompteLib_0030;;;Non dispo;20201208;EcritureLib_0047;;0,00;42,69;C;120010003;;
BPN;BANQUE POPULAIRE DU NORD;120010004;20201210;40100000;CompteLib_0015;401ENGIE;ENGIE ;Non dispo;20201210;EcritureLib_0016;;0,00;5,97;C;120010004;;
BPN;BANQUE POPULAIRE DU NORD;120010004;20201210;51219000;CompteLib_0030;;;Non dispo;20201210;EcritureLib_0047;;5,97;0,00;D;120010004;;
BPN;BANQUE POPULAIRE DU NORD;120010005;20201214;40100000;CompteLib_0015;401DIVER;DIVERS FOURNISSEURS ;Non dispo;20201214;EcritureLib_0002;;41,90;0,00;D;120010005;;
BPN;BANQUE POPULAIRE DU NORD;120010005;20201214;51219000;CompteLib_0030;;;Non dispo;20201214;EcritureLib_0047;;0,00;41,90;C;120010005;;
BPN;BANQUE POPULAIRE DU NORD;120010006;20201216;63511000;CompteLib_0057;;;Non dispo;20201216;EcritureLib_0141;;397,00;0,00;D;120010006;;
BPN;BANQUE POPULAIRE DU NORD;120010006;20201216;63511000;CompteLib_0057;;;Non dispo;20201216;EcritureLib_0141;;657,00;0,00;D;120010006;;
BPN;BANQUE POPULAIRE DU NORD;120010006;20201216;51219000;CompteLib_0030;;;Non dispo;20201216;EcritureLib_0047;;0,00;1054,00;C;120010006;;
BPN;BANQUE POPULAIRE DU NORD;120010007;20201225;51219100;CompteLib_0050;;;Non dispo;20201225;EcritureLib_0065;;0,00;10000,00;C;120010007;;
BPN;BANQUE POPULAIRE DU NORD;120010007;20201225;51219000;CompteLib_0030;;;Non dispo;20201225;EcritureLib_0047;;10000,00;0,00;D;120010007;;
BPN;BANQUE POPULAIRE DU NORD;120010008;20201228;40100000;CompteLib_0015;401EDF00;EDF ;Non dispo;20201228;EcritureLib_0005;;233,68;0,00;D;120010008;;
BPN;BANQUE POPULAIRE DU NORD;120010008;20201228;51219000;CompteLib_0030;;;Non dispo;20201228;EcritureLib_0047;;0,00;233,68;C;120010008;;
CA;CAISSE;060010001;20200630;70720000;CompteLib_0058;;;06/20;20200630;EcritureLib_0142;;0,00;1626,75;C;060010001;;
CA;CAISSE;060010001;20200630;44571200;CompteLib_0059;;;06/20;20200630;EcritureLib_0142;;0,00;325,35;C;060010001;;
CA;CAISSE;060010001;20200630;70710700;CompteLib_0060;;;06/20;20200630;EcritureLib_0142;;0,00;4173,27;C;060010001;;
CA;CAISSE;060010001;20200630;44571300;CompteLib_0061;;;06/20;20200630;EcritureLib_0142;;0,00;417,33;C;060010001;;
CA;CAISSE;060010001;20200630;70730000;CompteLib_0062;;;06/20;20200630;EcritureLib_0142;;0,00;37,91;C;060010001;;
CA;CAISSE;060010001;20200630;44571100;CompteLib_0063;;;06/20;20200630;EcritureLib_0142;;0,00;2,09;C;060010001;;
CA;CAISSE;060010001;20200630;51150000;CompteLib_0053;;;06/20;20200630;EcritureLib_0142;;3721,70;0,00;D;060010001;;
CA;CAISSE;060010001;20200630;53000000;CompteLib_0031;;;06/20;20200630;EcritureLib_0142;;2861,00;0,00;D;060010001;;
CA;CAISSE;070010001;20200731;70720000;CompteLib_0058;;;07/20;20200731;EcritureLib_0143;;0,00;9675,83;C;070010001;;
CA;CAISSE;070010001;20200731;44571200;CompteLib_0059;;;07/20;20200731;EcritureLib_0143;;0,00;1935,17;C;070010001;;
CA;CAISSE;070010001;20200731;70710700;CompteLib_0060;;;07/20;20200731;EcritureLib_0143;;0,00;26075,27;C;070010001;;
CA;CAISSE;070010001;20200731;44571300;CompteLib_0061;;;07/20;20200731;EcritureLib_0143;;0,00;2607,63;C;070010001;;
CA;CAISSE;070010001;20200731;70730000;CompteLib_0062;;;07/20;20200731;EcritureLib_0143;;0,00;467,30;C;070010001;;
CA;CAISSE;070010001;20200731;44571100;CompteLib_0063;;;07/20;20200731;EcritureLib_0143;;0,00;25,70;C;070010001;;
CA;CAISSE;070010001;20200731;53000000;CompteLib_0031;;;07/20;20200731;EcritureLib_0143;;19075,50;0,00;D;070010001;;
CA;CAISSE;070010001;20200731;51150000;CompteLib_0053;;;07/20;20200731;EcritureLib_0143;;20981,30;0,00;D;070010001;;
CA;CAISSE;070010001;20200731;51140000;CompteLib_0029;;;07/20;20200731;EcritureLib_0143;;730,00;0,00;D;070010001;;
CA;CAISSE;070010001;20200731;65800000;CompteLib_0064;;;07/20;20200731;EcritureLib_0143;;0,10;0,00;D;070010001;;
CA;CAISSE;080010001;20200831;70720000;CompteLib_0058;;;08/20;20200831;EcritureLib_0144;;0,00;11734,25;C;080010001;;
CA;CAISSE;080010001;20200831;44571200;CompteLib_0059;;;08/20;20200831;EcritureLib_0144;;0,00;2346,85;C;080010001;;
CA;CAISSE;080010001;20200831;70710700;CompteLib_0060;;;08/20;20200831;EcritureLib_0144;;0,00;36053,00;C;080010001;;
CA;CAISSE;080010001;20200831;44571300;CompteLib_0061;;;08/20;20200831;EcritureLib_0144;;0,00;3605,30;C;080010001;;
CA;CAISSE;080010001;20200831;70730000;CompteLib_0062;;;08/20;20200831;EcritureLib_0144;;0,00;529,86;C;080010001;;
CA;CAISSE;080010001;20200831;44571100;CompteLib_0063;;;08/20;20200831;EcritureLib_0144;;0,00;29,14;C;080010001;;
CA;CAISSE;080010001;20200831;53000000;CompteLib_0031;;;08/20;20200831;EcritureLib_0144;;28649,40;0,00;D;080010001;;
CA;CAISSE;080010001;20200831;51120000;CompteLib_0055;;;08/20;20200831;EcritureLib_0144;;120,10;0,00;D;080010001;;
CA;CAISSE;080010001;20200831;51150000;CompteLib_0053;;;08/20;20200831;EcritureLib_0144;;24353,90;0,00;D;080010001;;
CA;CAISSE;080010001;20200831;51140000;CompteLib_0029;;;08/20;20200831;EcritureLib_0144;;1175,00;0,00;D;080010001;;
CA;CAISSE;090010001;20200930;70720000;CompteLib_0058;;;09/20;20200930;EcritureLib_0145;;0,00;3213,58;C;090010001;;
CA;CAISSE;090010001;20200930;44571200;CompteLib_0059;;;09/20;20200930;EcritureLib_0145;;0,00;642,72;C;090010001;;
CA;CAISSE;090010001;20200930;70710700;CompteLib_0060;;;09/20;20200930;EcritureLib_0145;;0,00;8794,28;C;090010001;;
CA;CAISSE;090010001;20200930;44571300;CompteLib_0061;;;09/20;20200930;EcritureLib_0145;;0,00;879,43;C;090010001;;
CA;CAISSE;090010001;20200930;70730000;CompteLib_0062;;;09/20;20200930;EcritureLib_0145;;0,00;0,95;C;090010001;;
CA;CAISSE;090010001;20200930;44571100;CompteLib_0063;;;09/20;20200930;EcritureLib_0145;;0,00;0,05;C;090010001;;
CA;CAISSE;090010001;20200930;53000000;CompteLib_0031;;;09/20;20200930;EcritureLib_0145;;5180,00;0,00;D;090010001;;
CA;CAISSE;090010001;20200930;51150000;CompteLib_0053;;;09/20;20200930;EcritureLib_0145;;8282,30;0,00;D;090010001;;
CA;CAISSE;090010001;20200930;51140000;CompteLib_0029;;;09/20;20200930;EcritureLib_0145;;60,00;0,00;D;090010001;;
CA;CAISSE;090010001;20200930;65800000;CompteLib_0064;;;09/20;20200930;EcritureLib_0145;;8,71;0,00;D;090010001;;
OD;Oprations diverses;010010001;20200101;12900000;CompteLib_0003;;;2019;20200101;EcritureLib_0146;;0,00;2762,22;C;010010001;;
OD;Oprations diverses;010010001;20200101;10100000;CompteLib_0001;;;2019;20200101;EcritureLib_0146;;2762,22;0,00;D;010010001;;
OD;Oprations diverses;010010002;20200101;53000000;CompteLib_0031;;;Non dispo;20200101;EcritureLib_0147;;0,00;6,60;C;010010002;;
OD;Oprations diverses;010010002;20200101;40100000;CompteLib_0015;401CARRE;CARREFOUR ;Non dispo;20200101;EcritureLib_0147;;6,60;0,00;D;010010002;;
OD;Oprations diverses;010010003;20200101;51219100;CompteLib_0050;;;ANOUVEAU;20200101;EcritureLib_0148;;50884,65;0,00;D;010010003;;
OD;Oprations diverses;010010003;20200101;10800000;CompteLib_0002;;;Non dispo;20200101;EcritureLib_0148;;0,00;50884,65;C;010010003;;
OD;Oprations diverses;010010004;20200108;75800000;CompteLib_0065;;;06/19;20200108;EcritureLib_0149;;0,00;123,75;C;010010004;;
OD;Oprations diverses;010010004;20200108;51140000;CompteLib_0029;;;06/19;20200108;EcritureLib_0149;;123,75;0,00;D;010010004;;
OD;Oprations diverses;010010005;20200116;75800000;CompteLib_0065;;;Non dispo;20200116;EcritureLib_0046;;0,00;0,67;C;010010005;;
OD;Oprations diverses;010010005;20200116;43100000;CompteLib_0020;;;Non dispo;20200116;EcritureLib_0046;;0,67;0,00;D;010010005;;
OD;Oprations diverses;040010001;20200407;51219100;CompteLib_0050;;;INTERETS1T2020;20200407;EcritureLib_0148;;7,85;0,00;D;040010001;;
OD;Oprations diverses;040010001;20200407;76800000;CompteLib_0066;;;INTERETS1T2020;20200407;EcritureLib_0148;;0,00;7,85;C;040010001;;
OD;Oprations diverses;050010001;20200531;65800000;CompteLib_0064;;;02/2020;20200531;EcritureLib_0150;;0,20;0,00;D;050010001;;
OD;Oprations diverses;050010001;20200531;44571200;CompteLib_0059;;;02/2020;20200531;EcritureLib_0150;;0,00;0,20;C;050010001;;
OD;Oprations diverses;060010001;20200630;44566100;CompteLib_0024;;;Non dispo;20200630;EcritureLib_0151;;0,00;306,32;C;060010001;;
OD;Oprations diverses;060010001;20200630;44571100;CompteLib_0063;;;Non dispo;20200630;EcritureLib_0151;;2,09;0,00;D;060010001;;
OD;Oprations diverses;060010001;20200630;44571200;CompteLib_0059;;;Non dispo;20200630;EcritureLib_0151;;325,35;0,00;D;060010001;;
OD;Oprations diverses;060010001;20200630;44571300;CompteLib_0061;;;Non dispo;20200630;EcritureLib_0151;;417,33;0,00;D;060010001;;
OD;Oprations diverses;060010001;20200630;44567000;CompteLib_0067;;;Non dispo;20200630;EcritureLib_0151;;0,00;1930,00;C;060010001;;
OD;Oprations diverses;060010001;20200630;44567000;CompteLib_0067;;;Non dispo;20200630;EcritureLib_0151;;1492,00;0,00;D;060010001;;
OD;Oprations diverses;060010001;20200630;75800000;CompteLib_0065;;;Non dispo;20200630;EcritureLib_0151;;0,00;0,45;C;060010001;;
OD;Oprations diverses;060010002;20200630;64110000;CompteLib_0068;;;Non dispo;20200630;EcritureLib_0152;;1012,58;0,00;D;060010002;;
OD;Oprations diverses;060010002;20200630;64110000;CompteLib_0068;;;Non dispo;20200630;EcritureLib_0152;;30,83;0,00;D;060010002;;
OD;Oprations diverses;060010002;20200630;64510000;CompteLib_0069;;;Non dispo;20200630;EcritureLib_0152;;26,07;0,00;D;060010002;;
OD;Oprations diverses;060010002;20200630;64540000;CompteLib_0070;;;Non dispo;20200630;EcritureLib_0152;;83,83;0,00;D;060010002;;
OD;Oprations diverses;060010002;20200630;64530000;CompteLib_0071;;;Non dispo;20200630;EcritureLib_0152;;12,34;0,00;D;060010002;;
OD;Oprations diverses;060010002;20200630;63120000;CompteLib_0072;;;Non dispo;20200630;EcritureLib_0152;;7,10;0,00;D;060010002;;
OD;Oprations diverses;060010002;20200630;63330000;CompteLib_0051;;;Non dispo;20200630;EcritureLib_0152;;16,17;0,00;D;060010002;;
OD;Oprations diverses;060010002;20200630;42100000;CompteLib_0018;;;Non dispo;20200630;EcritureLib_0152;;0,00;675,56;C;060010002;;
OD;Oprations diverses;060010002;20200630;42100000;CompteLib_0018;;;Non dispo;20200630;EcritureLib_0152;;0,00;150,00;C;060010002;;
OD;Oprations diverses;060010002;20200630;43100000;CompteLib_0020;;;Non dispo;20200630;EcritureLib_0152;;0,00;285,91;C;060010002;;
OD;Oprations diverses;060010002;20200630;43730000;CompteLib_0021;;;Non dispo;20200630;EcritureLib_0152;;0,00;54,18;C;060010002;;
OD;Oprations diverses;060010002;20200630;44862000;CompteLib_0073;;;Non dispo;20200630;EcritureLib_0152;;0,00;7,10;C;060010002;;
OD;Oprations diverses;060010002;20200630;44863000;CompteLib_0074;;;Non dispo;20200630;EcritureLib_0152;;0,00;16,17;C;060010002;;
OD;Oprations diverses;070010001;20200704;51219100;CompteLib_0050;;;INTERETS2T2020;20200704;EcritureLib_0148;;4,66;0,00;D;070010001;;
OD;Oprations diverses;070010001;20200704;76800000;CompteLib_0066;;;INTERETS2T2020;20200704;EcritureLib_0148;;0,00;4,66;C;070010001;;
OD;Oprations diverses;070010002;20200715;60110000;CompteLib_0036;;;4383679816;20200715;EcritureLib_0009;;0,00;3612,23;C;070010002;;
OD;Oprations diverses;070010002;20200715;40100000;CompteLib_0015;401FRANC;FRANCE BOISSONS ;4383679816;20200715;EcritureLib_0009;;3612,23;0,00;D;070010002;;
OD;Oprations diverses;070010003;20200716;65800000;CompteLib_0064;;;Non dispo;20200716;EcritureLib_0046;;0,09;0,00;D;070010003;;
OD;Oprations diverses;070010003;20200716;43100000;CompteLib_0020;;;Non dispo;20200716;EcritureLib_0046;;0,00;0,09;C;070010003;;
OD;Oprations diverses;070010004;20200730;42100000;CompteLib_0018;;;Non dispo;20200730;EcritureLib_0153;;0,00;221,54;C;070010004;;
OD;Oprations diverses;070010004;20200730;42100000;CompteLib_0018;;;Non dispo;20200730;EcritureLib_0153;;221,54;0,00;D;070010004;;
OD;Oprations diverses;070010005;20200731;64110000;CompteLib_0068;;;Non dispo;20200731;EcritureLib_0154;;7149,72;0,00;D;070010005;;
OD;Oprations diverses;070010005;20200731;64110000;CompteLib_0068;;;Non dispo;20200731;EcritureLib_0154;;10,96;0,00;D;070010005;;
OD;Oprations diverses;070010005;20200731;64110000;CompteLib_0068;;;Non dispo;20200731;EcritureLib_0154;;178,85;0,00;D;070010005;;
OD;Oprations diverses;070010005;20200731;64510000;CompteLib_0069;;;Non dispo;20200731;EcritureLib_0154;;304,07;0,00;D;070010005;;
OD;Oprations diverses;070010005;20200731;64540000;CompteLib_0070;;;Non dispo;20200731;EcritureLib_0154;;358,24;0,00;D;070010005;;
OD;Oprations diverses;070010005;20200731;64530000;CompteLib_0071;;;Non dispo;20200731;EcritureLib_0154;;114,63;0,00;D;070010005;;
OD;Oprations diverses;070010005;20200731;64520000;CompteLib_0075;;;Non dispo;20200731;EcritureLib_0154;;43,37;0,00;D;070010005;;
OD;Oprations diverses;070010005;20200731;63120000;CompteLib_0072;;;Non dispo;20200731;EcritureLib_0154;;49,90;0,00;D;070010005;;
OD;Oprations diverses;070010005;20200731;63330000;CompteLib_0051;;;Non dispo;20200731;EcritureLib_0154;;113,76;0,00;D;070010005;;
OD;Oprations diverses;070010005;20200731;79140000;CompteLib_0076;;;Non dispo;20200731;EcritureLib_0154;;0,00;178,85;C;070010005;;
OD;Oprations diverses;070010005;20200731;42100000;CompteLib_0018;;;Non dispo;20200731;EcritureLib_0154;;0,00;5583,53;C;070010005;;
OD;Oprations diverses;070010005;20200731;43730000;CompteLib_0021;;;Non dispo;20200731;EcritureLib_0154;;0,00;86,74;C;070010005;;
OD;Oprations diverses;070010005;20200731;43730000;CompteLib_0021;;;Non dispo;20200731;EcritureLib_0154;;0,00;408,95;C;070010005;;
OD;Oprations diverses;070010005;20200731;43100000;CompteLib_0020;;;Non dispo;20200731;EcritureLib_0154;;0,00;1901,77;C;070010005;;
OD;Oprations diverses;070010005;20200731;44862000;CompteLib_0073;;;Non dispo;20200731;EcritureLib_0154;;0,00;49,90;C;070010005;;
OD;Oprations diverses;070010005;20200731;44863000;CompteLib_0074;;;Non dispo;20200731;EcritureLib_0154;;0,00;113,76;C;070010005;;
OD;Oprations diverses;070010006;20200731;62750000;CompteLib_0077;;;07/2021;20200731;EcritureLib_0155;;137,41;0,00;D;070010006;;
OD;Oprations diverses;070010006;20200731;51150000;CompteLib_0053;;;07/2021;20200731;EcritureLib_0155;;0,00;137,41;C;070010006;;
OD;Oprations diverses;080010001;20200817;75800000;CompteLib_0065;;;4383840358;20200817;EcritureLib_0009;;0,00;0,01;C;080010001;;
OD;Oprations diverses;080010001;20200817;40100000;CompteLib_0015;401FRANC;FRANCE BOISSONS ;4383840358;20200817;EcritureLib_0009;;0,01;0,00;D;080010001;;
OD;Oprations diverses;080010002;20200818;40100000;CompteLib_0015;401LYONN;LYONNAISE DES EAUX ;Non dispo;20200818;EcritureLib_0156;;0,00;145,61;C;080010002;;
OD;Oprations diverses;080010002;20200818;40100000;CompteLib_0015;401LYONN;LYONNAISE DES EAUX ;Non dispo;20200818;EcritureLib_0156;;145,61;0,00;D;080010002;;
OD;Oprations diverses;080010003;20200822;53000000;CompteLib_0031;;;Non dispo;20200822;EcritureLib_0157;;0,00;21,96;C;080010003;;
OD;Oprations diverses;080010003;20200822;40100000;CompteLib_0015;401CARRE;CARREFOUR ;Non dispo;20200822;EcritureLib_0157;;21,96;0,00;D;080010003;;
OD;Oprations diverses;080010004;20200828;10800000;CompteLib_0002;;;018985;20200828;EcritureLib_0158;;0,00;629,86;C;080010004;;
OD;Oprations diverses;080010004;20200828;40100000;CompteLib_0015;401METRO;METRO ;018985;20200828;EcritureLib_0158;;629,86;0,00;D;080010004;;
OD;Oprations diverses;080010005;20200831;64110000;CompteLib_0068;;;Non dispo;20200831;EcritureLib_0159;;10678,84;0,00;D;080010005;;
OD;Oprations diverses;080010005;20200831;64110000;CompteLib_0068;;;Non dispo;20200831;EcritureLib_0159;;799,46;0,00;D;080010005;;
OD;Oprations diverses;080010005;20200831;64110000;CompteLib_0068;;;Non dispo;20200831;EcritureLib_0159;;489,10;0,00;D;080010005;;
OD;Oprations diverses;080010005;20200831;64510000;CompteLib_0069;;;Non dispo;20200831;EcritureLib_0159;;520,38;0,00;D;080010005;;
OD;Oprations diverses;080010005;20200831;64540000;CompteLib_0070;;;Non dispo;20200831;EcritureLib_0159;;502,65;0,00;D;080010005;;
OD;Oprations diverses;080010005;20200831;64530000;CompteLib_0071;;;Non dispo;20200831;EcritureLib_0159;;196,25;0,00;D;080010005;;
OD;Oprations diverses;080010005;20200831;64520000;CompteLib_0075;;;Non dispo;20200831;EcritureLib_0159;;61,86;0,00;D;080010005;;
OD;Oprations diverses;080010005;20200831;63120000;CompteLib_0072;;;Non dispo;20200831;EcritureLib_0159;;81,39;0,00;D;080010005;;
OD;Oprations diverses;080010005;20200831;63330000;CompteLib_0051;;;Non dispo;20200831;EcritureLib_0159;;185,50;0,00;D;080010005;;
OD;Oprations diverses;080010005;20200831;79140000;CompteLib_0076;;;Non dispo;20200831;EcritureLib_0159;;0,00;489,10;C;080010005;;
OD;Oprations diverses;080010005;20200831;42100000;CompteLib_0018;;;Non dispo;20200831;EcritureLib_0159;;0,00;7826,75;C;080010005;;
OD;Oprations diverses;080010005;20200831;44210000;CompteLib_0056;;;Non dispo;20200831;EcritureLib_0159;;0,00;53,91;C;080010005;;
OD;Oprations diverses;080010005;20200831;42100000;CompteLib_0018;;;Non dispo;20200831;EcritureLib_0159;;0,00;1046,73;C;080010005;;
OD;Oprations diverses;080010005;20200831;43100000;CompteLib_0020;;;Non dispo;20200831;EcritureLib_0159;;0,00;3032,20;C;080010005;;
OD;Oprations diverses;080010005;20200831;43730000;CompteLib_0021;;;Non dispo;20200831;EcritureLib_0159;;0,00;123,72;C;080010005;;
OD;Oprations diverses;080010005;20200831;43730000;CompteLib_0021;;;Non dispo;20200831;EcritureLib_0159;;0,00;676,13;C;080010005;;
OD;Oprations diverses;080010005;20200831;44862000;CompteLib_0073;;;Non dispo;20200831;EcritureLib_0159;;0,00;81,39;C;080010005;;
OD;Oprations diverses;080010005;20200831;44863000;CompteLib_0074;;;Non dispo;20200831;EcritureLib_0159;;0,00;185,50;C;080010005;;
OD;Oprations diverses;090010001;20200914;42100000;CompteLib_0018;;;Non dispo;20200914;EcritureLib_0160;;0,00;94,92;C;090010001;;
OD;Oprations diverses;090010001;20200914;42100000;CompteLib_0018;;;Non dispo;20200914;EcritureLib_0160;;94,92;0,00;D;090010001;;
OD;Oprations diverses;090010002;20200930;44571200;CompteLib_0059;;;Non dispo;20200930;EcritureLib_0161;;4924,74;0,00;D;090010002;;
OD;Oprations diverses;090010002;20200930;44571100;CompteLib_0063;;;Non dispo;20200930;EcritureLib_0161;;54,89;0,00;D;090010002;;
OD;Oprations diverses;090010002;20200930;44571300;CompteLib_0061;;;Non dispo;20200930;EcritureLib_0161;;7092,36;0,00;D;090010002;;
OD;Oprations diverses;090010002;20200930;44566100;CompteLib_0024;;;Non dispo;20200930;EcritureLib_0161;;0,00;3386,98;C;090010002;;
OD;Oprations diverses;090010002;20200930;44567000;CompteLib_0067;;;Non dispo;20200930;EcritureLib_0161;;0,00;1492,00;C;090010002;;
OD;Oprations diverses;090010002;20200930;44551000;CompteLib_0023;;;Non dispo;20200930;EcritureLib_0161;;0,00;7193,00;C;090010002;;
OD;Oprations diverses;090010002;20200930;75800000;CompteLib_0065;;;Non dispo;20200930;EcritureLib_0161;;0,00;0,01;C;090010002;;
OD;Oprations diverses;090010003;20200930;64110000;CompteLib_0068;;;Non dispo;20200930;EcritureLib_0162;;4221,98;0,00;D;090010003;;
OD;Oprations diverses;090010003;20200930;64110000;CompteLib_0068;;;Non dispo;20200930;EcritureLib_0162;;859,93;0,00;D;090010003;;
OD;Oprations diverses;090010003;20200930;64110000;CompteLib_0068;;;Non dispo;20200930;EcritureLib_0162;;149,65;0,00;D;090010003;;
OD;Oprations diverses;090010003;20200930;64510000;CompteLib_0069;;;Non dispo;20200930;EcritureLib_0162;;815,27;0,00;D;090010003;;
OD;Oprations diverses;090010003;20200930;64540000;CompteLib_0070;;;Non dispo;20200930;EcritureLib_0162;;219,72;0,00;D;090010003;;
OD;Oprations diverses;090010003;20200930;64530000;CompteLib_0071;;;Non dispo;20200930;EcritureLib_0162;;219,85;0,00;D;090010003;;
OD;Oprations diverses;090010003;20200930;64520000;CompteLib_0075;;;Non dispo;20200930;EcritureLib_0162;;34,90;0,00;D;090010003;;
OD;Oprations diverses;090010003;20200930;63120000;CompteLib_0072;;;Non dispo;20200930;EcritureLib_0162;;35,58;0,00;D;090010003;;
OD;Oprations diverses;090010003;20200930;63330000;CompteLib_0051;;;Non dispo;20200930;EcritureLib_0162;;81,11;0,00;D;090010003;;
OD;Oprations diverses;090010003;20200930;79140000;CompteLib_0076;;;Non dispo;20200930;EcritureLib_0162;;0,00;149,65;C;090010003;;
OD;Oprations diverses;090010003;20200930;42100000;CompteLib_0018;;;Non dispo;20200930;EcritureLib_0162;;0,00;3606,67;C;090010003;;
OD;Oprations diverses;090010003;20200930;44210000;CompteLib_0056;;;Non dispo;20200930;EcritureLib_0162;;0,00;53,91;C;090010003;;
OD;Oprations diverses;090010003;20200930;42100000;CompteLib_0018;;;Non dispo;20200930;EcritureLib_0162;;0,00;300,00;C;090010003;;
OD;Oprations diverses;090010003;20200930;43100000;CompteLib_0020;;;Non dispo;20200930;EcritureLib_0162;;0,00;1911,62;C;090010003;;
OD;Oprations diverses;090010003;20200930;43730000;CompteLib_0021;;;Non dispo;20200930;EcritureLib_0162;;0,00;69,80;C;090010003;;
OD;Oprations diverses;090010003;20200930;43730000;CompteLib_0021;;;Non dispo;20200930;EcritureLib_0162;;0,00;429,65;C;090010003;;
OD;Oprations diverses;090010003;20200930;44862000;CompteLib_0073;;;Non dispo;20200930;EcritureLib_0162;;0,00;35,58;C;090010003;;
OD;Oprations diverses;090010003;20200930;44863000;CompteLib_0074;;;Non dispo;20200930;EcritureLib_0162;;0,00;81,11;C;090010003;;
OD;Oprations diverses;100010001;20201002;65800000;CompteLib_0064;;;08/20;20201002;EcritureLib_0120;;10,80;0,00;D;100010001;;
OD;Oprations diverses;100010001;20201002;51120000;CompteLib_0055;;;08/20;20201002;EcritureLib_0120;;0,00;10,80;C;100010001;;
OD;Oprations diverses;100010002;20201008;51219100;CompteLib_0050;;;INTERETS3T2020;20201008;EcritureLib_0148;;8,12;0,00;D;100010002;;
OD;Oprations diverses;100010002;20201008;76800000;CompteLib_0066;;;INTERETS3T2020;20201008;EcritureLib_0148;;0,00;8,12;C;100010002;;
OD;Oprations diverses;100010003;20201016;75800000;CompteLib_0065;;;Non dispo;20201016;EcritureLib_0046;;0,00;0,77;C;100010003;;
OD;Oprations diverses;100010003;20201016;43100000;CompteLib_0020;;;Non dispo;20201016;EcritureLib_0046;;0,77;0,00;D;100010003;;
OD;Oprations diverses;100010004;20201016;65800000;CompteLib_0064;;;Non dispo;20201016;EcritureLib_0046;;0,80;0,00;D;100010004;;
OD;Oprations diverses;100010004;20201016;43100000;CompteLib_0020;;;Non dispo;20201016;EcritureLib_0046;;0,00;0,80;C;100010004;;
OD;Oprations diverses;100010005;20201016;65800000;CompteLib_0064;;;Non dispo;20201016;EcritureLib_0046;;0,38;0,00;D;100010005;;
OD;Oprations diverses;100010005;20201016;43100000;CompteLib_0020;;;Non dispo;20201016;EcritureLib_0046;;0,00;0,38;C;100010005;;
OD;Oprations diverses;100010006;20201021;65800000;CompteLib_0064;;;Non dispo;20201021;EcritureLib_0132;;0,18;0,00;D;100010006;;
OD;Oprations diverses;100010006;20201021;44210000;CompteLib_0056;;;Non dispo;20201021;EcritureLib_0132;;0,00;0,18;C;100010006;;
OD;Oprations diverses;100010007;20201030;44567000;CompteLib_0067;;;Non dispo;20201030;EcritureLib_0163;;213,00;0,00;D;100010007;;
OD;Oprations diverses;100010007;20201030;44566100;CompteLib_0024;;;Non dispo;20201030;EcritureLib_0163;;0,00;213,06;C;100010007;;
OD;Oprations diverses;100010007;20201030;65800000;CompteLib_0064;;;Non dispo;20201030;EcritureLib_0163;;0,06;0,00;D;100010007;;
OD;Oprations diverses;100010008;20201031;64110000;CompteLib_0068;;;Non dispo;20201031;EcritureLib_0164;;2123,38;0,00;D;100010008;;
OD;Oprations diverses;100010008;20201031;64110000;CompteLib_0068;;;Non dispo;20201031;EcritureLib_0164;;73,00;0,00;D;100010008;;
OD;Oprations diverses;100010008;20201031;64510000;CompteLib_0069;;;Non dispo;20201031;EcritureLib_0164;;398,54;0,00;D;100010008;;
OD;Oprations diverses;100010008;20201031;64540000;CompteLib_0070;;;Non dispo;20201031;EcritureLib_0164;;92,24;0,00;D;100010008;;
OD;Oprations diverses;100010008;20201031;64530000;CompteLib_0071;;;Non dispo;20201031;EcritureLib_0164;;105,28;0,00;D;100010008;;
OD;Oprations diverses;100010008;20201031;64520000;CompteLib_0075;;;Non dispo;20201031;EcritureLib_0164;;22,79;0,00;D;100010008;;
OD;Oprations diverses;100010008;20201031;63120000;CompteLib_0072;;;Non dispo;20201031;EcritureLib_0164;;14,94;0,00;D;100010008;;
OD;Oprations diverses;100010008;20201031;63330000;CompteLib_0051;;;Non dispo;20201031;EcritureLib_0164;;34,04;0,00;D;100010008;;
OD;Oprations diverses;100010008;20201031;79140000;CompteLib_0076;;;Non dispo;20201031;EcritureLib_0164;;0,00;73,00;C;100010008;;
OD;Oprations diverses;100010008;20201031;42100000;CompteLib_0018;;;Non dispo;20201031;EcritureLib_0164;;0,00;1586,91;C;100010008;;
OD;Oprations diverses;100010008;20201031;44210000;CompteLib_0056;;;Non dispo;20201031;EcritureLib_0164;;0,00;53,73;C;100010008;;
OD;Oprations diverses;100010008;20201031;43100000;CompteLib_0020;;;Non dispo;20201031;EcritureLib_0164;;0,00;862,65;C;100010008;;
OD;Oprations diverses;100010008;20201031;43730000;CompteLib_0021;;;Non dispo;20201031;EcritureLib_0164;;0,00;45,58;C;100010008;;
OD;Oprations diverses;100010008;20201031;43730000;CompteLib_0021;;;Non dispo;20201031;EcritureLib_0164;;0,00;193,36;C;100010008;;
OD;Oprations diverses;100010008;20201031;44862000;CompteLib_0073;;;Non dispo;20201031;EcritureLib_0164;;0,00;14,94;C;100010008;;
OD;Oprations diverses;100010008;20201031;44863000;CompteLib_0074;;;Non dispo;20201031;EcritureLib_0164;;0,00;34,04;C;100010008;;
OD;Oprations diverses;100010009;20201031;63512000;CompteLib_0054;;;REGLEBRUNOSOBRIE;20201031;EcritureLib_0165;;2930,00;0,00;D;100010009;;
OD;Oprations diverses;100010009;20201031;10800000;CompteLib_0002;;;REGLEBRUNOSOBRIE;20201031;EcritureLib_0165;;0,00;2930,00;C;100010009;;
OD;Oprations diverses;110010001;20201123;42100000;CompteLib_0018;;;Non dispo;20201123;EcritureLib_0166;;0,00;99,65;C;110010001;;
OD;Oprations diverses;110010001;20201123;42100000;CompteLib_0018;;;Non dispo;20201123;EcritureLib_0166;;99,65;0,00;D;110010001;;
OD;Oprations diverses;110010002;20201127;61320000;CompteLib_0052;;;4TRI2020;20201127;EcritureLib_0167;;3600,00;0,00;D;110010002;;
OD;Oprations diverses;110010002;20201127;51219100;CompteLib_0050;;;4TRI2020;20201127;EcritureLib_0167;;0,00;3600,00;C;110010002;;
OD;Oprations diverses;110010003;20201130;44566100;CompteLib_0024;;;Non dispo;20201130;EcritureLib_0168;;0,00;103,67;C;110010003;;
OD;Oprations diverses;110010003;20201130;44567000;CompteLib_0067;;;Non dispo;20201130;EcritureLib_0168;;0,00;213,00;C;110010003;;
OD;Oprations diverses;110010003;20201130;44567000;CompteLib_0067;;;Non dispo;20201130;EcritureLib_0168;;317,00;0,00;D;110010003;;
OD;Oprations diverses;110010003;20201130;75800000;CompteLib_0065;;;Non dispo;20201130;EcritureLib_0168;;0,00;0,33;C;110010003;;
OD;Oprations diverses;110010004;20201130;64110000;CompteLib_0068;;;Non dispo;20201130;EcritureLib_0169;;163,38;0,00;D;110010004;;
OD;Oprations diverses;110010004;20201130;64510000;CompteLib_0069;;;Non dispo;20201130;EcritureLib_0169;;26,57;0,00;D;110010004;;
OD;Oprations diverses;110010004;20201130;64540000;CompteLib_0070;;;Non dispo;20201130;EcritureLib_0169;;6,87;0,00;D;110010004;;
OD;Oprations diverses;110010004;20201130;64530000;CompteLib_0071;;;Non dispo;20201130;EcritureLib_0169;;7,12;0,00;D;110010004;;
OD;Oprations diverses;110010004;20201130;64520000;CompteLib_0075;;;Non dispo;20201130;EcritureLib_0169;;14,65;0,00;D;110010004;;
OD;Oprations diverses;110010004;20201130;63120000;CompteLib_0072;;;Non dispo;20201130;EcritureLib_0169;;1,11;0,00;D;110010004;;
OD;Oprations diverses;110010004;20201130;63330000;CompteLib_0051;;;Non dispo;20201130;EcritureLib_0169;;2,53;0,00;D;110010004;;
OD;Oprations diverses;110010004;20201130;64140000;CompteLib_0078;;;Non dispo;20201130;EcritureLib_0169;;1419,17;0,00;D;110010004;;
OD;Oprations diverses;110010004;20201130;42100000;CompteLib_0018;;;Non dispo;20201130;EcritureLib_0169;;0,00;1485,88;C;110010004;;
OD;Oprations diverses;110010004;20201130;44210000;CompteLib_0056;;;Non dispo;20201130;EcritureLib_0169;;0,00;46,55;C;110010004;;
OD;Oprations diverses;110010004;20201130;43100000;CompteLib_0020;;;Non dispo;20201130;EcritureLib_0169;;0,00;62,35;C;110010004;;
OD;Oprations diverses;110010004;20201130;43730000;CompteLib_0021;;;Non dispo;20201130;EcritureLib_0169;;0,00;29,30;C;110010004;;
OD;Oprations diverses;110010004;20201130;43730000;CompteLib_0021;;;Non dispo;20201130;EcritureLib_0169;;0,00;13,68;C;110010004;;
OD;Oprations diverses;110010004;20201130;44862000;CompteLib_0073;;;Non dispo;20201130;EcritureLib_0169;;0,00;1,11;C;110010004;;
OD;Oprations diverses;110010004;20201130;44863000;CompteLib_0074;;;Non dispo;20201130;EcritureLib_0169;;0,00;2,53;C;110010004;;
OD;Oprations diverses;120010001;20201231;64110000;CompteLib_0068;;;Non dispo;20201231;EcritureLib_0170;;1331,24;0,00;D;120010001;;
OD;Oprations diverses;120010001;20201231;64510000;CompteLib_0069;;;Non dispo;20201231;EcritureLib_0170;;805,85;0,00;D;120010001;;
OD;Oprations diverses;120010001;20201231;64540000;CompteLib_0070;;;Non dispo;20201231;EcritureLib_0170;;55,92;0,00;D;120010001;;
OD;Oprations diverses;120010001;20201231;64530000;CompteLib_0071;;;Non dispo;20201231;EcritureLib_0170;;194,05;0,00;D;120010001;;
OD;Oprations diverses;120010001;20201231;64520000;CompteLib_0075;;;Non dispo;20201231;EcritureLib_0170;;31,25;0,00;D;120010001;;
OD;Oprations diverses;120010001;20201231;63120000;CompteLib_0072;;;Non dispo;20201231;EcritureLib_0170;;9,05;0,00;D;120010001;;
OD;Oprations diverses;120010001;20201231;63330000;CompteLib_0051;;;Non dispo;20201231;EcritureLib_0170;;20,63;0,00;D;120010001;;
OD;Oprations diverses;120010001;20201231;64140000;CompteLib_0078;;;Non dispo;20201231;EcritureLib_0170;;500,00;0,00;D;120010001;;
OD;Oprations diverses;120010001;20201231;64140000;CompteLib_0078;;;Non dispo;20201231;EcritureLib_0170;;1561,08;0,00;D;120010001;;
OD;Oprations diverses;120010001;20201231;42100000;CompteLib_0018;;;Non dispo;20201231;EcritureLib_0170;;0,00;2900,59;C;120010001;;
OD;Oprations diverses;120010001;20201231;44210000;CompteLib_0056;;;Non dispo;20201231;EcritureLib_0170;;0,00;77,26;C;120010001;;
OD;Oprations diverses;120010001;20201231;43100000;CompteLib_0020;;;Non dispo;20201231;EcritureLib_0170;;0,00;1191,61;C;120010001;;
OD;Oprations diverses;120010001;20201231;43730000;CompteLib_0021;;;Non dispo;20201231;EcritureLib_0170;;0,00;62,50;C;120010001;;
OD;Oprations diverses;120010001;20201231;43730000;CompteLib_0021;;;Non dispo;20201231;EcritureLib_0170;;0,00;247,43;C;120010001;;
OD;Oprations diverses;120010001;20201231;44862000;CompteLib_0073;;;Non dispo;20201231;EcritureLib_0170;;0,00;9,05;C;120010001;;
OD;Oprations diverses;120010001;20201231;44863000;CompteLib_0074;;;Non dispo;20201231;EcritureLib_0170;;0,00;20,63;C;120010001;;
OD;Oprations diverses;120010002;20201231;28154000;CompteLib_0010;;;21540000;20201231;EcritureLib_0171;;0,00;3214,60;C;120010002;;
OD;Oprations diverses;120010002;20201231;68112000;CompteLib_0079;;;21540000;20201231;EcritureLib_0171;;3214,60;0,00;D;120010002;;
OD;Oprations diverses;120010003;20201231;28181000;CompteLib_0011;;;21810000;20201231;EcritureLib_0171;;0,00;77,41;C;120010003;;
OD;Oprations diverses;120010003;20201231;68112000;CompteLib_0079;;;21810000;20201231;EcritureLib_0171;;77,41;0,00;D;120010003;;
OD;Oprations diverses;120010004;20201231;28183000;CompteLib_0012;;;21830000;20201231;EcritureLib_0171;;0,00;566,04;C;120010004;;
OD;Oprations diverses;120010004;20201231;68112000;CompteLib_0079;;;21830000;20201231;EcritureLib_0171;;566,04;0,00;D;120010004;;
OD;Oprations diverses;120010005;20201231;28184000;CompteLib_0013;;;21840000;20201231;EcritureLib_0171;;0,00;99,60;C;120010005;;
OD;Oprations diverses;120010005;20201231;68112000;CompteLib_0079;;;21840000;20201231;EcritureLib_0171;;99,60;0,00;D;120010005;;
OD;Oprations diverses;120010006;20201231;75800000;CompteLib_0065;;;Non dispo;20201231;EcritureLib_0172;;0,00;195,00;C;120010006;;
OD;Oprations diverses;120010006;20201231;42700000;CompteLib_0019;;;Non dispo;20201231;EcritureLib_0172;;195,00;0,00;D;120010006;;
OD;Oprations diverses;120010007;20201231;65800000;CompteLib_0064;;;1234040166Avoir;20201231;EcritureLib_0006;;22,14;0,00;D;120010007;;
OD;Oprations diverses;120010007;20201231;40100000;CompteLib_0015;401DAVIG;DAVIGEL ;1234040166Avoir;20201231;EcritureLib_0006;;0,00;22,14;C;120010007;;
OD;Oprations diverses;120010008;20201231;75800000;CompteLib_0065;;;Non dispo;20201231;EcritureLib_0173;;0,00;15,80;C;120010008;;
OD;Oprations diverses;120010008;20201231;42100000;CompteLib_0018;;;Non dispo;20201231;EcritureLib_0173;;15,80;0,00;D;120010008;;
OD;Oprations diverses;120010009;20201231;75800000;CompteLib_0065;;;20/190599;20201231;EcritureLib_0174;;0,00;88,96;C;120010009;;
OD;Oprations diverses;120010009;20201231;40100000;CompteLib_0015;401RESTS;RESTO SERVICE ;20/190599;20201231;EcritureLib_0174;;88,96;0,00;D;120010009;;
OD1;Oprations diverses  utiliser;010010001;20200101;62260000;CompteLib_0039;;;Extourne231/12/2019;20200101;EcritureLib_0175;;0,00;1110,00;C;010010001;;
OD1;Oprations diverses  utiliser;010010001;20200101;44586000;CompteLib_0025;;;Extourne231/12/2019;20200101;EcritureLib_0175;;0,00;222,00;C;010010001;;
OD1;Oprations diverses  utiliser;010010001;20200101;40810000;CompteLib_0016;;;Extourne231/12/2019;20200101;EcritureLib_0175;;1332,00;0,00;D;010010001;;
OD1;Oprations diverses  utiliser;010010002;20200101;63330000;CompteLib_0051;;;Extourne331/12/2019;20200101;EcritureLib_0176;;0,00;562,65;C;010010002;;
OD1;Oprations diverses  utiliser;010010002;20200101;44586000;CompteLib_0025;;;Extourne331/12/2019;20200101;EcritureLib_0176;;0,00;112,53;C;010010002;;
OD1;Oprations diverses  utiliser;010010002;20200101;44860000;CompteLib_0026;;;Extourne331/12/2019;20200101;EcritureLib_0176;;675,18;0,00;D;010010002;;
OD1;Oprations diverses  utiliser;010010003;20200101;61320000;CompteLib_0052;;;Extourne431/12/2019;20200101;EcritureLib_0177;;7200,00;0,00;D;010010003;;
OD1;Oprations diverses  utiliser;010010003;20200101;48600000;CompteLib_0028;;;Extourne431/12/2019;20200101;EcritureLib_0177;;0,00;7200,00;C;010010003;;
OD1;Oprations diverses  utiliser;010010004;20200101;10800000;CompteLib_0002;;;2019;20200101;EcritureLib_0051;;63495,86;0,00;D;010010004;;
OD1;Oprations diverses  utiliser;010010004;20200101;10100000;CompteLib_0001;;;2019;20200101;EcritureLib_0051;;0,00;63495,86;C;010010004;;
OD1;Oprations diverses  utiliser;010010005;20200131;44571200;CompteLib_0059;;;Non dispo;20200131;EcritureLib_0178;;619,60;0,00;D;010010005;;
OD1;Oprations diverses  utiliser;010010005;20200131;44566100;CompteLib_0024;;;Non dispo;20200131;EcritureLib_0178;;0,00;394,61;C;010010005;;
OD1;Oprations diverses  utiliser;010010005;20200131;44551000;CompteLib_0023;;;Non dispo;20200131;EcritureLib_0178;;0,00;225,00;C;010010005;;
OD1;Oprations diverses  utiliser;010010005;20200131;65800000;CompteLib_0064;;;Non dispo;20200131;EcritureLib_0178;;0,01;0,00;D;010010005;;
OD1;Oprations diverses  utiliser;010010006;20200131;64600000;CompteLib_0048;;;REGUL2019;20200131;EcritureLib_0179;;440,00;0,00;D;010010006;;
OD1;Oprations diverses  utiliser;010010006;20200131;43870000;CompteLib_0022;;;REGUL2019;20200131;EcritureLib_0179;;0,00;440,00;C;010010006;;
OD1;Oprations diverses  utiliser;050010001;20200531;44566100;CompteLib_0024;;;Non dispo;20200531;EcritureLib_0180;;0,00;3789,00;C;050010001;;
OD1;Oprations diverses  utiliser;050010001;20200531;44571200;CompteLib_0059;;;Non dispo;20200531;EcritureLib_0180;;1859,00;0,00;D;050010001;;
OD1;Oprations diverses  utiliser;050010001;20200531;44567000;CompteLib_0067;;;Non dispo;20200531;EcritureLib_0180;;1930,00;0,00;D;050010001;;
OD1;Oprations diverses  utiliser;060010001;20200630;62750000;CompteLib_0077;;;Non dispo;20200630;EcritureLib_0155;;201,78;0,00;D;060010001;;
OD1;Oprations diverses  utiliser;060010001;20200630;51150000;CompteLib_0053;;;Non dispo;20200630;EcritureLib_0155;;0,00;201,78;C;060010001;;
OD1;Oprations diverses  utiliser;080010001;20200831;62750000;CompteLib_0077;;;08/2021;20200831;EcritureLib_0155;;209,01;0,00;D;080010001;;
OD1;Oprations diverses  utiliser;080010001;20200831;51150000;CompteLib_0053;;;08/2021;20200831;EcritureLib_0155;;0,00;209,01;C;080010001;;
OD1;Oprations diverses  utiliser;090010001;20200930;62750000;CompteLib_0077;;;09/2021;20200930;EcritureLib_0155;;65,50;0,00;D;090010001;;
OD1;Oprations diverses  utiliser;090010001;20200930;51150000;CompteLib_0053;;;09/2021;20200930;EcritureLib_0155;;0,00;65,50;C;090010001;;
OD1;Oprations diverses  utiliser;090010002;20200930;62750000;CompteLib_0077;;;Non dispo;20200930;EcritureLib_0155;;0,00;0,10;C;090010002;;
OD1;Oprations diverses  utiliser;090010002;20200930;51150000;CompteLib_0053;;;Non dispo;20200930;EcritureLib_0155;;0,10;0,00;D;090010002;;
OD1;Oprations diverses  utiliser;120010001;20201231;62260000;CompteLib_0039;;;CAP;20201231;EcritureLib_0181;;1126,75;0,00;D;120010001;;
OD1;Oprations diverses  utiliser;120010001;20201231;44586000;CompteLib_0025;;;CAP;20201231;EcritureLib_0181;;225,35;0,00;D;120010001;;
OD1;Oprations diverses  utiliser;120010001;20201231;40810000;CompteLib_0016;;;CAP;20201231;EcritureLib_0181;;0,00;1352,10;C;120010001;;
OD1;Oprations diverses  utiliser;120010002;20201231;62280000;CompteLib_0044;;;CCA;20201231;EcritureLib_0182;;0,00;438,55;C;120010002;;
OD1;Oprations diverses  utiliser;120010002;20201231;48600000;CompteLib_0028;;;CCA;20201231;EcritureLib_0182;;438,55;0,00;D;120010002;;
OD1;Oprations diverses  utiliser;120010003;20201231;64610000;CompteLib_0047;;;CAP;20201231;EcritureLib_0183;;1392,00;0,00;D;120010003;;
OD1;Oprations diverses  utiliser;120010003;20201231;43864600;CompteLib_0080;;;CAP;20201231;EcritureLib_0183;;0,00;1392,00;C;120010003;;
OD1;Oprations diverses  utiliser;120010004;20201231;64600000;CompteLib_0048;;;RSI2020;20201231;EcritureLib_0184;;0,00;140,00;C;120010004;;
OD1;Oprations diverses  utiliser;120010004;20201231;63330000;CompteLib_0051;;;RSI2020;20201231;EcritureLib_0184;;140,00;0,00;D;120010004;;
OD1;Oprations diverses  utiliser;120010005;20201231;64600000;CompteLib_0048;;;RSIREGUL2019;20201231;EcritureLib_0185;;589,00;0,00;D;120010005;;
OD1;Oprations diverses  utiliser;120010005;20201231;63730000;CompteLib_0081;;;RSIREGUL2019;20201231;EcritureLib_0185;;0,00;411,00;C;120010005;;
OD1;Oprations diverses  utiliser;120010005;20201231;10800000;CompteLib_0002;;;RSIREGUL2019;20201231;EcritureLib_0185;;0,00;178,00;C;120010005;;
OD1;Oprations diverses  utiliser;120010006;20201231;64600000;CompteLib_0048;;;RSI2020;20201231;EcritureLib_0186;;0,00;149,00;C;120010006;;
OD1;Oprations diverses  utiliser;120010006;20201231;63730000;CompteLib_0081;;;RSI2020;20201231;EcritureLib_0186;;104,00;0,00;D;120010006;;
OD1;Oprations diverses  utiliser;120010006;20201231;10800000;CompteLib_0002;;;RSI2020;20201231;EcritureLib_0186;;45,00;0,00;D;120010006;;
OD1;Oprations diverses  utiliser;120010007;20201231;64600000;CompteLib_0048;;;CAP;20201231;EcritureLib_0187;;503,00;0,00;D;120010007;;
OD1;Oprations diverses  utiliser;120010007;20201231;43864600;CompteLib_0080;;;CAP;20201231;EcritureLib_0187;;0,00;503,00;C;120010007;;
OD1;Oprations diverses  utiliser;120010008;20201231;31000000;CompteLib_0014;;;31/12/2019;20201231;EcritureLib_0188;;0,00;2096,00;C;120010008;;
OD1;Oprations diverses  utiliser;120010008;20201231;60310000;CompteLib_0082;;;31/12/2019;20201231;EcritureLib_0188;;2096,00;0,00;D;120010008;;
OD1;Oprations diverses  utiliser;120010009;20201231;31000000;CompteLib_0014;;;31/12/2020;20201231;EcritureLib_0188;;1206,97;0,00;D;120010009;;
OD1;Oprations diverses  utiliser;120010009;20201231;60310000;CompteLib_0082;;;31/12/2020;20201231;EcritureLib_0188;;0,00;1206,97;C;120010009;;
OD1;Oprations diverses  utiliser;120010010;20201231;64600000;CompteLib_0048;;;CAP;20201231;EcritureLib_0189;;223,00;0,00;D;120010010;;
OD1;Oprations diverses  utiliser;120010010;20201231;63730000;CompteLib_0081;;;CAP;20201231;EcritureLib_0189;;384,00;0,00;D;120010010;;
OD1;Oprations diverses  utiliser;120010010;20201231;43864600;CompteLib_0080;;;CAP;20201231;EcritureLib_0189;;0,00;607,00;C;120010010;;
VEN;Ventes;010010001;20200131;41110000;CompteLib_0017;;;01/2020;20200131;EcritureLib_0190;;3717,60;0,00;D;010010001;;
VEN;Ventes;010010001;20200131;70830000;CompteLib_0083;;;01/2020;20200131;EcritureLib_0190;;0,00;1948,00;C;010010001;;
VEN;Ventes;010010001;20200131;70880000;CompteLib_0084;;;01/2020;20200131;EcritureLib_0190;;0,00;1150,00;C;010010001;;
VEN;Ventes;010010001;20200131;44571200;CompteLib_0059;;;01/2020;20200131;EcritureLib_0190;;0,00;619,60;C;010010001;;
VEN;Ventes;020010001;20200201;41110000;CompteLib_0017;;;02/2020;20200201;EcritureLib_0191;;3717,60;0,00;D;020010001;;
VEN;Ventes;020010001;20200201;70830000;CompteLib_0083;;;02/2020;20200201;EcritureLib_0191;;0,00;1948,00;C;020010001;;
VEN;Ventes;020010001;20200201;70880000;CompteLib_0084;;;02/2020;20200201;EcritureLib_0191;;0,00;1150,00;C;020010001;;
VEN;Ventes;020010001;20200201;44571200;CompteLib_0059;;;02/2020;20200201;EcritureLib_0191;;0,00;619,60;C;020010001;;
VEN;Ventes;030010001;20200301;41110000;CompteLib_0017;;;03/2020;20200301;EcritureLib_0191;;3717,60;0,00;D;030010001;;
VEN;Ventes;030010001;20200301;70830000;CompteLib_0083;;;03/2020;20200301;EcritureLib_0191;;0,00;1948,00;C;030010001;;
VEN;Ventes;030010001;20200301;70880000;CompteLib_0084;;;03/2020;20200301;EcritureLib_0191;;0,00;1150,00;C;030010001;;
VEN;Ventes;030010001;20200301;44571200;CompteLib_0059;;;03/2020;20200301;EcritureLib_0191;;0,00;619,60;C;030010001;;
VEN;Ventes;060010001;20200601;41110000;CompteLib_0017;;;04-05-06/2020;20200601;EcritureLib_0191;;11152,80;0,00;D;060010001;;
VEN;Ventes;060010001;20200601;70830000;CompteLib_0083;;;04-05-06/2020;20200601;EcritureLib_0191;;0,00;5844,00;C;060010001;;
VEN;Ventes;060010001;20200601;70880000;CompteLib_0084;;;04-05-06/2020;20200601;EcritureLib_0191;;0,00;1200,00;C;060010001;;
VEN;Ventes;060010001;20200601;70880000;CompteLib_0084;;;04-05-06/2020;20200601;EcritureLib_0191;;0,00;2250,00;C;060010001;;
VEN;Ventes;060010001;20200601;44571200;CompteLib_0059;;;04-05-06/2020;20200601;EcritureLib_0191;;0,00;1858,80;C;060010001;;
VEN;Ventes;070010001;20200701;41110000;CompteLib_0017;;;07/2020;20200701;EcritureLib_0191;;3717,60;0,00;D;070010001;;
VEN;Ventes;070010001;20200701;70830000;CompteLib_0083;;;07/2020;20200701;EcritureLib_0191;;0,00;1948,00;C;070010001;;
VEN;Ventes;070010001;20200701;70880000;CompteLib_0084;;;07/2020;20200701;EcritureLib_0191;;0,00;1150,00;C;070010001;;
VEN;Ventes;070010001;20200701;44571200;CompteLib_0059;;;07/2020;20200701;EcritureLib_0191;;0,00;619,60;C;070010001;;
VEN;Ventes;080010001;20200801;41110000;CompteLib_0017;;;08/2020;20200801;EcritureLib_0191;;3717,60;0,00;D;080010001;;
VEN;Ventes;080010001;20200801;70830000;CompteLib_0083;;;08/2020;20200801;EcritureLib_0191;;0,00;1948,00;C;080010001;;
VEN;Ventes;080010001;20200801;70880000;CompteLib_0084;;;08/2020;20200801;EcritureLib_0191;;0,00;1150,00;C;080010001;;
VEN;Ventes;080010001;20200801;44571200;CompteLib_0059;;;08/2020;20200801;EcritureLib_0191;;0,00;619,60;C;080010001;;
VEN;Ventes;090010001;20200901;41110000;CompteLib_0017;;;09/2020;20200901;EcritureLib_0191;;3717,60;0,00;D;090010001;;
VEN;Ventes;090010001;20200901;70830000;CompteLib_0083;;;09/2020;20200901;EcritureLib_0191;;0,00;1948,00;C;090010001;;
VEN;Ventes;090010001;20200901;70880000;CompteLib_0084;;;09/2020;20200901;EcritureLib_0191;;0,00;1150,00;C;090010001;;
VEN;Ventes;090010001;20200901;44571200;CompteLib_0059;;;09/2020;20200901;EcritureLib_0191;;0,00;619,60;C;090010001;;
VEN;Ventes;120010001;20201201;41110000;CompteLib_0017;;;10-11-12/2020;20201201;EcritureLib_0191;;4140,00;0,00;D;120010001;;
VEN;Ventes;120010001;20201201;70880000;CompteLib_0084;;;10-11-12/2020;20201201;EcritureLib_0191;;0,00;1200,00;C;120010001;;
VEN;Ventes;120010001;20201201;70880000;CompteLib_0084;;;10-11-12/2020;20201201;EcritureLib_0191;;0,00;2250,00;C;120010001;;
VEN;Ventes;120010001;20201201;44571200;CompteLib_0059;;;10-11-12/2020;20201201;EcritureLib_0191;;0,00;690,00;C;120010001;;
