JournalCode;JournalLib;EcritureNum;EcritureDate;CompteNum;CompteLib;CompAuxNum;CompAuxLib;PieceRef;PieceDate;EcritureLib;ValidDate;MontantDebit;MontantCredit;Sens;RefEcriture;EcritureLet;DateLet
AO;A Nouveau;;20241001;10130000;CompteLib_0001;;;24J3;20241001;EcritureLib_0001;;0,00;100,00;C;;;
AO;A Nouveau;;20241001;10611000;CompteLib_0002;;;24J3;20241001;EcritureLib_0002;;0,00;10,00;C;;;
AO;A Nouveau;;20241001;10680000;CompteLib_0003;;;24J3;20241001;EcritureLib_0003;;0,00;6520,64;C;;;
AO;A Nouveau;;20241001;20700000;CompteLib_0004;;;24J3;20241001;EcritureLib_0004;;12750,00;0,00;D;;;
AO;A Nouveau;;20241001;21540000;CompteLib_0005;;;24J3;20241001;EcritureLib_0005;;7250,00;0,00;D;;;
AO;A Nouveau;;20241001;21810000;CompteLib_0006;;;24J3;20241001;EcritureLib_0006;;8000,00;0,00;D;;;
AO;A Nouveau;;20241001;21840000;CompteLib_0007;;;24J3;20241001;EcritureLib_0007;;780,84;0,00;D;;;
AO;A Nouveau;;20241001;27500000;CompteLib_0008;;;24J3;20241001;EcritureLib_0008;;6000,00;0,00;D;;;
AO;A Nouveau;;20241001;28154000;CompteLib_0009;;;24J3;20241001;EcritureLib_0009;;0,00;4081,85;C;;;
AO;A Nouveau;;20241001;28181000;CompteLib_0010;;;24J3;20241001;EcritureLib_0010;;0,00;3303,01;C;;;
AO;A Nouveau;;20241001;28184000;CompteLib_0011;;;24J3;20241001;EcritureLib_0011;;0,00;98,47;C;;;
AO;A Nouveau;;20241001;40100000;CompteLib_0012;401VANDEN;VANDENBULCKE;24J3;20241001;EcritureLib_0012;;0,00;517,08;C;;;
AO;A Nouveau;;20241001;42100000;CompteLib_0013;;;24J3;20241001;EcritureLib_0013;;0,00;3661,81;C;;;
AO;A Nouveau;;20241001;43703000;CompteLib_0014;;;24J3;20241001;EcritureLib_0014;;0,00;72,78;C;;;
AO;A Nouveau;;20241001;44551000;CompteLib_0015;;;24J3;20241001;EcritureLib_0015;;0,00;3026,00;C;;;
AO;A Nouveau;;20241001;44860000;CompteLib_0016;;;24J3;20241001;EcritureLib_0016;;0,00;445,50;C;;;
AO;A Nouveau;;20241001;45500000;CompteLib_0017;;;24J3;20241001;EcritureLib_0017;;0,00;12691,43;C;;;
AO;A Nouveau;;20241001;48600000;CompteLib_0018;;;24J3;20241001;EcritureLib_0018;;85,00;0,00;D;;;
AO;A Nouveau;;20241001;51220000;CompteLib_0019;;;24J3;20241001;EcritureLib_0019;;1633,85;0,00;D;;;
AO;A Nouveau;;20241001;53000000;CompteLib_0020;;;24J3;20241001;EcritureLib_0020;;150,00;0,00;D;;;
AO;A Nouveau;;20241001;12000000;CompteLib_0021;;;24J3;20241001;EcritureLib_0021;;0,00;2121,12;C;;;
AT;Achats Tiime;;20241004;60700000;CompteLib_0022;;;24J21;20241004;EcritureLib_0022;;58,36;0,00;D;;;
AT;Achats Tiime;;20241004;44566100;CompteLib_0023;;;24J21;20241004;EcritureLib_0022;;3,63;0,00;D;;;
AT;Achats Tiime;;20241004;40100000;CompteLib_0012;401INTER;INTERESTO;24J21;20241004;EcritureLib_0022;;0,00;61,99;C;;AM;20241204
AT;Achats Tiime;;20241004;60700000;CompteLib_0022;;;24J22;20241004;EcritureLib_0023;;34,49;0,00;D;;;
AT;Achats Tiime;;20241004;44566100;CompteLib_0023;;;24J22;20241004;EcritureLib_0023;;1,90;0,00;D;;;
AT;Achats Tiime;;20241004;40100000;CompteLib_0012;401LECLERC;LECLERC;24J22;20241004;EcritureLib_0023;;0,00;36,39;C;;AZ;20241204
AT;Achats Tiime;;20241005;60700000;CompteLib_0022;;;0/0(013)00000/0352412;20241005;EcritureLib_0024;;276,02;0,00;D;;;
AT;Achats Tiime;;20241005;44566100;CompteLib_0023;;;0/0(013)00000/0352412;20241005;EcritureLib_0024;;17,61;0,00;D;;;
AT;Achats Tiime;;20241005;40100000;CompteLib_0012;401METRO;METRO;0/0(013)00000/0352412;20241005;EcritureLib_0024;;0,00;293,63;C;;AQ;20241204
AT;Achats Tiime;;20241005;60700000;CompteLib_0022;;;24J24;20241005;EcritureLib_0025;;23,45;0,00;D;;;
AT;Achats Tiime;;20241005;44566100;CompteLib_0023;;;24J24;20241005;EcritureLib_0025;;1,19;0,00;D;;;
AT;Achats Tiime;;20241005;40100000;CompteLib_0012;401GRANDF;GRAND FRAIS;24J24;20241005;EcritureLib_0025;;0,00;24,64;C;;T;20241204
AT;Achats Tiime;;20241005;60700000;CompteLib_0022;;;24J25;20241005;EcritureLib_0026;;107,58;0,00;D;;;
AT;Achats Tiime;;20241005;44566100;CompteLib_0023;;;24J25;20241005;EcritureLib_0026;;6,18;0,00;D;;;
AT;Achats Tiime;;20241005;40100000;CompteLib_0012;401LIDL;LIDL;24J25;20241005;EcritureLib_0026;;0,00;113,76;C;;DU;20241211
AT;Achats Tiime;;20241006;60700000;CompteLib_0022;;;24J26;20241006;EcritureLib_0027;;14,04;0,00;D;;;
AT;Achats Tiime;;20241006;44566100;CompteLib_0023;;;24J26;20241006;EcritureLib_0027;;0,77;0,00;D;;;
AT;Achats Tiime;;20241006;40100000;CompteLib_0012;401ALDI;ALDI;24J26;20241006;EcritureLib_0027;;0,00;14,81;C;;AA;20241204
AT;Achats Tiime;;20241009;60700000;CompteLib_0022;;;24J52;20241009;EcritureLib_0028;;325,58;0,00;D;;;
AT;Achats Tiime;;20241009;44566100;CompteLib_0023;;;24J52;20241009;EcritureLib_0028;;17,91;0,00;D;;;
AT;Achats Tiime;;20241009;40100000;CompteLib_0012;401MARDN;MARCHE DU NORD;24J52;20241009;EcritureLib_0028;;0,00;343,49;C;;AS;20241211
AT;Achats Tiime;;20241011;60700000;CompteLib_0022;;;24J63;20241011;EcritureLib_0023;;43,95;0,00;D;;;
AT;Achats Tiime;;20241011;44566100;CompteLib_0023;;;24J63;20241011;EcritureLib_0023;;3,64;0,00;D;;;
AT;Achats Tiime;;20241011;40100000;CompteLib_0012;401LECLERC;LECLERC;24J63;20241011;EcritureLib_0023;;0,00;47,59;C;;AY;20241204
AT;Achats Tiime;;20241012;60700000;CompteLib_0022;;;24J64;20241012;EcritureLib_0023;;61,57;0,00;D;;;
AT;Achats Tiime;;20241012;44566100;CompteLib_0023;;;24J64;20241012;EcritureLib_0023;;4,15;0,00;D;;;
AT;Achats Tiime;;20241012;40100000;CompteLib_0012;401LECLERC;LECLERC;24J64;20241012;EcritureLib_0023;;0,00;65,72;C;;AV;20241204
AT;Achats Tiime;;20241012;60700000;CompteLib_0022;;;24J65;20241012;EcritureLib_0029;;47,94;0,00;D;;;
AT;Achats Tiime;;20241012;44566100;CompteLib_0023;;;24J65;20241012;EcritureLib_0029;;2,75;0,00;D;;;
AT;Achats Tiime;;20241012;40100000;CompteLib_0012;401LIDL;LIDL;24J65;20241012;EcritureLib_0029;;0,00;50,69;C;;DR;20241204
AT;Achats Tiime;;20241015;60700000;CompteLib_0022;;;25073298;20230303;EcritureLib_0030;;113,10;0,00;D;;;
AT;Achats Tiime;;20241015;44566100;CompteLib_0023;;;25073298;20230303;EcritureLib_0030;;6,22;0,00;D;;;
AT;Achats Tiime;;20241015;40100000;CompteLib_0012;401VANDEN;VANDENBULCKE;25073298;20230303;EcritureLib_0030;;0,00;119,32;C;;AA;20241204
AT;Achats Tiime;;20241016;60700000;CompteLib_0022;;;24J86;20241016;EcritureLib_0029;;65,11;0,00;D;;;
AT;Achats Tiime;;20241016;44566100;CompteLib_0023;;;24J86;20241016;EcritureLib_0029;;3,58;0,00;D;;;
AT;Achats Tiime;;20241016;40100000;CompteLib_0012;401LIDL;LIDL;24J86;20241016;EcritureLib_0029;;0,00;68,69;C;;DS;20241204
AT;Achats Tiime;;20241017;60700000;CompteLib_0022;;;9/0(013)0007/090310;20241017;EcritureLib_0024;;313,56;0,00;D;;;
AT;Achats Tiime;;20241017;44566100;CompteLib_0023;;;9/0(013)0007/090310;20241017;EcritureLib_0024;;17,25;0,00;D;;;
AT;Achats Tiime;;20241017;40100000;CompteLib_0012;401METRO;METRO;9/0(013)0007/090310;20241017;EcritureLib_0024;;0,00;330,81;C;;AP;20241204
AT;Achats Tiime;;20241018;60700000;CompteLib_0022;;;24J101;20241018;EcritureLib_0023;;56,33;0,00;D;;;
AT;Achats Tiime;;20241018;44566100;CompteLib_0023;;;24J101;20241018;EcritureLib_0023;;4,11;0,00;D;;;
AT;Achats Tiime;;20241018;40100000;CompteLib_0012;401LECLERC;LECLERC;24J101;20241018;EcritureLib_0023;;0,00;60,44;C;;AX;20241204
AT;Achats Tiime;;20241019;60700000;CompteLib_0022;;;24J102;20241019;EcritureLib_0031;;61,09;0,00;D;;;
AT;Achats Tiime;;20241019;44566100;CompteLib_0023;;;24J102;20241019;EcritureLib_0031;;3,36;0,00;D;;;
AT;Achats Tiime;;20241019;40100000;CompteLib_0012;401LIDL;LIDL;24J102;20241019;EcritureLib_0031;;0,00;64,45;C;;DL;20241204
AT;Achats Tiime;;20241022;60700000;CompteLib_0022;;;24J113;20241022;EcritureLib_0028;;35,39;0,00;D;;;
AT;Achats Tiime;;20241022;44566100;CompteLib_0023;;;24J113;20241022;EcritureLib_0028;;1,95;0,00;D;;;
AT;Achats Tiime;;20241022;40100000;CompteLib_0012;401MARDN;MARCHE DU NORD;24J113;20241022;EcritureLib_0028;;0,00;37,34;C;;AR;20241204
AT;Achats Tiime;;20241024;60700000;CompteLib_0022;;;24J121;20241024;EcritureLib_0029;;73,27;0,00;D;;;
AT;Achats Tiime;;20241024;44566100;CompteLib_0023;;;24J121;20241024;EcritureLib_0029;;4,64;0,00;D;;;
AT;Achats Tiime;;20241024;40100000;CompteLib_0012;401LIDL;LIDL;24J121;20241024;EcritureLib_0029;;0,00;77,91;C;;DN;20241204
AT;Achats Tiime;;20241026;60700000;CompteLib_0022;;;24J127;20241026;EcritureLib_0023;;32,01;0,00;D;;;
AT;Achats Tiime;;20241026;44566100;CompteLib_0023;;;24J127;20241026;EcritureLib_0023;;2,12;0,00;D;;;
AT;Achats Tiime;;20241026;40100000;CompteLib_0012;401LECLERC;LECLERC;24J127;20241026;EcritureLib_0023;;0,00;34,13;C;;AW;20241204
AT;Achats Tiime;;20241026;60700000;CompteLib_0022;;;24J128;20241026;EcritureLib_0032;;27,89;0,00;D;;;
AT;Achats Tiime;;20241026;44566100;CompteLib_0023;;;24J128;20241026;EcritureLib_0032;;1,53;0,00;D;;;
AT;Achats Tiime;;20241026;40100000;CompteLib_0012;401LIDL;LIDL;24J128;20241026;EcritureLib_0032;;0,00;29,42;C;;DQ;20241204
AT;Achats Tiime;;20241030;60700000;CompteLib_0022;;;24J141;20241030;EcritureLib_0033;;529,19;0,00;D;;;
AT;Achats Tiime;;20241030;44566100;CompteLib_0023;;;24J141;20241030;EcritureLib_0033;;29,11;0,00;D;;;
AT;Achats Tiime;;20241030;40100000;CompteLib_0012;401MARDN;MARCHE DU NORD;24J141;20241030;EcritureLib_0033;;0,00;558,30;C;;AP;20241204
AT;Achats Tiime;;20241030;61321000;CompteLib_0024;;;24J142;20241030;EcritureLib_0034;;1362,00;0,00;D;;;
AT;Achats Tiime;;20241030;40100000;CompteLib_0012;401LOYER;LOYER ET CHARGES;24J142;20241030;EcritureLib_0034;;0,00;1362,00;C;;L;20250325
AT;Achats Tiime;;20241031;60700000;CompteLib_0022;;;25080310;20241031;EcritureLib_0035;;178,85;0,00;D;;;
AT;Achats Tiime;;20241031;44566100;CompteLib_0023;;;25080310;20241031;EcritureLib_0035;;11,71;0,00;D;;;
AT;Achats Tiime;;20241031;40100000;CompteLib_0012;401VANDEN;VANDENBULCKE;25080310;20241031;EcritureLib_0035;;0,00;190,56;C;;AB;20241211
AT;Achats Tiime;;20241101;60700000;CompteLib_0022;;;F24-05049;20241101;EcritureLib_0036;;53,96;0,00;D;;;
AT;Achats Tiime;;20241101;44566100;CompteLib_0023;;;F24-05049;20241101;EcritureLib_0036;;2,97;0,00;D;;;
AT;Achats Tiime;;20241101;40100000;CompteLib_0012;401INTER;INTERESTO;F24-05049;20241101;EcritureLib_0036;;0,00;56,93;C;;AA;20241204
AT;Achats Tiime;;20241102;60700000;CompteLib_0022;;;24K2;20241102;EcritureLib_0026;;20,64;0,00;D;;;
AT;Achats Tiime;;20241102;44566100;CompteLib_0023;;;24K2;20241102;EcritureLib_0026;;1,14;0,00;D;;;
AT;Achats Tiime;;20241102;40100000;CompteLib_0012;401LIDL;LIDL;24K2;20241102;EcritureLib_0026;;0,00;21,78;C;;DK;20241204
AT;Achats Tiime;;20241102;60700000;CompteLib_0022;;;24K3;20241102;EcritureLib_0037;;40,87;0,00;D;;;
AT;Achats Tiime;;20241102;44566100;CompteLib_0023;;;24K3;20241102;EcritureLib_0037;;5,19;0,00;D;;;
AT;Achats Tiime;;20241102;40100000;CompteLib_0012;401GRANDF;GRAND FRAIS;24K3;20241102;EcritureLib_0037;;0,00;46,06;C;;Q;20241204
AT;Achats Tiime;;20241102;60610000;CompteLib_0025;;;10212468483;20241102;EcritureLib_0038;;99,50;0,00;D;;;
AT;Achats Tiime;;20241102;44566100;CompteLib_0023;;;10212468483;20241102;EcritureLib_0038;;16,22;0,00;D;;;
AT;Achats Tiime;;20241102;40100000;CompteLib_0012;401EDF;EDF;10212468483;20241102;EcritureLib_0038;;0,00;115,72;C;;M;20251105
AT;Achats Tiime;;20241103;60700000;CompteLib_0022;;;24K5;20241103;EcritureLib_0033;;28,91;0,00;D;;;
AT;Achats Tiime;;20241103;44566100;CompteLib_0023;;;24K5;20241103;EcritureLib_0033;;1,59;0,00;D;;;
AT;Achats Tiime;;20241103;40100000;CompteLib_0012;401MARDN;MARCHE DU NORD;24K5;20241103;EcritureLib_0033;;0,00;30,50;C;;AN;20241204
AT;Achats Tiime;;20241105;62260000;CompteLib_0026;;;FACT-20241101-11283;20241105;EcritureLib_0039;;161,00;0,00;D;;;
AT;Achats Tiime;;20241105;44566100;CompteLib_0023;;;FACT-20241101-11283;20241105;EcritureLib_0039;;32,20;0,00;D;;;
AT;Achats Tiime;;20241105;40100000;CompteLib_0012;401STC;STC DIGIT;FACT-20241101-11283;20241105;EcritureLib_0039;;0,00;193,20;C;;O;20251108
AT;Achats Tiime;;20241106;60700000;CompteLib_0022;;;24K26;20241106;EcritureLib_0026;;186,44;0,00;D;;;
AT;Achats Tiime;;20241106;44566100;CompteLib_0023;;;24K26;20241106;EcritureLib_0026;;10,83;0,00;D;;;
AT;Achats Tiime;;20241106;40100000;CompteLib_0012;401LIDL;LIDL;24K26;20241106;EcritureLib_0026;;0,00;197,27;C;;DV;20241204
AT;Achats Tiime;;20241108;60700000;CompteLib_0022;;;24K34;20241108;EcritureLib_0040;;51,27;0,00;D;;;
AT;Achats Tiime;;20241108;44566100;CompteLib_0023;;;24K34;20241108;EcritureLib_0040;;2,82;0,00;D;;;
AT;Achats Tiime;;20241108;40100000;CompteLib_0012;401LECLERC;LECLERC;24K34;20241108;EcritureLib_0040;;0,00;54,09;C;;BA;20241204
AT;Achats Tiime;;20241109;60700000;CompteLib_0022;;;24K35;20241109;EcritureLib_0041;;39,64;0,00;D;;;
AT;Achats Tiime;;20241109;44566100;CompteLib_0023;;;24K35;20241109;EcritureLib_0041;;0,41;0,00;D;;;
AT;Achats Tiime;;20241109;40100000;CompteLib_0012;401LIDL;LIDL;24K35;20241109;EcritureLib_0041;;0,00;40,05;C;;DW;20241204
AT;Achats Tiime;;20241112;60700000;CompteLib_0022;;;24K45;20241112;EcritureLib_0042;;24,05;0,00;D;;;
AT;Achats Tiime;;20241112;44566100;CompteLib_0023;;;24K45;20241112;EcritureLib_0042;;2,10;0,00;D;;;
AT;Achats Tiime;;20241112;40100000;CompteLib_0012;401ALDI;ALDI;24K45;20241112;EcritureLib_0042;;0,00;26,15;C;;Z;20241204
AT;Achats Tiime;;20241113;60700000;CompteLib_0022;;;24K50;20241113;EcritureLib_0026;;73,83;0,00;D;;;
AT;Achats Tiime;;20241113;44566100;CompteLib_0023;;;24K50;20241113;EcritureLib_0026;;4,52;0,00;D;;;
AT;Achats Tiime;;20241113;40100000;CompteLib_0012;401LIDL;LIDL;24K50;20241113;EcritureLib_0026;;0,00;78,35;C;;DY;20241204
AT;Achats Tiime;;20241114;60700000;CompteLib_0022;;;1798;20241114;EcritureLib_0043;;53,74;0,00;D;;;
AT;Achats Tiime;;20241114;44566100;CompteLib_0023;;;1798;20241114;EcritureLib_0043;;3,13;0,00;D;;;
AT;Achats Tiime;;20241114;40100000;CompteLib_0012;401DIVERS;FOURNISSEURS DIVERS;1798;20241114;EcritureLib_0043;;0,00;56,87;C;;;
AT;Achats Tiime;;20241116;47100000;CompteLib_0027;;;24K61;20241116;EcritureLib_0044;;20,93;0,00;D;;;
AT;Achats Tiime;;20241116;40100000;CompteLib_0012;401GRANDF;GRAND FRAIS;24K61;20241116;EcritureLib_0044;;0,00;20,93;C;;R;20241204
AT;Achats Tiime;;20241116;60700000;CompteLib_0022;;;24K62;20241116;EcritureLib_0024;;291,19;0,00;D;;;
AT;Achats Tiime;;20241116;44566100;CompteLib_0023;;;24K62;20241116;EcritureLib_0024;;22,51;0,00;D;;;
AT;Achats Tiime;;20241116;40100000;CompteLib_0012;401METRO;METRO;24K62;20241116;EcritureLib_0024;;0,00;313,70;C;;AR;20241211
AT;Achats Tiime;;20241119;60700000;CompteLib_0022;;;24K76;20241119;EcritureLib_0028;;13,16;0,00;D;;;
AT;Achats Tiime;;20241119;44566100;CompteLib_0023;;;24K76;20241119;EcritureLib_0028;;0,72;0,00;D;;;
AT;Achats Tiime;;20241119;40100000;CompteLib_0012;401MARDN;MARCHE DU NORD;24K76;20241119;EcritureLib_0028;;0,00;13,88;C;;AO;20241204
AT;Achats Tiime;;20241120;60700000;CompteLib_0022;;;24K82;20241120;EcritureLib_0045;;34,12;0,00;D;;;
AT;Achats Tiime;;20241120;44566100;CompteLib_0023;;;24K82;20241120;EcritureLib_0045;;1,88;0,00;D;;;
AT;Achats Tiime;;20241120;40100000;CompteLib_0012;401HALLES;LES HALLES DU SUD;24K82;20241120;EcritureLib_0045;;0,00;36,00;C;;P;20241204
AT;Achats Tiime;;20241120;60700000;CompteLib_0022;;;24K83;20241120;EcritureLib_0046;;51,09;0,00;D;;;
AT;Achats Tiime;;20241120;44566100;CompteLib_0023;;;24K83;20241120;EcritureLib_0046;;4,11;0,00;D;;;
AT;Achats Tiime;;20241120;40100000;CompteLib_0012;401LECLERC;LECLERC;24K83;20241120;EcritureLib_0046;;0,00;55,20;C;;BB;20241204
AT;Achats Tiime;;20241120;60700000;CompteLib_0022;;;24K84;20241120;EcritureLib_0047;;159,24;0,00;D;;;
AT;Achats Tiime;;20241120;44566100;CompteLib_0023;;;24K84;20241120;EcritureLib_0047;;8,76;0,00;D;;;
AT;Achats Tiime;;20241120;40100000;CompteLib_0012;401HALLES;LES HALLES DU SUD;24K84;20241120;EcritureLib_0047;;0,00;168,00;C;;Q;20241204
AT;Achats Tiime;;20241126;60700000;CompteLib_0022;;;24K104;20241126;EcritureLib_0026;;112,69;0,00;D;;;
AT;Achats Tiime;;20241126;44566100;CompteLib_0023;;;24K104;20241126;EcritureLib_0026;;6,81;0,00;D;;;
AT;Achats Tiime;;20241126;40100000;CompteLib_0012;401LIDL;LIDL;24K104;20241126;EcritureLib_0026;;0,00;119,50;C;;DX;20241204
AT;Achats Tiime;;20241127;60700000;CompteLib_0022;;;24-05557;20241127;EcritureLib_0048;;85,37;0,00;D;;;
AT;Achats Tiime;;20241127;44566100;CompteLib_0023;;;24-05557;20241127;EcritureLib_0048;;4,70;0,00;D;;;
AT;Achats Tiime;;20241127;40100000;CompteLib_0012;401DIVERS;FOURNISSEURS DIVERS;24-05557;20241127;EcritureLib_0048;;0,00;90,07;C;;I;20241204
AT;Achats Tiime;;20241127;60700000;CompteLib_0022;;;24K110;20241127;EcritureLib_0049;;72,96;0,00;D;;;
AT;Achats Tiime;;20241127;44566100;CompteLib_0023;;;24K110;20241127;EcritureLib_0049;;4,01;0,00;D;;;
AT;Achats Tiime;;20241127;40100000;CompteLib_0012;401LIDL;LIDL;24K110;20241127;EcritureLib_0049;;0,00;76,97;C;;DT;20241204
AT;Achats Tiime;;20241128;60700000;CompteLib_0022;;;24K118;20241128;EcritureLib_0050;;9,86;0,00;D;;;
AT;Achats Tiime;;20241128;44566100;CompteLib_0023;;;24K118;20241128;EcritureLib_0050;;0,54;0,00;D;;;
AT;Achats Tiime;;20241128;40100000;CompteLib_0012;401MARDN;MARCHE DU NORD;24K118;20241128;EcritureLib_0050;;0,00;10,40;C;;AQ;20241204
AT;Achats Tiime;;20241128;60700000;CompteLib_0022;;;25091186;20241128;EcritureLib_0051;;183,06;0,00;D;;;
AT;Achats Tiime;;20241128;44566100;CompteLib_0023;;;25091186;20241128;EcritureLib_0051;;10,07;0,00;D;;;
AT;Achats Tiime;;20241128;40100000;CompteLib_0012;401VANDEN;VANDENBULCKE;25091186;20241128;EcritureLib_0051;;0,00;193,13;C;;AD;20250325
AT;Achats Tiime;;20241129;61321000;CompteLib_0024;;;24K124;20241129;EcritureLib_0034;;1500,00;0,00;D;;;
AT;Achats Tiime;;20241129;40100000;CompteLib_0012;401LOYER;LOYER ET CHARGES;24K124;20241129;EcritureLib_0034;;0,00;1500,00;C;;N;20250626
AT;Achats Tiime;;20241130;60700000;CompteLib_0022;;;24K125;20241130;EcritureLib_0052;;24,55;0,00;D;;;
AT;Achats Tiime;;20241130;44566100;CompteLib_0023;;;24K125;20241130;EcritureLib_0052;;1,35;0,00;D;;;
AT;Achats Tiime;;20241130;40100000;CompteLib_0012;401LIDL;LIDL;24K125;20241130;EcritureLib_0052;;0,00;25,90;C;;DZ;20241204
AT;Achats Tiime;;20241201;60700000;CompteLib_0022;;;24L1;20241201;EcritureLib_0053;;15,49;0,00;D;;;
AT;Achats Tiime;;20241201;44566100;CompteLib_0023;;;24L1;20241201;EcritureLib_0053;;2,84;0,00;D;;;
AT;Achats Tiime;;20241201;40100000;CompteLib_0012;401ALDI;ALDI;24L1;20241201;EcritureLib_0053;;0,00;18,33;C;;AB;20241204
AT;Achats Tiime;;20241202;60700000;CompteLib_0022;;;24L10;20241202;EcritureLib_0054;;57,49;0,00;D;;;
AT;Achats Tiime;;20241202;44566100;CompteLib_0023;;;24L10;20241202;EcritureLib_0054;;3,60;0,00;D;;;
AT;Achats Tiime;;20241202;40100000;CompteLib_0012;401LECLERC;LECLERC;24L10;20241202;EcritureLib_0054;;0,00;61,09;C;;BE;20250325
AT;Achats Tiime;;20241204;60700000;CompteLib_0022;;;365894;20241204;EcritureLib_0026;;115,43;0,00;D;;;
AT;Achats Tiime;;20241204;44566100;CompteLib_0023;;;365894;20241204;EcritureLib_0026;;9,10;0,00;D;;;
AT;Achats Tiime;;20241204;40100000;CompteLib_0012;401LIDL;LIDL;365894;20241204;EcritureLib_0026;;0,00;124,53;C;;ED;20250101
AT;Achats Tiime;;20241204;60700000;CompteLib_0022;;;0/0(013)0010/028295;20241204;EcritureLib_0024;;224,43;0,00;D;;;
AT;Achats Tiime;;20241204;44566100;CompteLib_0023;;;0/0(013)0010/028295;20241204;EcritureLib_0024;;12,34;0,00;D;;;
AT;Achats Tiime;;20241204;40100000;CompteLib_0012;401METRO;METRO;0/0(013)0010/028295;20241204;EcritureLib_0024;;0,00;236,77;C;;AS;20250101
AT;Achats Tiime;;20241205;60700000;CompteLib_0022;;;315226;20241205;EcritureLib_0026;;15,21;0,00;D;;;
AT;Achats Tiime;;20241205;44566100;CompteLib_0023;;;315226;20241205;EcritureLib_0026;;3,67;0,00;D;;;
AT;Achats Tiime;;20241205;40100000;CompteLib_0012;401LIDL;LIDL;315226;20241205;EcritureLib_0026;;0,00;18,88;C;;EA;20250101
AT;Achats Tiime;;20241206;60700000;CompteLib_0022;;;0/0(013)0011/015721;20241206;EcritureLib_0055;;57,18;0,00;D;;;
AT;Achats Tiime;;20241206;44566100;CompteLib_0023;;;0/0(013)0011/015721;20241206;EcritureLib_0055;;3,14;0,00;D;;;
AT;Achats Tiime;;20241206;40100000;CompteLib_0012;401METRO;METRO;0/0(013)0011/015721;20241206;EcritureLib_0055;;0,00;60,32;C;;AT;20250101
AT;Achats Tiime;;20241206;60700000;CompteLib_0022;;;24L33;20241206;EcritureLib_0054;;80,33;0,00;D;;;
AT;Achats Tiime;;20241206;44566100;CompteLib_0023;;;24L33;20241206;EcritureLib_0054;;7,54;0,00;D;;;
AT;Achats Tiime;;20241206;40100000;CompteLib_0012;401LECLERC;LECLERC;24L33;20241206;EcritureLib_0054;;0,00;87,87;C;;BI;20250325
AT;Achats Tiime;;20241208;60700000;CompteLib_0022;;;401738;20241208;EcritureLib_0026;;83,97;0,00;D;;;
AT;Achats Tiime;;20241208;44566100;CompteLib_0023;;;401738;20241208;EcritureLib_0026;;3,90;0,00;D;;;
AT;Achats Tiime;;20241208;40100000;CompteLib_0012;401LIDL;LIDL;401738;20241208;EcritureLib_0026;;0,00;87,87;C;;;
AT;Achats Tiime;;20241211;60700000;CompteLib_0022;;;24L49;20241211;EcritureLib_0056;;15,04;0,00;D;;;
AT;Achats Tiime;;20241211;44566100;CompteLib_0023;;;24L49;20241211;EcritureLib_0056;;0,83;0,00;D;;;
AT;Achats Tiime;;20241211;40100000;CompteLib_0012;401MARDN;MARCHE DU NORD;24L49;20241211;EcritureLib_0056;;0,00;15,87;C;;AU;20250101
AT;Achats Tiime;;20241212;60700000;CompteLib_0022;;;24L53;20241212;EcritureLib_0057;;48,00;0,00;D;;;
AT;Achats Tiime;;20241212;40100000;CompteLib_0012;401LECLERC;LECLERC;24L53;20241212;EcritureLib_0057;;0,00;48,00;C;;BD;20250101
AT;Achats Tiime;;20241213;60700000;CompteLib_0022;;;2672;20241213;EcritureLib_0026;;90,03;0,00;D;;;
AT;Achats Tiime;;20241213;44566100;CompteLib_0023;;;2672;20241213;EcritureLib_0026;;9,51;0,00;D;;;
AT;Achats Tiime;;20241213;40100000;CompteLib_0012;401LIDL;LIDL;2672;20241213;EcritureLib_0026;;0,00;99,54;C;;EC;20250101
AT;Achats Tiime;;20241214;60700000;CompteLib_0022;;;24L60;20241214;EcritureLib_0058;;13,67;0,00;D;;;
AT;Achats Tiime;;20241214;40100000;CompteLib_0012;401MATCH;SUPERMARCHE MATCH;24L60;20241214;EcritureLib_0058;;0,00;13,67;C;;M;20250101
AT;Achats Tiime;;20241214;60630000;CompteLib_0028;;;24L61;20241214;EcritureLib_0059;;110,17;0,00;D;;;
AT;Achats Tiime;;20241214;44566100;CompteLib_0023;;;24L61;20241214;EcritureLib_0059;;22,03;0,00;D;;;
AT;Achats Tiime;;20241214;40100000;CompteLib_0012;401DIVERS;FOURNISSEURS DIVERS;24L61;20241214;EcritureLib_0059;;0,00;132,20;C;;J;20250325
AT;Achats Tiime;;20241217;60700000;CompteLib_0022;;;24L75;20241217;EcritureLib_0028;;30,33;0,00;D;;;
AT;Achats Tiime;;20241217;44566100;CompteLib_0023;;;24L75;20241217;EcritureLib_0028;;1,67;0,00;D;;;
AT;Achats Tiime;;20241217;40100000;CompteLib_0012;401MARDN;MARCHE DU NORD;24L75;20241217;EcritureLib_0028;;0,00;32,00;C;;AT;20250101
AT;Achats Tiime;;20241218;60700000;CompteLib_0022;;;24L82;20241218;EcritureLib_0035;;153,22;0,00;D;;;
AT;Achats Tiime;;20241218;44566100;CompteLib_0023;;;24L82;20241218;EcritureLib_0035;;8,43;0,00;D;;;
AT;Achats Tiime;;20241218;40100000;CompteLib_0012;401VANDEN;VANDENBULCKE;24L82;20241218;EcritureLib_0035;;0,00;161,65;C;;AC;20250101
AT;Achats Tiime;;20241218;60700000;CompteLib_0022;;;24L83;20241218;EcritureLib_0026;;128,39;0,00;D;;;
AT;Achats Tiime;;20241218;44566100;CompteLib_0023;;;24L83;20241218;EcritureLib_0026;;7,21;0,00;D;;;
AT;Achats Tiime;;20241218;40100000;CompteLib_0012;401LIDL;LIDL;24L83;20241218;EcritureLib_0026;;0,00;135,60;C;;EB;20250325
AT;Achats Tiime;;20241225;60700000;CompteLib_0022;;;24L107;20241225;EcritureLib_0060;;27,31;0,00;D;;;
AT;Achats Tiime;;20241225;44566100;CompteLib_0023;;;24L107;20241225;EcritureLib_0060;;2,63;0,00;D;;;
AT;Achats Tiime;;20241225;40100000;CompteLib_0012;401GRANDF;GRAND FRAIS;24L107;20241225;EcritureLib_0060;;0,00;29,94;C;;V;20250325
AT;Achats Tiime;;20241227;60700000;CompteLib_0022;;;24L115;20241227;EcritureLib_0061;;59,47;0,00;D;;;
AT;Achats Tiime;;20241227;44566100;CompteLib_0023;;;24L115;20241227;EcritureLib_0061;;4,51;0,00;D;;;
AT;Achats Tiime;;20241227;40100000;CompteLib_0012;401INTER;INTERESTO;24L115;20241227;EcritureLib_0061;;0,00;63,98;C;;AP;20250325
AT;Achats Tiime;;20241227;60700000;CompteLib_0022;;;24L116;20241227;EcritureLib_0054;;62,16;0,00;D;;;
AT;Achats Tiime;;20241227;44566100;CompteLib_0023;;;24L116;20241227;EcritureLib_0054;;3,78;0,00;D;;;
AT;Achats Tiime;;20241227;40100000;CompteLib_0012;401LECLERC;LECLERC;24L116;20241227;EcritureLib_0054;;0,00;65,94;C;;BJ;20250325
AT;Achats Tiime;;20241227;60700000;CompteLib_0022;;;24L117;20241227;EcritureLib_0062;;11,82;0,00;D;;;
AT;Achats Tiime;;20241227;44566100;CompteLib_0023;;;24L117;20241227;EcritureLib_0062;;0,65;0,00;D;;;
AT;Achats Tiime;;20241227;40100000;CompteLib_0012;401MARDN;MARCHE DU NORD;24L117;20241227;EcritureLib_0062;;0,00;12,47;C;;AW;20250325
AT;Achats Tiime;;20241228;60700000;CompteLib_0022;;;24L118;20241228;EcritureLib_0026;;80,09;0,00;D;;;
AT;Achats Tiime;;20241228;44566100;CompteLib_0023;;;24L118;20241228;EcritureLib_0026;;4,41;0,00;D;;;
AT;Achats Tiime;;20241228;40100000;CompteLib_0012;401LIDL;LIDL;24L118;20241228;EcritureLib_0026;;0,00;84,50;C;;EG;20250325
AT;Achats Tiime;;20250101;60700000;CompteLib_0022;;;25A1;20250101;EcritureLib_0063;;17,55;0,00;D;;;
AT;Achats Tiime;;20250101;44566100;CompteLib_0023;;;25A1;20250101;EcritureLib_0063;;0,97;0,00;D;;;
AT;Achats Tiime;;20250101;40100000;CompteLib_0012;401MATCH;SUPERMARCHE MATCH;25A1;20250101;EcritureLib_0063;;0,00;18,52;C;;O;20250325
AT;Achats Tiime;;20250103;60700000;CompteLib_0022;;;25A10;20250103;EcritureLib_0026;;115,35;0,00;D;;;
AT;Achats Tiime;;20250103;44566100;CompteLib_0023;;;25A10;20250103;EcritureLib_0026;;7,78;0,00;D;;;
AT;Achats Tiime;;20250103;40100000;CompteLib_0012;401LIDL;LIDL;25A10;20250103;EcritureLib_0026;;0,00;123,13;C;;FB;20250325
AT;Achats Tiime;;20250104;60700000;CompteLib_0022;;;25A11;20250104;EcritureLib_0026;;21,91;0,00;D;;;
AT;Achats Tiime;;20250104;44566100;CompteLib_0023;;;25A11;20250104;EcritureLib_0026;;1,20;0,00;D;;;
AT;Achats Tiime;;20250104;40100000;CompteLib_0012;401LIDL;LIDL;25A11;20250104;EcritureLib_0026;;0,00;23,11;C;;EM;20250325
AT;Achats Tiime;;20250107;60700000;CompteLib_0022;;;25A27;20250107;EcritureLib_0061;;37,93;0,00;D;;;
AT;Achats Tiime;;20250107;44566100;CompteLib_0023;;;25A27;20250107;EcritureLib_0061;;4,84;0,00;D;;;
AT;Achats Tiime;;20250107;40100000;CompteLib_0012;401INTER;INTERESTO;25A27;20250107;EcritureLib_0061;;0,00;42,77;C;;AO;20250325
AT;Achats Tiime;;20250108;60700000;CompteLib_0022;;;25A34;20250108;EcritureLib_0064;;20,62;0,00;D;;;
AT;Achats Tiime;;20250108;44566100;CompteLib_0023;;;25A34;20250108;EcritureLib_0064;;1,13;0,00;D;;;
AT;Achats Tiime;;20250108;40100000;CompteLib_0012;401DIVERS;FOURNISSEURS DIVERS;25A34;20250108;EcritureLib_0064;;0,00;21,75;C;;K;20250325
AT;Achats Tiime;;20250109;60700000;CompteLib_0022;;;25A38;20250109;EcritureLib_0026;;38,99;0,00;D;;;
AT;Achats Tiime;;20250109;44566100;CompteLib_0023;;;25A38;20250109;EcritureLib_0026;;5,36;0,00;D;;;
AT;Achats Tiime;;20250109;40100000;CompteLib_0012;401LIDL;LIDL;25A38;20250109;EcritureLib_0026;;0,00;44,35;C;;;
AT;Achats Tiime;;20250110;60700000;CompteLib_0022;;;25A44;20250110;EcritureLib_0026;;21,95;0,00;D;;;
AT;Achats Tiime;;20250110;44566100;CompteLib_0023;;;25A44;20250110;EcritureLib_0026;;1,21;0,00;D;;;
AT;Achats Tiime;;20250110;40100000;CompteLib_0012;401LIDL;LIDL;25A44;20250110;EcritureLib_0026;;0,00;23,16;C;;EI;20250325
AT;Achats Tiime;;20250111;60700000;CompteLib_0022;;;25A46;20250111;EcritureLib_0065;;46,03;0,00;D;;;
AT;Achats Tiime;;20250111;44566100;CompteLib_0023;;;25A46;20250111;EcritureLib_0065;;2,53;0,00;D;;;
AT;Achats Tiime;;20250111;40100000;CompteLib_0012;401LECLERC;LECLERC;25A46;20250111;EcritureLib_0065;;0,00;48,56;C;;BM;20250325
AT;Achats Tiime;;20250111;60700000;CompteLib_0022;;;26726743/02702701;20250111;EcritureLib_0026;;50,53;0,00;D;;;
AT;Achats Tiime;;20250111;44566100;CompteLib_0023;;;26726743/02702701;20250111;EcritureLib_0026;;2,78;0,00;D;;;
AT;Achats Tiime;;20250111;40100000;CompteLib_0012;401LIDL;LIDL;26726743/02702701;20250111;EcritureLib_0026;;0,00;53,31;C;;EK;20250325
AT;Achats Tiime;;20250112;60700000;CompteLib_0022;;;3319;20250112;EcritureLib_0026;;16,91;0,00;D;;;
AT;Achats Tiime;;20250112;44566100;CompteLib_0023;;;3319;20250112;EcritureLib_0026;;0,93;0,00;D;;;
AT;Achats Tiime;;20250112;40100000;CompteLib_0012;401LIDL;LIDL;3319;20250112;EcritureLib_0026;;0,00;17,84;C;;EP;20250325
AT;Achats Tiime;;20250113;47100000;CompteLib_0027;;;A.4;20250113;EcritureLib_0066;;197,40;0,00;D;;;
AT;Achats Tiime;;20250113;40100000;CompteLib_0012;401LOYER;LOYER ET CHARGES;A.4;20250113;EcritureLib_0066;;0,00;197,40;C;;;
AT;Achats Tiime;;20250115;60700000;CompteLib_0022;;;0/0(013)0016/001352;20250115;EcritureLib_0055;;322,73;0,00;D;;;
AT;Achats Tiime;;20250115;44566100;CompteLib_0023;;;0/0(013)0016/001352;20250115;EcritureLib_0055;;20,83;0,00;D;;;
AT;Achats Tiime;;20250115;40100000;CompteLib_0012;401METRO;METRO;0/0(013)0016/001352;20250115;EcritureLib_0055;;0,00;343,56;C;;AU;20250325
AT;Achats Tiime;;20250115;60700000;CompteLib_0022;;;25110608;20250115;EcritureLib_0051;;189,63;0,00;D;;;
AT;Achats Tiime;;20250115;44566100;CompteLib_0023;;;25110608;20250115;EcritureLib_0051;;10,43;0,00;D;;;
AT;Achats Tiime;;20250115;40100000;CompteLib_0012;401VANDEN;VANDENBULCKE;25110608;20250115;EcritureLib_0051;;0,00;200,06;C;;AF;20250325
AT;Achats Tiime;;20250117;60700000;CompteLib_0022;;;25A82;20250117;EcritureLib_0065;;120,88;0,00;D;;;
AT;Achats Tiime;;20250117;44566100;CompteLib_0023;;;25A82;20250117;EcritureLib_0065;;7,01;0,00;D;;;
AT;Achats Tiime;;20250117;40100000;CompteLib_0012;401LECLERC;LECLERC;25A82;20250117;EcritureLib_0065;;0,00;127,89;C;;BL;20250325
AT;Achats Tiime;;20250117;60700000;CompteLib_0022;;;25A83;20250117;EcritureLib_0026;;26,50;0,00;D;;;
AT;Achats Tiime;;20250117;44566100;CompteLib_0023;;;25A83;20250117;EcritureLib_0026;;1,56;0,00;D;;;
AT;Achats Tiime;;20250117;40100000;CompteLib_0012;401LIDL;LIDL;25A83;20250117;EcritureLib_0026;;0,00;28,06;C;;FC;20250325
AT;Achats Tiime;;20250118;60700000;CompteLib_0022;;;25A84;20250118;EcritureLib_0026;;6,42;0,00;D;;;
AT;Achats Tiime;;20250118;44566100;CompteLib_0023;;;25A84;20250118;EcritureLib_0026;;0,35;0,00;D;;;
AT;Achats Tiime;;20250118;40100000;CompteLib_0012;401LIDL;LIDL;25A84;20250118;EcritureLib_0026;;0,00;6,77;C;;EH;20250325
AT;Achats Tiime;;20250118;60700000;CompteLib_0022;;;25A85;20250118;EcritureLib_0026;;107,36;0,00;D;;;
AT;Achats Tiime;;20250118;44566100;CompteLib_0023;;;25A85;20250118;EcritureLib_0026;;5,91;0,00;D;;;
AT;Achats Tiime;;20250118;40100000;CompteLib_0012;401LIDL;LIDL;25A85;20250118;EcritureLib_0026;;0,00;113,27;C;;FA;20250325
AT;Achats Tiime;;20250121;60700000;CompteLib_0022;;;25A95;20250121;EcritureLib_0028;;34,12;0,00;D;;;
AT;Achats Tiime;;20250121;44566100;CompteLib_0023;;;25A95;20250121;EcritureLib_0028;;1,88;0,00;D;;;
AT;Achats Tiime;;20250121;40100000;CompteLib_0012;401MARDN;MARCHE DU NORD;25A95;20250121;EcritureLib_0028;;0,00;36,00;C;;AV;20250325
AT;Achats Tiime;;20250122;60700000;CompteLib_0022;;;25A100;20250122;EcritureLib_0026;;17,96;0,00;D;;;
AT;Achats Tiime;;20250122;44566100;CompteLib_0023;;;25A100;20250122;EcritureLib_0026;;1,73;0,00;D;;;
AT;Achats Tiime;;20250122;40100000;CompteLib_0012;401LIDL;LIDL;25A100;20250122;EcritureLib_0026;;0,00;19,69;C;;EJ;20250325
AT;Achats Tiime;;20250123;60700000;CompteLib_0022;;;25A113;20250123;EcritureLib_0047;;168,72;0,00;D;;;
AT;Achats Tiime;;20250123;44566100;CompteLib_0023;;;25A113;20250123;EcritureLib_0047;;9,28;0,00;D;;;
AT;Achats Tiime;;20250123;40100000;CompteLib_0012;401HALLES;LES HALLES DU SUD;25A113;20250123;EcritureLib_0047;;0,00;178,00;C;;R;20250325
AT;Achats Tiime;;20250123;60700000;CompteLib_0022;;;25A114;20250123;EcritureLib_0067;;114,54;0,00;D;;;
AT;Achats Tiime;;20250123;44566100;CompteLib_0023;;;25A114;20250123;EcritureLib_0067;;5,34;0,00;D;;;
AT;Achats Tiime;;20250123;40100000;CompteLib_0012;401LECLERC;LECLERC;25A114;20250123;EcritureLib_0067;;0,00;119,88;C;;BG;20250325
AT;Achats Tiime;;20250123;60700000;CompteLib_0022;;;3319;20250123;EcritureLib_0026;;54,17;0,00;D;;;
AT;Achats Tiime;;20250123;44566100;CompteLib_0023;;;3319;20250123;EcritureLib_0026;;2,98;0,00;D;;;
AT;Achats Tiime;;20250123;40100000;CompteLib_0012;401LIDL;LIDL;3319;20250123;EcritureLib_0026;;0,00;57,15;C;;EL;20250325
AT;Achats Tiime;;20250124;60700000;CompteLib_0022;;;25114456;20250124;EcritureLib_0051;;127,59;0,00;D;;;
AT;Achats Tiime;;20250124;44566100;CompteLib_0023;;;25114456;20250124;EcritureLib_0051;;7,02;0,00;D;;;
AT;Achats Tiime;;20250124;40100000;CompteLib_0012;401VANDEN;VANDENBULCKE;25114456;20250124;EcritureLib_0051;;0,00;134,61;C;;AG;20250325
AT;Achats Tiime;;20250130;60700000;CompteLib_0022;;;0/0(013)0015/003327;20250130;EcritureLib_0055;;293,16;0,00;D;;;
AT;Achats Tiime;;20250130;44566100;CompteLib_0023;;;0/0(013)0015/003327;20250130;EcritureLib_0055;;21,00;0,00;D;;;
AT;Achats Tiime;;20250130;40100000;CompteLib_0012;401METRO;METRO;0/0(013)0015/003327;20250130;EcritureLib_0055;;0,00;314,16;C;;AV;20250325
AT;Achats Tiime;;20250201;60700000;CompteLib_0022;;;25B1;20250201;EcritureLib_0026;;69,52;0,00;D;;;
AT;Achats Tiime;;20250201;44566100;CompteLib_0023;;;25B1;20250201;EcritureLib_0026;;4,06;0,00;D;;;
AT;Achats Tiime;;20250201;40100000;CompteLib_0012;401LIDL;LIDL;25B1;20250201;EcritureLib_0026;;0,00;73,58;C;;ES;20250325
AT;Achats Tiime;;20250204;47100000;CompteLib_0027;;;0109451;20250204;EcritureLib_0066;;361,10;0,00;D;;;
AT;Achats Tiime;;20250204;40100000;CompteLib_0012;401LOYER;LOYER ET CHARGES;0109451;20250204;EcritureLib_0066;;0,00;361,10;C;;;
AT;Achats Tiime;;20250204;60700000;CompteLib_0022;;;25B17;20250204;EcritureLib_0026;;30,48;0,00;D;;;
AT;Achats Tiime;;20250204;44566100;CompteLib_0023;;;25B17;20250204;EcritureLib_0026;;1,68;0,00;D;;;
AT;Achats Tiime;;20250204;40100000;CompteLib_0012;401LIDL;LIDL;25B17;20250204;EcritureLib_0026;;0,00;32,16;C;;EQ;20250325
AT;Achats Tiime;;20250206;60700000;CompteLib_0022;;;25B31;20250206;EcritureLib_0054;;67,71;0,00;D;;;
AT;Achats Tiime;;20250206;44566100;CompteLib_0023;;;25B31;20250206;EcritureLib_0054;;4,18;0,00;D;;;
AT;Achats Tiime;;20250206;40100000;CompteLib_0012;401LECLERC;LECLERC;25B31;20250206;EcritureLib_0054;;0,00;71,89;C;;BH;20250325
AT;Achats Tiime;;20250206;60700000;CompteLib_0022;;;178711/61716/0;20250206;EcritureLib_0026;;45,33;0,00;D;;;
AT;Achats Tiime;;20250206;44566100;CompteLib_0023;;;178711/61716/0;20250206;EcritureLib_0026;;2,49;0,00;D;;;
AT;Achats Tiime;;20250206;40100000;CompteLib_0012;401LIDL;LIDL;178711/61716/0;20250206;EcritureLib_0026;;0,00;47,82;C;;EO;20250325
AT;Achats Tiime;;20250207;60700000;CompteLib_0022;;;25B39;20250207;EcritureLib_0047;;172,51;0,00;D;;;
AT;Achats Tiime;;20250207;44566100;CompteLib_0023;;;25B39;20250207;EcritureLib_0047;;9,49;0,00;D;;;
AT;Achats Tiime;;20250207;40100000;CompteLib_0012;401HALLES;LES HALLES DU SUD;25B39;20250207;EcritureLib_0047;;0,00;182,00;C;;S;20250325
AT;Achats Tiime;;20250208;60700000;CompteLib_0022;;;25B40;20250208;EcritureLib_0026;;16,62;0,00;D;;;
AT;Achats Tiime;;20250208;44566100;CompteLib_0023;;;25B40;20250208;EcritureLib_0026;;1,07;0,00;D;;;
AT;Achats Tiime;;20250208;40100000;CompteLib_0012;401LIDL;LIDL;25B40;20250208;EcritureLib_0026;;0,00;17,69;C;;ET;20250325
AT;Achats Tiime;;20250210;60700000;CompteLib_0022;;;25B56;20250210;EcritureLib_0043;;56,87;0,00;D;;;
AT;Achats Tiime;;20250210;44566100;CompteLib_0023;;;25B56;20250210;EcritureLib_0043;;3,13;0,00;D;;;
AT;Achats Tiime;;20250210;40100000;CompteLib_0012;401DIVERS;FOURNISSEURS DIVERS;25B56;20250210;EcritureLib_0043;;0,00;60,00;C;;L;20250626
AT;Achats Tiime;;20250211;60700000;CompteLib_0022;;;25B57;20250211;EcritureLib_0026;;33,42;0,00;D;;;
AT;Achats Tiime;;20250211;44566100;CompteLib_0023;;;25B57;20250211;EcritureLib_0026;;1,84;0,00;D;;;
AT;Achats Tiime;;20250211;40100000;CompteLib_0012;401LIDL;LIDL;25B57;20250211;EcritureLib_0026;;0,00;35,26;C;;EW;20250325
AT;Achats Tiime;;20250212;60700000;CompteLib_0022;;;25B62;20250212;EcritureLib_0026;;32,09;0,00;D;;;
AT;Achats Tiime;;20250212;44566100;CompteLib_0023;;;25B62;20250212;EcritureLib_0026;;1,77;0,00;D;;;
AT;Achats Tiime;;20250212;40100000;CompteLib_0012;401LIDL;LIDL;25B62;20250212;EcritureLib_0026;;0,00;33,86;C;;EE;20250325
AT;Achats Tiime;;20250213;60700000;CompteLib_0022;;;2672179446/01718/01;20250213;EcritureLib_0026;;38,99;0,00;D;;;
AT;Achats Tiime;;20250213;44566100;CompteLib_0023;;;2672179446/01718/01;20250213;EcritureLib_0026;;2,14;0,00;D;;;
AT;Achats Tiime;;20250213;40100000;CompteLib_0012;401LIDL;LIDL;2672179446/01718/01;20250213;EcritureLib_0026;;0,00;41,13;C;;EY;20250325
AT;Achats Tiime;;20250214;60700000;CompteLib_0022;;;25122298;20250214;EcritureLib_0068;;205,17;0,00;D;;;
AT;Achats Tiime;;20250214;44566100;CompteLib_0023;;;25122298;20250214;EcritureLib_0068;;11,28;0,00;D;;;
AT;Achats Tiime;;20250214;40100000;CompteLib_0012;401VANDEN;VANDENBULCKE;25122298;20250214;EcritureLib_0068;;0,00;216,45;C;;AE;20250325
AT;Achats Tiime;;20250214;60700000;CompteLib_0022;;;25B75;20250214;EcritureLib_0060;;47,51;0,00;D;;;
AT;Achats Tiime;;20250214;44566100;CompteLib_0023;;;25B75;20250214;EcritureLib_0060;;1,66;0,00;D;;;
AT;Achats Tiime;;20250214;40100000;CompteLib_0012;401GRANDF;GRAND FRAIS;25B75;20250214;EcritureLib_0060;;0,00;49,17;C;;U;20250325
AT;Achats Tiime;;20250216;60700000;CompteLib_0022;;;25B77;20250216;EcritureLib_0026;;17,78;0,00;D;;;
AT;Achats Tiime;;20250216;44566100;CompteLib_0023;;;25B77;20250216;EcritureLib_0026;;0,98;0,00;D;;;
AT;Achats Tiime;;20250216;40100000;CompteLib_0012;401LIDL;LIDL;25B77;20250216;EcritureLib_0026;;0,00;18,76;C;;FE;20250325
AT;Achats Tiime;;20250218;60700000;CompteLib_0022;;;25B94;20250218;EcritureLib_0026;;35,93;0,00;D;;;
AT;Achats Tiime;;20250218;44566100;CompteLib_0023;;;25B94;20250218;EcritureLib_0026;;1,98;0,00;D;;;
AT;Achats Tiime;;20250218;40100000;CompteLib_0012;401LIDL;LIDL;25B94;20250218;EcritureLib_0026;;0,00;37,91;C;;FD;20250325
AT;Achats Tiime;;20250219;60700000;CompteLib_0022;;;0/0(013)0007/003084;20250219;EcritureLib_0055;;239,10;0,00;D;;;
AT;Achats Tiime;;20250219;44566100;CompteLib_0023;;;0/0(013)0007/003084;20250219;EcritureLib_0055;;13,15;0,00;D;;;
AT;Achats Tiime;;20250219;40100000;CompteLib_0012;401METRO;METRO;0/0(013)0007/003084;20250219;EcritureLib_0055;;0,00;252,25;C;;AW;20250325
AT;Achats Tiime;;20250220;60700000;CompteLib_0022;;;25B105;20250220;EcritureLib_0026;;26,72;0,00;D;;;
AT;Achats Tiime;;20250220;44566100;CompteLib_0023;;;25B105;20250220;EcritureLib_0026;;1,47;0,00;D;;;
AT;Achats Tiime;;20250220;40100000;CompteLib_0012;401LIDL;LIDL;25B105;20250220;EcritureLib_0026;;0,00;28,19;C;;ER;20250325
AT;Achats Tiime;;20250221;60700000;CompteLib_0022;;;25B109;20250221;EcritureLib_0054;;62,20;0,00;D;;;
AT;Achats Tiime;;20250221;44566100;CompteLib_0023;;;25B109;20250221;EcritureLib_0054;;3,42;0,00;D;;;
AT;Achats Tiime;;20250221;40100000;CompteLib_0012;401LECLERC;LECLERC;25B109;20250221;EcritureLib_0054;;0,00;65,62;C;;BF;20250325
AT;Achats Tiime;;20250221;60700000;CompteLib_0022;;;25B110;20250221;EcritureLib_0026;;43,09;0,00;D;;;
AT;Achats Tiime;;20250221;44566100;CompteLib_0023;;;25B110;20250221;EcritureLib_0026;;2,37;0,00;D;;;
AT;Achats Tiime;;20250221;40100000;CompteLib_0012;401LIDL;LIDL;25B110;20250221;EcritureLib_0026;;0,00;45,46;C;;EV;20250325
AT;Achats Tiime;;20250222;60700000;CompteLib_0022;;;25B111;20250222;EcritureLib_0061;;61,87;0,00;D;;;
AT;Achats Tiime;;20250222;44566100;CompteLib_0023;;;25B111;20250222;EcritureLib_0061;;3,40;0,00;D;;;
AT;Achats Tiime;;20250222;40100000;CompteLib_0012;401INTER;INTERESTO;25B111;20250222;EcritureLib_0061;;0,00;65,27;C;;AR;20250325
AT;Achats Tiime;;20250225;60700000;CompteLib_0022;;;25B124;20250225;EcritureLib_0063;;12,23;0,00;D;;;
AT;Achats Tiime;;20250225;44566100;CompteLib_0023;;;25B124;20250225;EcritureLib_0063;;0,67;0,00;D;;;
AT;Achats Tiime;;20250225;40100000;CompteLib_0012;401MATCH;SUPERMARCHE MATCH;25B124;20250225;EcritureLib_0063;;0,00;12,90;C;;N;20250325
AT;Achats Tiime;;20250225;61321000;CompteLib_0024;;;25B125;20250225;EcritureLib_0069;;1361,10;0,00;D;;;
AT;Achats Tiime;;20250225;40100000;CompteLib_0012;401LOYER;LOYER ET CHARGES;25B125;20250225;EcritureLib_0069;;0,00;1361,10;C;;M;20250326
AT;Achats Tiime;;20250227;60700000;CompteLib_0022;;;25B136;20250227;EcritureLib_0026;;52,56;0,00;D;;;
AT;Achats Tiime;;20250227;44566100;CompteLib_0023;;;25B136;20250227;EcritureLib_0026;;2,89;0,00;D;;;
AT;Achats Tiime;;20250227;40100000;CompteLib_0012;401LIDL;LIDL;25B136;20250227;EcritureLib_0026;;0,00;55,45;C;;EX;20250325
AT;Achats Tiime;;20250228;60700000;CompteLib_0022;;;25127856;20250228;EcritureLib_0070;;46,00;0,00;D;;;
AT;Achats Tiime;;20250228;44566100;CompteLib_0023;;;25127856;20250228;EcritureLib_0070;;2,53;0,00;D;;;
AT;Achats Tiime;;20250228;40100000;CompteLib_0012;401VANDEN;VANDENBULCKE;25127856;20250228;EcritureLib_0070;;0,00;48,53;C;;AH;20250325
AT;Achats Tiime;;20250228;60700000;CompteLib_0022;;;25B144;20250228;EcritureLib_0026;;21,43;0,00;D;;;
AT;Achats Tiime;;20250228;44566100;CompteLib_0023;;;25B144;20250228;EcritureLib_0026;;1,18;0,00;D;;;
AT;Achats Tiime;;20250228;40100000;CompteLib_0012;401LIDL;LIDL;25B144;20250228;EcritureLib_0026;;0,00;22,61;C;;EZ;20250325
AT;Achats Tiime;;20250303;60700000;CompteLib_0022;;;25C9;20250303;EcritureLib_0054;;44,85;0,00;D;;;
AT;Achats Tiime;;20250303;44566100;CompteLib_0023;;;25C9;20250303;EcritureLib_0054;;2,15;0,00;D;;;
AT;Achats Tiime;;20250303;40100000;CompteLib_0012;401LECLERC;LECLERC;25C9;20250303;EcritureLib_0054;;0,00;47,00;C;;BK;20250325
AT;Achats Tiime;;20250307;60700000;CompteLib_0022;;;2672044663/05/03/010;20250307;EcritureLib_0026;;41,25;0,00;D;;;
AT;Achats Tiime;;20250307;44566100;CompteLib_0023;;;2672044663/05/03/010;20250307;EcritureLib_0026;;2,27;0,00;D;;;
AT;Achats Tiime;;20250307;40100000;CompteLib_0012;401LIDL;LIDL;2672044663/05/03/010;20250307;EcritureLib_0026;;0,00;43,52;C;;EN;20250325
AT;Achats Tiime;;20250307;60700000;CompteLib_0022;;;267Z4893170;20250307;EcritureLib_0026;;23,82;0,00;D;;;
AT;Achats Tiime;;20250307;44566100;CompteLib_0023;;;267Z4893170;20250307;EcritureLib_0026;;1,44;0,00;D;;;
AT;Achats Tiime;;20250307;40100000;CompteLib_0012;401LIDL;LIDL;267Z4893170;20250307;EcritureLib_0026;;0,00;25,26;C;;GD;20250710
AT;Achats Tiime;;20250308;60700000;CompteLib_0022;;;25C33;20250308;EcritureLib_0071;;18,25;0,00;D;;;
AT;Achats Tiime;;20250308;44566100;CompteLib_0023;;;25C33;20250308;EcritureLib_0071;;1,20;0,00;D;;;
AT;Achats Tiime;;20250308;40100000;CompteLib_0012;401ALDI;ALDI;25C33;20250308;EcritureLib_0071;;0,00;19,45;C;;AC;20250325
AT;Achats Tiime;;20250313;47100000;CompteLib_0027;;;25C50;20250313;EcritureLib_0026;;48,99;0,00;D;;;
AT;Achats Tiime;;20250313;40100000;CompteLib_0012;401LIDL;LIDL;25C50;20250313;EcritureLib_0026;;0,00;48,99;C;;EU;20250325
AT;Achats Tiime;;20250314;60700000;CompteLib_0022;;;25C54;20250314;EcritureLib_0071;;7,53;0,00;D;;;
AT;Achats Tiime;;20250314;44566100;CompteLib_0023;;;25C54;20250314;EcritureLib_0071;;0,41;0,00;D;;;
AT;Achats Tiime;;20250314;40100000;CompteLib_0012;401ALDI;ALDI;25C54;20250314;EcritureLib_0071;;0,00;7,94;C;;AD;20250325
AT;Achats Tiime;;20250317;60700000;CompteLib_0022;;;2672;20250317;EcritureLib_0026;;46,13;0,00;D;;;
AT;Achats Tiime;;20250317;44566100;CompteLib_0023;;;2672;20250317;EcritureLib_0026;;2,54;0,00;D;;;
AT;Achats Tiime;;20250317;40100000;CompteLib_0012;401LIDL;LIDL;2672;20250317;EcritureLib_0026;;0,00;48,67;C;;EF;20250325
AT;Achats Tiime;;20250318;60700000;CompteLib_0022;;;25C66;20250318;EcritureLib_0061;;50,01;0,00;D;;;
AT;Achats Tiime;;20250318;44566100;CompteLib_0023;;;25C66;20250318;EcritureLib_0061;;3,98;0,00;D;;;
AT;Achats Tiime;;20250318;40100000;CompteLib_0012;401INTER;INTERESTO;25C66;20250318;EcritureLib_0061;;0,00;53,99;C;;AQ;20250325
AT;Achats Tiime;;20250319;60700000;CompteLib_0022;;;139638/0371770;20250319;EcritureLib_0026;;36,41;0,00;D;;;
AT;Achats Tiime;;20250319;44566100;CompteLib_0023;;;139638/0371770;20250319;EcritureLib_0026;;2,00;0,00;D;;;
AT;Achats Tiime;;20250319;40100000;CompteLib_0012;401LIDL;LIDL;139638/0371770;20250319;EcritureLib_0026;;0,00;38,41;C;;GT;20250710
AT;Achats Tiime;;20250326;60700000;CompteLib_0022;;;332645/01/51/01;20250326;EcritureLib_0026;;27,94;0,00;D;;;
AT;Achats Tiime;;20250326;44566100;CompteLib_0023;;;332645/01/51/01;20250326;EcritureLib_0026;;1,54;0,00;D;;;
AT;Achats Tiime;;20250326;40100000;CompteLib_0012;401LIDL;LIDL;332645/01/51/01;20250326;EcritureLib_0026;;0,00;29,48;C;;GH;20250710
AT;Achats Tiime;;20250327;60700000;CompteLib_0022;;;25138775;20250327;EcritureLib_0035;;128,99;0,00;D;;;
AT;Achats Tiime;;20250327;44566100;CompteLib_0023;;;25138775;20250327;EcritureLib_0035;;7,09;0,00;D;;;
AT;Achats Tiime;;20250327;40100000;CompteLib_0012;401VANDEN;VANDENBULCKE;25138775;20250327;EcritureLib_0035;;0,00;136,08;C;;AK;20250626
AT;Achats Tiime;;20250327;60700000;CompteLib_0022;;;370105/02723/01;20250327;EcritureLib_0026;;18,81;0,00;D;;;
AT;Achats Tiime;;20250327;44566100;CompteLib_0023;;;370105/02723/01;20250327;EcritureLib_0026;;1,03;0,00;D;;;
AT;Achats Tiime;;20250327;40100000;CompteLib_0012;401LIDL;LIDL;370105/02723/01;20250327;EcritureLib_0026;;0,00;19,84;C;;GQ;20250710
AT;Achats Tiime;;20250328;60700000;CompteLib_0022;;;2672368/037;20250328;EcritureLib_0026;;32,11;0,00;D;;;
AT;Achats Tiime;;20250328;44566100;CompteLib_0023;;;2672368/037;20250328;EcritureLib_0026;;1,77;0,00;D;;;
AT;Achats Tiime;;20250328;40100000;CompteLib_0012;401LIDL;LIDL;2672368/037;20250328;EcritureLib_0026;;0,00;33,88;C;;FP;20250710
AT;Achats Tiime;;20250401;60700000;CompteLib_0022;;;3319100156/07/35/01;20250401;EcritureLib_0026;;8,80;0,00;D;;;
AT;Achats Tiime;;20250401;44566100;CompteLib_0023;;;3319100156/07/35/01;20250401;EcritureLib_0026;;0,48;0,00;D;;;
AT;Achats Tiime;;20250401;40100000;CompteLib_0012;401LIDL;LIDL;3319100156/07/35/01;20250401;EcritureLib_0026;;0,00;9,28;C;;GF;20250710
AT;Achats Tiime;;20250401;60700000;CompteLib_0022;;;3319;20250401;EcritureLib_0026;;39,93;0,00;D;;;
AT;Achats Tiime;;20250401;44566100;CompteLib_0023;;;3319;20250401;EcritureLib_0026;;2,20;0,00;D;;;
AT;Achats Tiime;;20250401;40100000;CompteLib_0012;401LIDL;LIDL;3319;20250401;EcritureLib_0026;;0,00;42,13;C;;GG;20250710
AT;Achats Tiime;;20250402;60700000;CompteLib_0022;;;194013/03711701;20250402;EcritureLib_0026;;64,41;0,00;D;;;
AT;Achats Tiime;;20250402;44566100;CompteLib_0023;;;194013/03711701;20250402;EcritureLib_0026;;3,54;0,00;D;;;
AT;Achats Tiime;;20250402;40100000;CompteLib_0012;401LIDL;LIDL;194013/03711701;20250402;EcritureLib_0026;;0,00;67,95;C;;GI;20250710
AT;Achats Tiime;;20250403;60630000;CompteLib_0028;;;0513;20250403;EcritureLib_0072;;31,40;0,00;D;;;
AT;Achats Tiime;;20250403;44566100;CompteLib_0023;;;0513;20250403;EcritureLib_0072;;1,73;0,00;D;;;
AT;Achats Tiime;;20250403;40100000;CompteLib_0012;401DIVERS;FOURNISSEURS DIVERS;0513;20250403;EcritureLib_0072;;0,00;33,13;C;;O;20250626
AT;Achats Tiime;;20250403;60700000;CompteLib_0022;;;3319101413/07/30701;20250403;EcritureLib_0026;;19,62;0,00;D;;;
AT;Achats Tiime;;20250403;44566100;CompteLib_0023;;;3319101413/07/30701;20250403;EcritureLib_0026;;1,08;0,00;D;;;
AT;Achats Tiime;;20250403;40100000;CompteLib_0012;401LIDL;LIDL;3319101413/07/30701;20250403;EcritureLib_0026;;0,00;20,70;C;;GJ;20250710
AT;Achats Tiime;;20250404;60700000;CompteLib_0022;;;0/0(013)0011/0064712;20250404;EcritureLib_0055;;104,37;0,00;D;;;
AT;Achats Tiime;;20250404;44566100;CompteLib_0023;;;0/0(013)0011/0064712;20250404;EcritureLib_0055;;6,70;0,00;D;;;
AT;Achats Tiime;;20250404;40100000;CompteLib_0012;401METRO;METRO;0/0(013)0011/0064712;20250404;EcritureLib_0055;;0,00;111,07;C;;AY;20250626
AT;Achats Tiime;;20250405;60700000;CompteLib_0022;;;2672156362/03717701;20250405;EcritureLib_0026;;26,20;0,00;D;;;
AT;Achats Tiime;;20250405;44566100;CompteLib_0023;;;2672156362/03717701;20250405;EcritureLib_0026;;1,44;0,00;D;;;
AT;Achats Tiime;;20250405;40100000;CompteLib_0012;401LIDL;LIDL;2672156362/03717701;20250405;EcritureLib_0026;;0,00;27,64;C;;GO;20250710
AT;Achats Tiime;;20250408;60700000;CompteLib_0022;;;2672;20250408;EcritureLib_0026;;37,66;0,00;D;;;
AT;Achats Tiime;;20250408;44566100;CompteLib_0023;;;2672;20250408;EcritureLib_0026;;2,07;0,00;D;;;
AT;Achats Tiime;;20250408;40100000;CompteLib_0012;401LIDL;LIDL;2672;20250408;EcritureLib_0026;;0,00;39,73;C;;GN;20250710
AT;Achats Tiime;;20250409;60700000;CompteLib_0022;;;25D47;20250409;EcritureLib_0073;;34,71;0,00;D;;;
AT;Achats Tiime;;20250409;40100000;CompteLib_0012;401GRANDF;GRAND FRAIS;25D47;20250409;EcritureLib_0073;;0,00;34,71;C;;;
AT;Achats Tiime;;20250409;60700000;CompteLib_0022;;;104655/07/35/01;20250409;EcritureLib_0026;;45,37;0,00;D;;;
AT;Achats Tiime;;20250409;44566100;CompteLib_0023;;;104655/07/35/01;20250409;EcritureLib_0026;;2,50;0,00;D;;;
AT;Achats Tiime;;20250409;40100000;CompteLib_0012;401LIDL;LIDL;104655/07/35/01;20250409;EcritureLib_0026;;0,00;47,87;C;;GM;20250710
AT;Achats Tiime;;20250410;60700000;CompteLib_0022;;;25D55;20250410;EcritureLib_0022;;45,25;0,00;D;;;
AT;Achats Tiime;;20250410;44566100;CompteLib_0023;;;25D55;20250410;EcritureLib_0022;;2,49;0,00;D;;;
AT;Achats Tiime;;20250410;40100000;CompteLib_0012;401INTER;INTERESTO;25D55;20250410;EcritureLib_0022;;0,00;47,74;C;;AT;20250626
AT;Achats Tiime;;20250410;60700000;CompteLib_0022;;;2672;20250410;EcritureLib_0026;;23,07;0,00;D;;;
AT;Achats Tiime;;20250410;44566100;CompteLib_0023;;;2672;20250410;EcritureLib_0026;;1,27;0,00;D;;;
AT;Achats Tiime;;20250410;40100000;CompteLib_0012;401LIDL;LIDL;2672;20250410;EcritureLib_0026;;0,00;24,34;C;;GP;20250710
AT;Achats Tiime;;20250411;60700000;CompteLib_0022;;;26005665;20250411;EcritureLib_0074;;189,31;0,00;D;;;
AT;Achats Tiime;;20250411;44566100;CompteLib_0023;;;26005665;20250411;EcritureLib_0074;;10,41;0,00;D;;;
AT;Achats Tiime;;20250411;40100000;CompteLib_0012;401VANDEN;VANDENBULCKE;26005665;20250411;EcritureLib_0074;;0,00;199,72;C;;AI;20250626
AT;Achats Tiime;;20250411;60700000;CompteLib_0022;;;2672;20250411;EcritureLib_0026;;147,67;0,00;D;;;
AT;Achats Tiime;;20250411;44566100;CompteLib_0023;;;2672;20250411;EcritureLib_0026;;8,70;0,00;D;;;
AT;Achats Tiime;;20250411;40100000;CompteLib_0012;401LIDL;LIDL;2672;20250411;EcritureLib_0026;;0,00;156,37;C;;GE;20250710
AT;Achats Tiime;;20250416;60700000;CompteLib_0022;;;185287/01723701;20250416;EcritureLib_0026;;35,53;0,00;D;;;
AT;Achats Tiime;;20250416;44566100;CompteLib_0023;;;185287/01723701;20250416;EcritureLib_0026;;1,95;0,00;D;;;
AT;Achats Tiime;;20250416;40100000;CompteLib_0012;401LIDL;LIDL;185287/01723701;20250416;EcritureLib_0026;;0,00;37,48;C;;GS;20250710
AT;Achats Tiime;;20250418;60700000;CompteLib_0022;;;25D92;20250418;EcritureLib_0061;;16,85;0,00;D;;;
AT;Achats Tiime;;20250418;44566100;CompteLib_0023;;;25D92;20250418;EcritureLib_0061;;1,35;0,00;D;;;
AT;Achats Tiime;;20250418;40100000;CompteLib_0012;401INTER;INTERESTO;25D92;20250418;EcritureLib_0061;;0,00;18,20;C;;AZ;20250626
AT;Achats Tiime;;20250418;60700000;CompteLib_0022;;;3319110346/07/34701;20250418;EcritureLib_0026;;70,30;0,00;D;;;
AT;Achats Tiime;;20250418;44566100;CompteLib_0023;;;3319110346/07/34701;20250418;EcritureLib_0026;;3,87;0,00;D;;;
AT;Achats Tiime;;20250418;40100000;CompteLib_0012;401LIDL;LIDL;3319110346/07/34701;20250418;EcritureLib_0026;;0,00;74,17;C;;GK;20250710
AT;Achats Tiime;;20250419;60700000;CompteLib_0022;;;2672;20250419;EcritureLib_0026;;29,59;0,00;D;;;
AT;Achats Tiime;;20250419;44566100;CompteLib_0023;;;2672;20250419;EcritureLib_0026;;1,52;0,00;D;;;
AT;Achats Tiime;;20250419;40100000;CompteLib_0012;401LIDL;LIDL;2672;20250419;EcritureLib_0026;;0,00;31,11;C;;GR;20250710
AT;Achats Tiime;;20250420;60700000;CompteLib_0022;;;25D95;20250420;EcritureLib_0060;;40,12;0,00;D;;;
AT;Achats Tiime;;20250420;44566100;CompteLib_0023;;;25D95;20250420;EcritureLib_0060;;1,96;0,00;D;;;
AT;Achats Tiime;;20250420;40100000;CompteLib_0012;401GRANDF;GRAND FRAIS;25D95;20250420;EcritureLib_0060;;0,00;42,08;C;;W;20250626
AT;Achats Tiime;;20250422;60700000;CompteLib_0022;;;2608842;20250422;EcritureLib_0035;;27,60;0,00;D;;;
AT;Achats Tiime;;20250422;44566100;CompteLib_0023;;;2608842;20250422;EcritureLib_0035;;1,52;0,00;D;;;
AT;Achats Tiime;;20250422;40100000;CompteLib_0012;401VANDEN;VANDENBULCKE;2608842;20250422;EcritureLib_0035;;0,00;29,12;C;;AJ;20250626
AT;Achats Tiime;;20250424;60700000;CompteLib_0022;;;3319323942402/40701;20250424;EcritureLib_0026;;42,52;0,00;D;;;
AT;Achats Tiime;;20250424;44566100;CompteLib_0023;;;3319323942402/40701;20250424;EcritureLib_0026;;2,34;0,00;D;;;
AT;Achats Tiime;;20250424;40100000;CompteLib_0012;401LIDL;LIDL;3319323942402/40701;20250424;EcritureLib_0026;;0,00;44,86;C;;FQ;20250710
AT;Achats Tiime;;20250425;60700000;CompteLib_0022;;;25D121;20250425;EcritureLib_0061;;55,57;0,00;D;;;
AT;Achats Tiime;;20250425;44566100;CompteLib_0023;;;25D121;20250425;EcritureLib_0061;;4,04;0,00;D;;;
AT;Achats Tiime;;20250425;40100000;CompteLib_0012;401INTER;INTERESTO;25D121;20250425;EcritureLib_0061;;0,00;59,61;C;;AU;20250626
AT;Achats Tiime;;20250425;60700000;CompteLib_0022;;;25D122;20250425;EcritureLib_0060;;27,74;0,00;D;;;
AT;Achats Tiime;;20250425;44566100;CompteLib_0023;;;25D122;20250425;EcritureLib_0060;;1,79;0,00;D;;;
AT;Achats Tiime;;20250425;40100000;CompteLib_0012;401GRANDF;GRAND FRAIS;25D122;20250425;EcritureLib_0060;;0,00;29,53;C;;AA;20250626
AT;Achats Tiime;;20250426;60700000;CompteLib_0022;;;25D123;20250426;EcritureLib_0071;;31,85;0,00;D;;;
AT;Achats Tiime;;20250426;44566100;CompteLib_0023;;;25D123;20250426;EcritureLib_0071;;1,75;0,00;D;;;
AT;Achats Tiime;;20250426;40100000;CompteLib_0012;401ALDI;ALDI;25D123;20250426;EcritureLib_0071;;0,00;33,60;C;;AF;20250626
AT;Achats Tiime;;20250426;60700000;CompteLib_0022;;;2672-67001/08/22707;20250426;EcritureLib_0026;;38,15;0,00;D;;;
AT;Achats Tiime;;20250426;44566100;CompteLib_0023;;;2672-67001/08/22707;20250426;EcritureLib_0026;;2,58;0,00;D;;;
AT;Achats Tiime;;20250426;40100000;CompteLib_0012;401LIDL;LIDL;2672-67001/08/22707;20250426;EcritureLib_0026;;0,00;40,73;C;;;
AT;Achats Tiime;;20250427;60700000;CompteLib_0022;;;175600;20250427;EcritureLib_0026;;49,29;0,00;D;;;
AT;Achats Tiime;;20250427;44566100;CompteLib_0023;;;175600;20250427;EcritureLib_0026;;2,71;0,00;D;;;
AT;Achats Tiime;;20250427;40100000;CompteLib_0012;401LIDL;LIDL;175600;20250427;EcritureLib_0026;;0,00;52,00;C;;FR;20250710
AT;Achats Tiime;;20250430;60700000;CompteLib_0022;;;25D142;20250430;EcritureLib_0033;;692,39;0,00;D;;;
AT;Achats Tiime;;20250430;44566100;CompteLib_0023;;;25D142;20250430;EcritureLib_0033;;38,08;0,00;D;;;
AT;Achats Tiime;;20250430;40100000;CompteLib_0012;401MARDN;MARCHE DU NORD;25D142;20250430;EcritureLib_0033;;0,00;730,47;C;;AX;20250710
AT;Achats Tiime;;20250430;60700000;CompteLib_0022;;;14;20250430;EcritureLib_0026;;66,48;0,00;D;;;
AT;Achats Tiime;;20250430;44566100;CompteLib_0023;;;14;20250430;EcritureLib_0026;;3,66;0,00;D;;;
AT;Achats Tiime;;20250430;40100000;CompteLib_0012;401LIDL;LIDL;14;20250430;EcritureLib_0026;;0,00;70,14;C;;FO;20250710
AT;Achats Tiime;;20250430;61321000;CompteLib_0024;;;25D144;20250430;EcritureLib_0075;;1361,10;0,00;D;;;
AT;Achats Tiime;;20250430;40100000;CompteLib_0012;401LOYER;LOYER ET CHARGES;25D144;20250430;EcritureLib_0075;;0,00;1361,10;C;;R;20251105
AT;Achats Tiime;;20250503;60700000;CompteLib_0022;;;0/0(10131)0010/0108322;20250503;EcritureLib_0055;;214,50;0,00;D;;;
AT;Achats Tiime;;20250503;44566100;CompteLib_0023;;;0/0(10131)0010/0108322;20250503;EcritureLib_0055;;13,41;0,00;D;;;
AT;Achats Tiime;;20250503;40100000;CompteLib_0012;401METRO;METRO;0/0(10131)0010/0108322;20250503;EcritureLib_0055;;0,00;227,91;C;;AX;20250626
AT;Achats Tiime;;20250503;60700000;CompteLib_0022;;;3319113136/05/31701;20250503;EcritureLib_0026;;71,65;0,00;D;;;
AT;Achats Tiime;;20250503;44566100;CompteLib_0023;;;3319113136/05/31701;20250503;EcritureLib_0026;;3,94;0,00;D;;;
AT;Achats Tiime;;20250503;40100000;CompteLib_0012;401LIDL;LIDL;3319113136/05/31701;20250503;EcritureLib_0026;;0,00;75,59;C;;GL;20250710
AT;Achats Tiime;;20250504;60630000;CompteLib_0028;;;25E13;20250504;EcritureLib_0076;;6,69;0,00;D;;;
AT;Achats Tiime;;20250504;44566100;CompteLib_0023;;;25E13;20250504;EcritureLib_0076;;0,37;0,00;D;;;
AT;Achats Tiime;;20250504;40100000;CompteLib_0012;401DIVERS;FOURNISSEURS DIVERS;25E13;20250504;EcritureLib_0076;;0,00;7,06;C;;N;20250626
AT;Achats Tiime;;20250505;62260000;CompteLib_0026;;;FACT-20250501-12462;20250505;EcritureLib_0039;;161,00;0,00;D;;;
AT;Achats Tiime;;20250505;44566100;CompteLib_0023;;;FACT-20250501-12462;20250505;EcritureLib_0039;;32,20;0,00;D;;;
AT;Achats Tiime;;20250505;40100000;CompteLib_0012;401STC;STC DIGIT;FACT-20250501-12462;20250505;EcritureLib_0039;;0,00;193,20;C;;N;20251105
AT;Achats Tiime;;20250506;60700000;CompteLib_0022;;;452214;20250506;EcritureLib_0061;;34,65;0,00;D;;;
AT;Achats Tiime;;20250506;44566100;CompteLib_0023;;;452214;20250506;EcritureLib_0061;;1,91;0,00;D;;;
AT;Achats Tiime;;20250506;40100000;CompteLib_0012;401INTER;INTERESTO;452214;20250506;EcritureLib_0061;;0,00;36,56;C;;AS;20250626
AT;Achats Tiime;;20250507;60700000;CompteLib_0022;;;25E26;20250507;EcritureLib_0077;;163,03;0,00;D;;;
AT;Achats Tiime;;20250507;44566100;CompteLib_0023;;;25E26;20250507;EcritureLib_0077;;8,97;0,00;D;;;
AT;Achats Tiime;;20250507;40100000;CompteLib_0012;401HALLES;LES HALLES DU SUD;25E26;20250507;EcritureLib_0077;;0,00;172,00;C;;T;20250626
AT;Achats Tiime;;20250508;60700000;CompteLib_0022;;;25E30;20250508;EcritureLib_0071;;51,66;0,00;D;;;
AT;Achats Tiime;;20250508;44566100;CompteLib_0023;;;25E30;20250508;EcritureLib_0071;;3,35;0,00;D;;;
AT;Achats Tiime;;20250508;40100000;CompteLib_0012;401ALDI;ALDI;25E30;20250508;EcritureLib_0071;;0,00;55,01;C;;AE;20250626
AT;Achats Tiime;;20250509;60700000;CompteLib_0022;;;420802/04704701;20250509;EcritureLib_0026;;45,59;0,00;D;;;
AT;Achats Tiime;;20250509;44566100;CompteLib_0023;;;420802/04704701;20250509;EcritureLib_0026;;2,51;0,00;D;;;
AT;Achats Tiime;;20250509;40100000;CompteLib_0012;401LIDL;LIDL;420802/04704701;20250509;EcritureLib_0026;;0,00;48,10;C;;FN;20250710
AT;Achats Tiime;;20250510;60630000;CompteLib_0028;;;25E42;20250510;EcritureLib_0078;;19,91;0,00;D;;;
AT;Achats Tiime;;20250510;44566100;CompteLib_0023;;;25E42;20250510;EcritureLib_0078;;3,98;0,00;D;;;
AT;Achats Tiime;;20250510;40100000;CompteLib_0012;401DIVERS;FOURNISSEURS DIVERS;25E42;20250510;EcritureLib_0078;;0,00;23,89;C;;P;20250626
AT;Achats Tiime;;20250513;60700000;CompteLib_0022;;;2672746;20250513;EcritureLib_0026;;84,22;0,00;D;;;
AT;Achats Tiime;;20250513;44566100;CompteLib_0023;;;2672746;20250513;EcritureLib_0026;;6,56;0,00;D;;;
AT;Achats Tiime;;20250513;40100000;CompteLib_0012;401LIDL;LIDL;2672746;20250513;EcritureLib_0026;;0,00;90,78;C;;FL;20250710
AT;Achats Tiime;;20250514;60700000;CompteLib_0022;;;25E54;20250514;EcritureLib_0022;;38,10;0,00;D;;;
AT;Achats Tiime;;20250514;44566100;CompteLib_0023;;;25E54;20250514;EcritureLib_0022;;5,30;0,00;D;;;
AT;Achats Tiime;;20250514;40100000;CompteLib_0012;401INTER;INTERESTO;25E54;20250514;EcritureLib_0022;;0,00;43,40;C;;AX;20250626
AT;Achats Tiime;;20250514;60630000;CompteLib_0028;;;25E55;20250514;EcritureLib_0079;;28,33;0,00;D;;;
AT;Achats Tiime;;20250514;44566100;CompteLib_0023;;;25E55;20250514;EcritureLib_0079;;5,67;0,00;D;;;
AT;Achats Tiime;;20250514;40100000;CompteLib_0012;401ACT;ACTION;25E55;20250514;EcritureLib_0079;;0,00;34,00;C;;C;20250626
AT;Achats Tiime;;20250515;60700000;CompteLib_0022;;;26019117;20250515;EcritureLib_0035;;151,88;0,00;D;;;
AT;Achats Tiime;;20250515;44566100;CompteLib_0023;;;26019117;20250515;EcritureLib_0035;;8,35;0,00;D;;;
AT;Achats Tiime;;20250515;40100000;CompteLib_0012;401VANDEN;VANDENBULCKE;26019117;20250515;EcritureLib_0035;;0,00;160,23;C;;AL;20250626
AT;Achats Tiime;;20250515;60700000;CompteLib_0022;;;25E65;20250515;EcritureLib_0026;;37,85;0,00;D;;;
AT;Achats Tiime;;20250515;44566100;CompteLib_0023;;;25E65;20250515;EcritureLib_0026;;2,08;0,00;D;;;
AT;Achats Tiime;;20250515;40100000;CompteLib_0012;401LIDL;LIDL;25E65;20250515;EcritureLib_0026;;0,00;39,93;C;;FT;20250710
AT;Achats Tiime;;20250517;60700000;CompteLib_0022;;;3319124819/07/38/01;20250517;EcritureLib_0026;;56,20;0,00;D;;;
AT;Achats Tiime;;20250517;44566100;CompteLib_0023;;;3319124819/07/38/01;20250517;EcritureLib_0026;;3,09;0,00;D;;;
AT;Achats Tiime;;20250517;40100000;CompteLib_0012;401LIDL;LIDL;3319124819/07/38/01;20250517;EcritureLib_0026;;0,00;59,29;C;;FU;20250710
AT;Achats Tiime;;20250520;60700000;CompteLib_0022;;;25E80;20250520;EcritureLib_0061;;24,77;0,00;D;;;
AT;Achats Tiime;;20250520;44566100;CompteLib_0023;;;25E80;20250520;EcritureLib_0061;;1,36;0,00;D;;;
AT;Achats Tiime;;20250520;40100000;CompteLib_0012;401INTER;INTERESTO;25E80;20250520;EcritureLib_0061;;0,00;26,13;C;;AV;20250626
AT;Achats Tiime;;20250522;60700000;CompteLib_0022;;;25E87;20250522;EcritureLib_0080;;84,58;0,00;D;;;
AT;Achats Tiime;;20250522;44566100;CompteLib_0023;;;25E87;20250522;EcritureLib_0080;;4,65;0,00;D;;;
AT;Achats Tiime;;20250522;40100000;CompteLib_0012;401DIVERS;FOURNISSEURS DIVERS;25E87;20250522;EcritureLib_0080;;0,00;89,23;C;;M;20250626
AT;Achats Tiime;;20250523;60700000;CompteLib_0022;;;303618;20250523;EcritureLib_0026;;34,11;0,00;D;;;
AT;Achats Tiime;;20250523;44566100;CompteLib_0023;;;303618;20250523;EcritureLib_0026;;2,11;0,00;D;;;
AT;Achats Tiime;;20250523;40100000;CompteLib_0012;401LIDL;LIDL;303618;20250523;EcritureLib_0026;;0,00;36,22;C;;FW;20250710
AT;Achats Tiime;;20250526;61321000;CompteLib_0024;;;25E101;20250526;EcritureLib_0075;;1361,10;0,00;D;;;
AT;Achats Tiime;;20250526;40100000;CompteLib_0012;401LOYER;LOYER ET CHARGES;25E101;20250526;EcritureLib_0075;;0,00;1361,10;C;;Q;20251105
AT;Achats Tiime;;20250527;60700000;CompteLib_0022;;;25E102;20250527;EcritureLib_0026;;130,25;0,00;D;;;
AT;Achats Tiime;;20250527;44566100;CompteLib_0023;;;25E102;20250527;EcritureLib_0026;;8,08;0,00;D;;;
AT;Achats Tiime;;20250527;40100000;CompteLib_0012;401LIDL;LIDL;25E102;20250527;EcritureLib_0026;;0,00;138,33;C;;GB;20250710
AT;Achats Tiime;;20250531;60700000;CompteLib_0022;;;384141;20250531;EcritureLib_0026;;24,02;0,00;D;;;
AT;Achats Tiime;;20250531;44566100;CompteLib_0023;;;384141;20250531;EcritureLib_0026;;1,32;0,00;D;;;
AT;Achats Tiime;;20250531;40100000;CompteLib_0012;401LIDL;LIDL;384141;20250531;EcritureLib_0026;;0,00;25,34;C;;FX;20250710
AT;Achats Tiime;;20250604;60700000;CompteLib_0022;;;673591/07/46701;20250604;EcritureLib_0026;;43,95;0,00;D;;;
AT;Achats Tiime;;20250604;44566100;CompteLib_0023;;;673591/07/46701;20250604;EcritureLib_0026;;2,42;0,00;D;;;
AT;Achats Tiime;;20250604;40100000;CompteLib_0012;401LIDL;LIDL;673591/07/46701;20250604;EcritureLib_0026;;0,00;46,37;C;;FY;20250710
AT;Achats Tiime;;20250605;60700000;CompteLib_0022;;;25F19;20250605;EcritureLib_0063;;6,92;0,00;D;;;
AT;Achats Tiime;;20250605;44566100;CompteLib_0023;;;25F19;20250605;EcritureLib_0063;;0,38;0,00;D;;;
AT;Achats Tiime;;20250605;40100000;CompteLib_0012;401MATCH;SUPERMARCHE MATCH;25F19;20250605;EcritureLib_0063;;0,00;7,30;C;;P;20250626
AT;Achats Tiime;;20250608;60700000;CompteLib_0022;;;0904674;20250608;EcritureLib_0026;;90,90;0,00;D;;;
AT;Achats Tiime;;20250608;44566100;CompteLib_0023;;;0904674;20250608;EcritureLib_0026;;5,00;0,00;D;;;
AT;Achats Tiime;;20250608;40100000;CompteLib_0012;401LIDL;LIDL;0904674;20250608;EcritureLib_0026;;0,00;95,90;C;;FV;20250710
AT;Achats Tiime;;20250610;60700000;CompteLib_0022;;;25F34;20250610;EcritureLib_0026;;6,79;0,00;D;;;
AT;Achats Tiime;;20250610;44566100;CompteLib_0023;;;25F34;20250610;EcritureLib_0026;;0,56;0,00;D;;;
AT;Achats Tiime;;20250610;40100000;CompteLib_0012;401LIDL;LIDL;25F34;20250610;EcritureLib_0026;;0,00;7,35;C;;GC;20250710
AT;Achats Tiime;;20250612;60700000;CompteLib_0022;;;26030383;20250612;EcritureLib_0035;;96,56;0,00;D;;;
AT;Achats Tiime;;20250612;44566100;CompteLib_0023;;;26030383;20250612;EcritureLib_0035;;5,31;0,00;D;;;
AT;Achats Tiime;;20250612;40100000;CompteLib_0012;401VANDEN;VANDENBULCKE;26030383;20250612;EcritureLib_0035;;0,00;101,87;C;;AM;20250710
AT;Achats Tiime;;20250612;60700000;CompteLib_0022;;;190070/037;20250612;EcritureLib_0026;;50,09;0,00;D;;;
AT;Achats Tiime;;20250612;44566100;CompteLib_0023;;;190070/037;20250612;EcritureLib_0026;;2,75;0,00;D;;;
AT;Achats Tiime;;20250612;40100000;CompteLib_0012;401LIDL;LIDL;190070/037;20250612;EcritureLib_0026;;0,00;52,84;C;;FZ;20250710
AT;Achats Tiime;;20250613;60700000;CompteLib_0022;;;F25-03087;20250613;EcritureLib_0061;;53,09;0,00;D;;;
AT;Achats Tiime;;20250613;44566100;CompteLib_0023;;;F25-03087;20250613;EcritureLib_0061;;2,92;0,00;D;;;
AT;Achats Tiime;;20250613;40100000;CompteLib_0012;401INTER;INTERESTO;F25-03087;20250613;EcritureLib_0061;;0,00;56,01;C;;AY;20250626
AT;Achats Tiime;;20250614;60700000;CompteLib_0022;;;25F47;20250614;EcritureLib_0073;;21,80;0,00;D;;;
AT;Achats Tiime;;20250614;44566100;CompteLib_0023;;;25F47;20250614;EcritureLib_0073;;1,66;0,00;D;;;
AT;Achats Tiime;;20250614;40100000;CompteLib_0012;401GRANDF;GRAND FRAIS;25F47;20250614;EcritureLib_0073;;0,00;23,46;C;;X;20250626
AT;Achats Tiime;;20250614;60700000;CompteLib_0022;;;25F48;20250614;EcritureLib_0071;;10,77;0,00;D;;;
AT;Achats Tiime;;20250614;44566100;CompteLib_0023;;;25F48;20250614;EcritureLib_0071;;0,59;0,00;D;;;
AT;Achats Tiime;;20250614;40100000;CompteLib_0012;401ALDI;ALDI;25F48;20250614;EcritureLib_0071;;0,00;11,36;C;;AG;20250626
AT;Achats Tiime;;20250614;60700000;CompteLib_0022;;;331939188/07/33701;20250614;EcritureLib_0026;;54,58;0,00;D;;;
AT;Achats Tiime;;20250614;44566100;CompteLib_0023;;;331939188/07/33701;20250614;EcritureLib_0026;;3,00;0,00;D;;;
AT;Achats Tiime;;20250614;40100000;CompteLib_0012;401LIDL;LIDL;331939188/07/33701;20250614;EcritureLib_0026;;0,00;57,58;C;;FM;20250710
AT;Achats Tiime;;20250617;60700000;CompteLib_0022;;;192616/02722701;20250617;EcritureLib_0026;;55,32;0,00;D;;;
AT;Achats Tiime;;20250617;44566100;CompteLib_0023;;;192616/02722701;20250617;EcritureLib_0026;;3,04;0,00;D;;;
AT;Achats Tiime;;20250617;40100000;CompteLib_0012;401LIDL;LIDL;192616/02722701;20250617;EcritureLib_0026;;0,00;58,36;C;;FJ;20250710
AT;Achats Tiime;;20250619;60700000;CompteLib_0022;;;25F78;20250619;EcritureLib_0060;;21,16;0,00;D;;;
AT;Achats Tiime;;20250619;44566100;CompteLib_0023;;;25F78;20250619;EcritureLib_0060;;0,77;0,00;D;;;
AT;Achats Tiime;;20250619;40100000;CompteLib_0012;401GRANDF;GRAND FRAIS;25F78;20250619;EcritureLib_0060;;0,00;21,93;C;;Y;20250626
AT;Achats Tiime;;20250620;60700000;CompteLib_0022;;;F25-03243;20250620;EcritureLib_0081;;56,56;0,00;D;;;
AT;Achats Tiime;;20250620;44566100;CompteLib_0023;;;F25-03243;20250620;EcritureLib_0081;;3,11;0,00;D;;;
AT;Achats Tiime;;20250620;40100000;CompteLib_0012;401INTER;INTERESTO;F25-03243;20250620;EcritureLib_0081;;0,00;59,67;C;;AW;20250626
AT;Achats Tiime;;20250620;60700000;CompteLib_0022;;;25F86;20250620;EcritureLib_0060;;44,52;0,00;D;;;
AT;Achats Tiime;;20250620;44566100;CompteLib_0023;;;25F86;20250620;EcritureLib_0060;;2,18;0,00;D;;;
AT;Achats Tiime;;20250620;40100000;CompteLib_0012;401GRANDF;GRAND FRAIS;25F86;20250620;EcritureLib_0060;;0,00;46,70;C;;Z;20250626
AT;Achats Tiime;;20250620;60700000;CompteLib_0022;;;3319141555/07/24/01;20250620;EcritureLib_0026;;114,59;0,00;D;;;
AT;Achats Tiime;;20250620;44566100;CompteLib_0023;;;3319141555/07/24/01;20250620;EcritureLib_0026;;6,83;0,00;D;;;
AT;Achats Tiime;;20250620;40100000;CompteLib_0012;401LIDL;LIDL;3319141555/07/24/01;20250620;EcritureLib_0026;;0,00;121,42;C;;FI;20250710
AT;Achats Tiime;;20250621;60700000;CompteLib_0022;;;0/0(013)00008/019506;20250621;EcritureLib_0024;;172,90;0,00;D;;;
AT;Achats Tiime;;20250621;44566100;CompteLib_0023;;;0/0(013)00008/019506;20250621;EcritureLib_0024;;11,86;0,00;D;;;
AT;Achats Tiime;;20250621;40100000;CompteLib_0012;401METRO;METRO;0/0(013)00008/019506;20250621;EcritureLib_0024;;0,00;184,76;C;;AZ;20250710
AT;Achats Tiime;;20250622;60700000;CompteLib_0022;;;25F89;20250622;EcritureLib_0058;;24,79;0,00;D;;;
AT;Achats Tiime;;20250622;44566100;CompteLib_0023;;;25F89;20250622;EcritureLib_0058;;1,48;0,00;D;;;
AT;Achats Tiime;;20250622;40100000;CompteLib_0012;401MATCH;SUPERMARCHE MATCH;25F89;20250622;EcritureLib_0058;;0,00;26,27;C;;Q;20250626
AT;Achats Tiime;;20250625;60700000;CompteLib_0022;;;25F114;20250625;EcritureLib_0082;;22,86;0,00;D;;;
AT;Achats Tiime;;20250625;44566100;CompteLib_0023;;;25F114;20250625;EcritureLib_0082;;1,26;0,00;D;;;
AT;Achats Tiime;;20250625;40100000;CompteLib_0012;401DIVERS;FOURNISSEURS DIVERS;25F114;20250625;EcritureLib_0082;;0,00;24,12;C;;R;20250710
AT;Achats Tiime;;20250626;60700000;CompteLib_0022;;;3319145075/07/46/01;20250626;EcritureLib_0026;;49,62;0,00;D;;;
AT;Achats Tiime;;20250626;44566100;CompteLib_0023;;;3319145075/07/46/01;20250626;EcritureLib_0026;;2,73;0,00;D;;;
AT;Achats Tiime;;20250626;40100000;CompteLib_0012;401LIDL;LIDL;3319145075/07/46/01;20250626;EcritureLib_0026;;0,00;52,35;C;;FH;20250710
AT;Achats Tiime;;20250627;60700000;CompteLib_0022;;;25F127;20250627;EcritureLib_0061;;53,90;0,00;D;;;
AT;Achats Tiime;;20250627;44566100;CompteLib_0023;;;25F127;20250627;EcritureLib_0061;;2,96;0,00;D;;;
AT;Achats Tiime;;20250627;40100000;CompteLib_0012;401INTER;INTERESTO;25F127;20250627;EcritureLib_0061;;0,00;56,86;C;;BA;20250710
AT;Achats Tiime;;20250627;60700000;CompteLib_0022;;;3319145251/07/12;20250627;EcritureLib_0026;;46,12;0,00;D;;;
AT;Achats Tiime;;20250627;44566100;CompteLib_0023;;;3319145251/07/12;20250627;EcritureLib_0026;;2,54;0,00;D;;;
AT;Achats Tiime;;20250627;40100000;CompteLib_0012;401LIDL;LIDL;3319145251/07/12;20250627;EcritureLib_0026;;0,00;48,66;C;;FK;20250710
AT;Achats Tiime;;20250629;60700000;CompteLib_0022;;;25F129;20250629;EcritureLib_0060;;50,98;0,00;D;;;
AT;Achats Tiime;;20250629;44566100;CompteLib_0023;;;25F129;20250629;EcritureLib_0060;;2,17;0,00;D;;;
AT;Achats Tiime;;20250629;40100000;CompteLib_0012;401GRANDF;GRAND FRAIS;25F129;20250629;EcritureLib_0060;;0,00;53,15;C;;AC;20250710
AT;Achats Tiime;;20250629;60700000;CompteLib_0022;;;3319146491/07/40/01;20250629;EcritureLib_0026;;20,31;0,00;D;;;
AT;Achats Tiime;;20250629;44566100;CompteLib_0023;;;3319146491/07/40/01;20250629;EcritureLib_0026;;1,12;0,00;D;;;
AT;Achats Tiime;;20250629;40100000;CompteLib_0012;401LIDL;LIDL;3319146491/07/40/01;20250629;EcritureLib_0026;;0,00;21,43;C;;GA;20250710
AT;Achats Tiime;;20250701;60700000;CompteLib_0022;;;3319.147235/07/00701;20250701;EcritureLib_0026;;77,79;0,00;D;;;
AT;Achats Tiime;;20250701;44566100;CompteLib_0023;;;3319.147235/07/00701;20250701;EcritureLib_0026;;4,28;0,00;D;;;
AT;Achats Tiime;;20250701;40100000;CompteLib_0012;401LIDL;LIDL;3319.147235/07/00701;20250701;EcritureLib_0026;;0,00;82,07;C;;FS;20250710
AT;Achats Tiime;;20250701;60700000;CompteLib_0022;;;25G4;20250701;EcritureLib_0047;;118,96;0,00;D;;;
AT;Achats Tiime;;20250701;44566100;CompteLib_0023;;;25G4;20250701;EcritureLib_0047;;6,54;0,00;D;;;
AT;Achats Tiime;;20250701;40100000;CompteLib_0012;401HALLES;LES HALLES DU SUD;25G4;20250701;EcritureLib_0047;;0,00;125,50;C;;U;20250726
AT;Achats Tiime;;20250702;60700000;CompteLib_0022;;;25G8;20250702;EcritureLib_0083;;38,38;0,00;D;;;
AT;Achats Tiime;;20250702;44566100;CompteLib_0023;;;25G8;20250702;EcritureLib_0083;;2,11;0,00;D;;;
AT;Achats Tiime;;20250702;40100000;CompteLib_0012;401DIVERS;FOURNISSEURS DIVERS;25G8;20250702;EcritureLib_0083;;0,00;40,49;C;;S;20250711
AT;Achats Tiime;;20250703;60630000;CompteLib_0028;;;25-03522;20250703;EcritureLib_0084;;95,47;0,00;D;;;
AT;Achats Tiime;;20250703;44566100;CompteLib_0023;;;25-03522;20250703;EcritureLib_0084;;6,80;0,00;D;;;
AT;Achats Tiime;;20250703;40100000;CompteLib_0012;401DIVERS;FOURNISSEURS DIVERS;25-03522;20250703;EcritureLib_0084;;0,00;102,27;C;;Q;20250710
AT;Achats Tiime;;20250703;60700000;CompteLib_0022;;;25G14;20250703;EcritureLib_0060;;37,48;0,00;D;;;
AT;Achats Tiime;;20250703;44566100;CompteLib_0023;;;25G14;20250703;EcritureLib_0060;;1,57;0,00;D;;;
AT;Achats Tiime;;20250703;40100000;CompteLib_0012;401GRANDF;GRAND FRAIS;25G14;20250703;EcritureLib_0060;;0,00;39,05;C;;AB;20250710
AT;Achats Tiime;;20250703;60700000;CompteLib_0022;;;1319394869/03/35701;20250703;EcritureLib_0026;;85,06;0,00;D;;;
AT;Achats Tiime;;20250703;44566100;CompteLib_0023;;;1319394869/03/35701;20250703;EcritureLib_0026;;4,68;0,00;D;;;
AT;Achats Tiime;;20250703;40100000;CompteLib_0012;401LIDL;LIDL;1319394869/03/35701;20250703;EcritureLib_0026;;0,00;89,74;C;;FF;20250710
AT;Achats Tiime;;20250703;60700000;CompteLib_0022;;;585603;20250703;EcritureLib_0026;;54,65;0,00;D;;;
AT;Achats Tiime;;20250703;44566100;CompteLib_0023;;;585603;20250703;EcritureLib_0026;;3,01;0,00;D;;;
AT;Achats Tiime;;20250703;40100000;CompteLib_0012;401LIDL;LIDL;585603;20250703;EcritureLib_0026;;0,00;57,66;C;;FG;20250710
AT;Achats Tiime;;20250704;60700000;CompteLib_0022;;;25G24;20250704;EcritureLib_0085;;51,72;0,00;D;;;
AT;Achats Tiime;;20250704;44566100;CompteLib_0023;;;25G24;20250704;EcritureLib_0085;;2,84;0,00;D;;;
AT;Achats Tiime;;20250704;40100000;CompteLib_0012;401DIVERS;FOURNISSEURS DIVERS;25G24;20250704;EcritureLib_0085;;0,00;54,56;C;;T;20250718
AT;Achats Tiime;;20250704;60700000;CompteLib_0022;;;0/0(1013)1015/024182;20250704;EcritureLib_0055;;111,44;0,00;D;;;
AT;Achats Tiime;;20250704;44566100;CompteLib_0023;;;0/0(1013)1015/024182;20250704;EcritureLib_0055;;8,19;0,00;D;;;
AT;Achats Tiime;;20250704;40100000;CompteLib_0012;401METRO;METRO;0/0(1013)1015/024182;20250704;EcritureLib_0055;;0,00;119,63;C;;BA;20250726
AT;Achats Tiime;;20250706;60700000;CompteLib_0022;;;25G27;20250706;EcritureLib_0060;;49,19;0,00;D;;;
AT;Achats Tiime;;20250706;44566100;CompteLib_0023;;;25G27;20250706;EcritureLib_0060;;2,49;0,00;D;;;
AT;Achats Tiime;;20250706;40100000;CompteLib_0012;401GRANDF;GRAND FRAIS;25G27;20250706;EcritureLib_0060;;0,00;51,68;C;;AD;20250711
AT;Achats Tiime;;20250706;60700000;CompteLib_0022;;;865646;20250706;EcritureLib_0026;;65,22;0,00;D;;;
AT;Achats Tiime;;20250706;44566100;CompteLib_0023;;;865646;20250706;EcritureLib_0026;;1,47;0,00;D;;;
AT;Achats Tiime;;20250706;40100000;CompteLib_0012;401LIDL;LIDL;865646;20250706;EcritureLib_0026;;0,00;66,69;C;;GV;20250718
AT;Achats Tiime;;20250708;60700000;CompteLib_0022;;;2672203300/03/23/01;20250708;EcritureLib_0026;;35,77;0,00;D;;;
AT;Achats Tiime;;20250708;44566100;CompteLib_0023;;;2672203300/03/23/01;20250708;EcritureLib_0026;;2,11;0,00;D;;;
AT;Achats Tiime;;20250708;40100000;CompteLib_0012;401LIDL;LIDL;2672203300/03/23/01;20250708;EcritureLib_0026;;0,00;37,88;C;;GU;20250718
AT;Achats Tiime;;20250711;60700000;CompteLib_0022;;;345442;20250711;EcritureLib_0026;;71,79;0,00;D;;;
AT;Achats Tiime;;20250711;44566100;CompteLib_0023;;;345442;20250711;EcritureLib_0026;;1,00;0,00;D;;;
AT;Achats Tiime;;20250711;40100000;CompteLib_0012;401LIDL;LIDL;345442;20250711;EcritureLib_0026;;0,00;72,79;C;;GW;20250718
AT;Achats Tiime;;20250713;60700000;CompteLib_0022;;;25G54;20250713;EcritureLib_0060;;20,77;0,00;D;;;
AT;Achats Tiime;;20250713;44566100;CompteLib_0023;;;25G54;20250713;EcritureLib_0060;;0,65;0,00;D;;;
AT;Achats Tiime;;20250713;40100000;CompteLib_0012;401GRANDF;GRAND FRAIS;25G54;20250713;EcritureLib_0060;;0,00;21,42;C;;AE;20250718
AT;Achats Tiime;;20250713;60700000;CompteLib_0022;;;3319315562;20250713;EcritureLib_0026;;143,24;0,00;D;;;
AT;Achats Tiime;;20250713;44566100;CompteLib_0023;;;3319315562;20250713;EcritureLib_0026;;7,88;0,00;D;;;
AT;Achats Tiime;;20250713;40100000;CompteLib_0012;401LIDL;LIDL;3319315562;20250713;EcritureLib_0026;;0,00;151,12;C;;GX;20250718
AT;Achats Tiime;;20250716;60700000;CompteLib_0022;;;25G69;20250716;EcritureLib_0065;;56,94;0,00;D;;;
AT;Achats Tiime;;20250716;44566100;CompteLib_0023;;;25G69;20250716;EcritureLib_0065;;4,00;0,00;D;;;
AT;Achats Tiime;;20250716;40100000;CompteLib_0012;401LECLERC;LECLERC;25G69;20250716;EcritureLib_0065;;0,00;60,94;C;;BN;20250726
AT;Achats Tiime;;20250716;60700000;CompteLib_0022;;;26043856;20250716;EcritureLib_0035;;114,72;0,00;D;;;
AT;Achats Tiime;;20250716;44566100;CompteLib_0023;;;26043856;20250716;EcritureLib_0035;;6,31;0,00;D;;;
AT;Achats Tiime;;20250716;40100000;CompteLib_0012;401VANDEN;VANDENBULCKE;26043856;20250716;EcritureLib_0035;;0,00;121,03;C;;AN;20250726
AT;Achats Tiime;;20250719;60700000;CompteLib_0022;;;2872;20250719;EcritureLib_0026;;47,20;0,00;D;;;
AT;Achats Tiime;;20250719;44566100;CompteLib_0023;;;2872;20250719;EcritureLib_0026;;2,60;0,00;D;;;
AT;Achats Tiime;;20250719;40100000;CompteLib_0012;401LIDL;LIDL;2872;20250719;EcritureLib_0026;;0,00;49,80;C;;GY;20250726
AT;Achats Tiime;;20250723;60700000;CompteLib_0022;;;3319157240/07/08701;20250723;EcritureLib_0026;;29,88;0,00;D;;;
AT;Achats Tiime;;20250723;44566100;CompteLib_0023;;;3319157240/07/08701;20250723;EcritureLib_0026;;2,27;0,00;D;;;
AT;Achats Tiime;;20250723;40100000;CompteLib_0012;401LIDL;LIDL;3319157240/07/08701;20250723;EcritureLib_0026;;0,00;32,15;C;;HC;20250813
AT;Achats Tiime;;20250723;60700000;CompteLib_0022;;;1999;20250723;EcritureLib_0043;;56,87;0,00;D;;;
AT;Achats Tiime;;20250723;44566100;CompteLib_0023;;;1999;20250723;EcritureLib_0043;;3,13;0,00;D;;;
AT;Achats Tiime;;20250723;40100000;CompteLib_0012;401DIVERS;FOURNISSEURS DIVERS;1999;20250723;EcritureLib_0043;;0,00;60,00;C;;AA;20251105
AT;Achats Tiime;;20250724;60700000;CompteLib_0022;;;2672195541/01/23/01;20250724;EcritureLib_0026;;13,25;0,00;D;;;
AT;Achats Tiime;;20250724;44566100;CompteLib_0023;;;2672195541/01/23/01;20250724;EcritureLib_0026;;0,73;0,00;D;;;
AT;Achats Tiime;;20250724;40100000;CompteLib_0012;401LIDL;LIDL;2672195541/01/23/01;20250724;EcritureLib_0026;;0,00;13,98;C;;HB;20250813
AT;Achats Tiime;;20250726;60700000;CompteLib_0022;;;25G115;20250726;EcritureLib_0060;;13,70;0,00;D;;;
AT;Achats Tiime;;20250726;44566100;CompteLib_0023;;;25G115;20250726;EcritureLib_0060;;0,77;0,00;D;;;
AT;Achats Tiime;;20250726;40100000;CompteLib_0012;401GRANDF;GRAND FRAIS;25G115;20250726;EcritureLib_0060;;0,00;14,47;C;;AH;20250813
AT;Achats Tiime;;20250726;60700000;CompteLib_0022;;;25-03975;20250726;EcritureLib_0061;;43,40;0,00;D;;;
AT;Achats Tiime;;20250726;44566100;CompteLib_0023;;;25-03975;20250726;EcritureLib_0061;;2,39;0,00;D;;;
AT;Achats Tiime;;20250726;40100000;CompteLib_0012;401INTER;INTERESTO;25-03975;20250726;EcritureLib_0061;;0,00;45,79;C;;BB;20250813
AT;Achats Tiime;;20250726;60700000;CompteLib_0022;;;2049210F170770126;20250726;EcritureLib_0026;;33,95;0,00;D;;;
AT;Achats Tiime;;20250726;44566100;CompteLib_0023;;;2049210F170770126;20250726;EcritureLib_0026;;1,87;0,00;D;;;
AT;Achats Tiime;;20250726;40100000;CompteLib_0012;401LIDL;LIDL;2049210F170770126;20250726;EcritureLib_0026;;0,00;35,82;C;;HE;20250813
AT;Achats Tiime;;20250726;60700000;CompteLib_0022;;;268654;20250726;EcritureLib_0026;;36,99;0,00;D;;;
AT;Achats Tiime;;20250726;44566100;CompteLib_0023;;;268654;20250726;EcritureLib_0026;;2,03;0,00;D;;;
AT;Achats Tiime;;20250726;40100000;CompteLib_0012;401LIDL;LIDL;268654;20250726;EcritureLib_0026;;0,00;39,02;C;;HG;20250813
AT;Achats Tiime;;20250727;60700000;CompteLib_0022;;;3319159144/07/34701;20250727;EcritureLib_0026;;47,21;0,00;D;;;
AT;Achats Tiime;;20250727;44566100;CompteLib_0023;;;3319159144/07/34701;20250727;EcritureLib_0026;;2,60;0,00;D;;;
AT;Achats Tiime;;20250727;40100000;CompteLib_0012;401LIDL;LIDL;3319159144/07/34701;20250727;EcritureLib_0026;;0,00;49,81;C;;HF;20250813
AT;Achats Tiime;;20250729;60700000;CompteLib_0022;;;25G140;20250729;EcritureLib_0080;;28,62;0,00;D;;;
AT;Achats Tiime;;20250729;44566100;CompteLib_0023;;;25G140;20250729;EcritureLib_0080;;1,57;0,00;D;;;
AT;Achats Tiime;;20250729;40100000;CompteLib_0012;401DIVERS;FOURNISSEURS DIVERS;25G140;20250729;EcritureLib_0080;;0,00;30,19;C;;U;20250813
AT;Achats Tiime;;20250729;60700000;CompteLib_0022;;;213399/03/22/01;20250729;EcritureLib_0026;;75,85;0,00;D;;;
AT;Achats Tiime;;20250729;44566100;CompteLib_0023;;;213399/03/22/01;20250729;EcritureLib_0026;;5,48;0,00;D;;;
AT;Achats Tiime;;20250729;40100000;CompteLib_0012;401LIDL;LIDL;213399/03/22/01;20250729;EcritureLib_0026;;0,00;81,33;C;;HD;20250813
AT;Achats Tiime;;20250730;60700000;CompteLib_0022;;;3319;20250730;EcritureLib_0026;;80,73;0,00;D;;;
AT;Achats Tiime;;20250730;44566100;CompteLib_0023;;;3319;20250730;EcritureLib_0026;;7,46;0,00;D;;;
AT;Achats Tiime;;20250730;40100000;CompteLib_0012;401LIDL;LIDL;3319;20250730;EcritureLib_0026;;0,00;88,19;C;;GZ;20250813
AT;Achats Tiime;;20250730;60700000;CompteLib_0022;;;25G149;20250730;EcritureLib_0073;;51,93;0,00;D;;;
AT;Achats Tiime;;20250730;40100000;CompteLib_0012;401GRANDF;GRAND FRAIS;25G149;20250730;EcritureLib_0073;;0,00;51,93;C;;;
AT;Achats Tiime;;20250801;60700000;CompteLib_0022;;;25H7;20250801;EcritureLib_0073;;21,33;0,00;D;;;
AT;Achats Tiime;;20250801;44566100;CompteLib_0023;;;25H7;20250801;EcritureLib_0073;;0,82;0,00;D;;;
AT;Achats Tiime;;20250801;40100000;CompteLib_0012;401GRANDF;GRAND FRAIS;25H7;20250801;EcritureLib_0073;;0,00;22,15;C;;AG;20250813
AT;Achats Tiime;;20250801;60700000;CompteLib_0022;;;2672/02704/01;20250801;EcritureLib_0026;;18,13;0,00;D;;;
AT;Achats Tiime;;20250801;44566100;CompteLib_0023;;;2672/02704/01;20250801;EcritureLib_0026;;1,00;0,00;D;;;
AT;Achats Tiime;;20250801;40100000;CompteLib_0012;401LIDL;LIDL;2672/02704/01;20250801;EcritureLib_0026;;0,00;19,13;C;;HA;20250813
AT;Achats Tiime;;20250802;60700000;CompteLib_0022;;;25H9;20250802;EcritureLib_0067;;23,55;0,00;D;;;
AT;Achats Tiime;;20250802;44566100;CompteLib_0023;;;25H9;20250802;EcritureLib_0067;;2,35;0,00;D;;;
AT;Achats Tiime;;20250802;40100000;CompteLib_0012;401LECLERC;LECLERC;25H9;20250802;EcritureLib_0067;;0,00;25,90;C;;BO;20250813
AT;Achats Tiime;;20250802;60700000;CompteLib_0022;;;25H10;20250802;EcritureLib_0083;;45,94;0,00;D;;;
AT;Achats Tiime;;20250802;44566100;CompteLib_0023;;;25H10;20250802;EcritureLib_0083;;2,53;0,00;D;;;
AT;Achats Tiime;;20250802;40100000;CompteLib_0012;401DIVERS;FOURNISSEURS DIVERS;25H10;20250802;EcritureLib_0083;;0,00;48,47;C;;V;20250813
AT;Achats Tiime;;20250802;60630000;CompteLib_0028;;;25H11;20250802;EcritureLib_0086;;39,65;0,00;D;;;
AT;Achats Tiime;;20250802;44566100;CompteLib_0023;;;25H11;20250802;EcritureLib_0086;;7,18;0,00;D;;;
AT;Achats Tiime;;20250802;40100000;CompteLib_0012;401DIVERS;FOURNISSEURS DIVERS;25H11;20250802;EcritureLib_0086;;0,00;46,83;C;;W;20250813
AT;Achats Tiime;;20250803;60700000;CompteLib_0022;;;25H12;20250803;EcritureLib_0060;;48,21;0,00;D;;;
AT;Achats Tiime;;20250803;44566100;CompteLib_0023;;;25H12;20250803;EcritureLib_0060;;2,17;0,00;D;;;
AT;Achats Tiime;;20250803;40100000;CompteLib_0012;401GRANDF;GRAND FRAIS;25H12;20250803;EcritureLib_0060;;0,00;50,38;C;;AF;20250813
AT;Achats Tiime;;20250807;60700000;CompteLib_0022;;;2672;20250807;EcritureLib_0087;;65,40;0,00;D;;;
AT;Achats Tiime;;20250807;44566100;CompteLib_0023;;;2672;20250807;EcritureLib_0087;;3,60;0,00;D;;;
AT;Achats Tiime;;20250807;40100000;CompteLib_0012;401METRO;METRO;2672;20250807;EcritureLib_0087;;0,00;69,00;C;;;
AT;Achats Tiime;;20250807;60700000;CompteLib_0022;;;0/0(013)0054/00040202;20250807;EcritureLib_0055;;68,48;0,00;D;;;
AT;Achats Tiime;;20250807;40100000;CompteLib_0012;401METRO;METRO;0/0(013)0054/00040202;20250807;EcritureLib_0055;;0,00;68,48;C;;BB;20250813
AT;Achats Tiime;;20250807;60700000;CompteLib_0022;;;26051216;20250807;EcritureLib_0035;;116,32;0,00;D;;;
AT;Achats Tiime;;20250807;44566100;CompteLib_0023;;;26051216;20250807;EcritureLib_0035;;6,40;0,00;D;;;
AT;Achats Tiime;;20250807;40100000;CompteLib_0012;401VANDEN;VANDENBULCKE;26051216;20250807;EcritureLib_0035;;0,00;122,72;C;;AO;20250924
AT;Achats Tiime;;20250809;60700000;CompteLib_0022;;;102301;20250809;EcritureLib_0026;;99,94;0,00;D;;;
AT;Achats Tiime;;20250809;44566100;CompteLib_0023;;;102301;20250809;EcritureLib_0026;;2,07;0,00;D;;;
AT;Achats Tiime;;20250809;40100000;CompteLib_0012;401LIDL;LIDL;102301;20250809;EcritureLib_0026;;0,00;102,01;C;;HH;20250924
AT;Achats Tiime;;20250810;60700000;CompteLib_0022;;;3319164784/07/21701;20250810;EcritureLib_0026;;28,12;0,00;D;;;
AT;Achats Tiime;;20250810;44566100;CompteLib_0023;;;3319164784/07/21701;20250810;EcritureLib_0026;;2,16;0,00;D;;;
AT;Achats Tiime;;20250810;40100000;CompteLib_0012;401LIDL;LIDL;3319164784/07/21701;20250810;EcritureLib_0026;;0,00;30,28;C;;HI;20250924
AT;Achats Tiime;;20250814;60700000;CompteLib_0022;;;218104/087027011;20250814;EcritureLib_0026;;61,03;0,00;D;;;
AT;Achats Tiime;;20250814;44566100;CompteLib_0023;;;218104/087027011;20250814;EcritureLib_0026;;3,36;0,00;D;;;
AT;Achats Tiime;;20250814;40100000;CompteLib_0012;401LIDL;LIDL;218104/087027011;20250814;EcritureLib_0026;;0,00;64,39;C;;HJ;20250924
AT;Achats Tiime;;20250815;60700000;CompteLib_0022;;;25H73;20250815;EcritureLib_0073;;26,47;0,00;D;;;
AT;Achats Tiime;;20250815;44566100;CompteLib_0023;;;25H73;20250815;EcritureLib_0073;;1,54;0,00;D;;;
AT;Achats Tiime;;20250815;40100000;CompteLib_0012;401GRANDF;GRAND FRAIS;25H73;20250815;EcritureLib_0073;;0,00;28,01;C;;AI;20250924
AT;Achats Tiime;;20250826;61321000;CompteLib_0024;;;25H93;20250826;EcritureLib_0075;;1328,20;0,00;D;;;
AT;Achats Tiime;;20250826;40100000;CompteLib_0012;401LOYER;LOYER ET CHARGES;25H93;20250826;EcritureLib_0075;;0,00;1328,20;C;;P;20251105
AT;Achats Tiime;;20250829;60700000;CompteLib_0022;;;124760;20250829;EcritureLib_0026;;153,82;0,00;D;;;
AT;Achats Tiime;;20250829;44566100;CompteLib_0023;;;124760;20250829;EcritureLib_0026;;10,57;0,00;D;;;
AT;Achats Tiime;;20250829;40100000;CompteLib_0012;401LIDL;LIDL;124760;20250829;EcritureLib_0026;;0,00;164,39;C;;HM;20250924
AT;Achats Tiime;;20250829;60700000;CompteLib_0022;;;26058648;20250829;EcritureLib_0088;;243,72;0,00;D;;;
AT;Achats Tiime;;20250829;44566100;CompteLib_0023;;;26058648;20250829;EcritureLib_0088;;13,40;0,00;D;;;
AT;Achats Tiime;;20250829;40100000;CompteLib_0012;401VANDEN;VANDENBULCKE;26058648;20250829;EcritureLib_0088;;0,00;257,12;C;;AP;20250924
AT;Achats Tiime;;20250830;60700000;CompteLib_0022;;;25H102;20250830;EcritureLib_0060;;81,60;0,00;D;;;
AT;Achats Tiime;;20250830;44566100;CompteLib_0023;;;25H102;20250830;EcritureLib_0060;;3,42;0,00;D;;;
AT;Achats Tiime;;20250830;40100000;CompteLib_0012;401GRANDF;GRAND FRAIS;25H102;20250830;EcritureLib_0060;;0,00;85,02;C;;AK;20250924
AT;Achats Tiime;;20250901;60700000;CompteLib_0022;;;25I8;20250901;EcritureLib_0073;;24,70;0,00;D;;;
AT;Achats Tiime;;20250901;44566100;CompteLib_0023;;;25I8;20250901;EcritureLib_0073;;1,33;0,00;D;;;
AT;Achats Tiime;;20250901;40100000;CompteLib_0012;401GRANDF;GRAND FRAIS;25I8;20250901;EcritureLib_0073;;0,00;26,03;C;;AL;20250924
AT;Achats Tiime;;20250901;60700000;CompteLib_0022;;;F25-04574;20250901;EcritureLib_0061;;41,23;0,00;D;;;
AT;Achats Tiime;;20250901;44566100;CompteLib_0023;;;F25-04574;20250901;EcritureLib_0061;;4,65;0,00;D;;;
AT;Achats Tiime;;20250901;40100000;CompteLib_0012;401INTER;INTERESTO;F25-04574;20250901;EcritureLib_0061;;0,00;45,88;C;;BC;20250924
AT;Achats Tiime;;20250903;60700000;CompteLib_0022;;;25I17;20250903;EcritureLib_0089;;36,02;0,00;D;;;
AT;Achats Tiime;;20250903;44566100;CompteLib_0023;;;25I17;20250903;EcritureLib_0089;;1,98;0,00;D;;;
AT;Achats Tiime;;20250903;40100000;CompteLib_0012;401DIVERS;FOURNISSEURS DIVERS;25I17;20250903;EcritureLib_0089;;0,00;38,00;C;;X;20250924
AT;Achats Tiime;;20250903;60700000;CompteLib_0022;;;25I18;20250903;EcritureLib_0047;;163,03;0,00;D;;;
AT;Achats Tiime;;20250903;44566100;CompteLib_0023;;;25I18;20250903;EcritureLib_0047;;8,97;0,00;D;;;
AT;Achats Tiime;;20250903;40100000;CompteLib_0012;401HALLES;LES HALLES DU SUD;25I18;20250903;EcritureLib_0047;;0,00;172,00;C;;V;20250924
AT;Achats Tiime;;20250903;60700000;CompteLib_0022;;;342977/07/09/01;20250903;EcritureLib_0026;;72,88;0,00;D;;;
AT;Achats Tiime;;20250903;44566100;CompteLib_0023;;;342977/07/09/01;20250903;EcritureLib_0026;;4,01;0,00;D;;;
AT;Achats Tiime;;20250903;40100000;CompteLib_0012;401LIDL;LIDL;342977/07/09/01;20250903;EcritureLib_0026;;0,00;76,89;C;;HN;20250924
AT;Achats Tiime;;20250904;60700000;CompteLib_0022;;;0/0(013)0055/0034102;20250904;EcritureLib_0055;;213,61;0,00;D;;;
AT;Achats Tiime;;20250904;44566100;CompteLib_0023;;;0/0(013)0055/0034102;20250904;EcritureLib_0055;;14,26;0,00;D;;;
AT;Achats Tiime;;20250904;40100000;CompteLib_0012;401METRO;METRO;0/0(013)0055/0034102;20250904;EcritureLib_0055;;0,00;227,87;C;;BC;20250924
AT;Achats Tiime;;20250906;60700000;CompteLib_0022;;;F25-04664;20250906;EcritureLib_0061;;41,88;0,00;D;;;
AT;Achats Tiime;;20250906;44566100;CompteLib_0023;;;F25-04664;20250906;EcritureLib_0061;;2,30;0,00;D;;;
AT;Achats Tiime;;20250906;40100000;CompteLib_0012;401INTER;INTERESTO;F25-04664;20250906;EcritureLib_0061;;0,00;44,18;C;;BD;20250924
AT;Achats Tiime;;20250906;60700000;CompteLib_0022;;;2672;20250906;EcritureLib_0026;;47,59;0,00;D;;;
AT;Achats Tiime;;20250906;40100000;CompteLib_0012;401LIDL;LIDL;2672;20250906;EcritureLib_0026;;0,00;47,59;C;;HO;20250924
AT;Achats Tiime;;20250906;60700000;CompteLib_0022;;;25I33;20250906;EcritureLib_0090;;54,01;0,00;D;;;
AT;Achats Tiime;;20250906;44566100;CompteLib_0023;;;25I33;20250906;EcritureLib_0090;;2,97;0,00;D;;;
AT;Achats Tiime;;20250906;40100000;CompteLib_0012;401DIVERS;FOURNISSEURS DIVERS;25I33;20250906;EcritureLib_0090;;0,00;56,98;C;;Y;20250924
AT;Achats Tiime;;20250907;60700000;CompteLib_0022;;;25I34;20250907;EcritureLib_0060;;27,52;0,00;D;;;
AT;Achats Tiime;;20250907;44566100;CompteLib_0023;;;25I34;20250907;EcritureLib_0060;;1,69;0,00;D;;;
AT;Achats Tiime;;20250907;40100000;CompteLib_0012;401GRANDF;GRAND FRAIS;25I34;20250907;EcritureLib_0060;;0,00;29,21;C;;AJ;20250924
AT;Achats Tiime;;20250907;60700000;CompteLib_0022;;;25I35;20250907;EcritureLib_0026;;24,29;0,00;D;;;
AT;Achats Tiime;;20250907;44566100;CompteLib_0023;;;25I35;20250907;EcritureLib_0026;;2,13;0,00;D;;;
AT;Achats Tiime;;20250907;40100000;CompteLib_0012;401LIDL;LIDL;25I35;20250907;EcritureLib_0026;;0,00;26,42;C;;HL;20250924
AT;Achats Tiime;;20250910;60700000;CompteLib_0022;;;F25-04734;20250910;EcritureLib_0061;;39,37;0,00;D;;;
AT;Achats Tiime;;20250910;44566100;CompteLib_0023;;;F25-04734;20250910;EcritureLib_0061;;2,17;0,00;D;;;
AT;Achats Tiime;;20250910;40100000;CompteLib_0012;401INTER;INTERESTO;F25-04734;20250910;EcritureLib_0061;;0,00;41,54;C;;BE;20250924
AT;Achats Tiime;;20250911;60700000;CompteLib_0022;;;25I57;20250911;EcritureLib_0073;;13,73;0,00;D;;;
AT;Achats Tiime;;20250911;44566100;CompteLib_0023;;;25I57;20250911;EcritureLib_0073;;0,44;0,00;D;;;
AT;Achats Tiime;;20250911;40100000;CompteLib_0012;401GRANDF;GRAND FRAIS;25I57;20250911;EcritureLib_0073;;0,00;14,17;C;;AM;20250924
AT;Achats Tiime;;20250911;60700000;CompteLib_0022;;;F25-04752;20250911;EcritureLib_0061;;43,40;0,00;D;;;
AT;Achats Tiime;;20250911;44566100;CompteLib_0023;;;F25-04752;20250911;EcritureLib_0061;;2,39;0,00;D;;;
AT;Achats Tiime;;20250911;40100000;CompteLib_0012;401INTER;INTERESTO;F25-04752;20250911;EcritureLib_0061;;0,00;45,79;C;;BF;20250924
AT;Achats Tiime;;20250912;60700000;CompteLib_0022;;;0/0(013)0062/0058632;20250912;EcritureLib_0091;;18,04;0,00;D;;;
AT;Achats Tiime;;20250912;44566100;CompteLib_0023;;;0/0(013)0062/0058632;20250912;EcritureLib_0091;;0,99;0,00;D;;;
AT;Achats Tiime;;20250912;40100000;CompteLib_0012;401DIVERS;FOURNISSEURS DIVERS;0/0(013)0062/0058632;20250912;EcritureLib_0091;;0,00;19,03;C;;Z;20250924
AT;Achats Tiime;;20250912;60700000;CompteLib_0022;;;2672;20250912;EcritureLib_0026;;44,76;0,00;D;;;
AT;Achats Tiime;;20250912;44566100;CompteLib_0023;;;2672;20250912;EcritureLib_0026;;2,46;0,00;D;;;
AT;Achats Tiime;;20250912;40100000;CompteLib_0012;401LIDL;LIDL;2672;20250912;EcritureLib_0026;;0,00;47,22;C;;HQ;20250924
AT;Achats Tiime;;20250914;60700000;CompteLib_0022;;;8601279044V;20250914;EcritureLib_0026;;83,09;0,00;D;;;
AT;Achats Tiime;;20250914;44566100;CompteLib_0023;;;8601279044V;20250914;EcritureLib_0026;;4,57;0,00;D;;;
AT;Achats Tiime;;20250914;40100000;CompteLib_0012;401LIDL;LIDL;8601279044V;20250914;EcritureLib_0026;;0,00;87,66;C;;HK;20250924
AT;Achats Tiime;;20250914;60700000;CompteLib_0022;;;2672405840/02/21701;20250914;EcritureLib_0026;;15,01;0,00;D;;;
AT;Achats Tiime;;20250914;44566100;CompteLib_0023;;;2672405840/02/21701;20250914;EcritureLib_0026;;0,83;0,00;D;;;
AT;Achats Tiime;;20250914;40100000;CompteLib_0012;401LIDL;LIDL;2672405840/02/21701;20250914;EcritureLib_0026;;0,00;15,84;C;;HP;20250924
AT;Achats Tiime;;20250917;60700000;CompteLib_0022;;;F25-04845;20250917;EcritureLib_0061;;34,90;0,00;D;;;
AT;Achats Tiime;;20250917;44566100;CompteLib_0023;;;F25-04845;20250917;EcritureLib_0061;;1,92;0,00;D;;;
AT;Achats Tiime;;20250917;40100000;CompteLib_0012;401INTER;INTERESTO;F25-04845;20250917;EcritureLib_0061;;0,00;36,82;C;;BG;20250924
AT;Achats Tiime;;20250917;60700000;CompteLib_0022;;;25I79;20250917;EcritureLib_0060;;43,52;0,00;D;;;
AT;Achats Tiime;;20250917;44566100;CompteLib_0023;;;25I79;20250917;EcritureLib_0060;;1,66;0,00;D;;;
AT;Achats Tiime;;20250917;40100000;CompteLib_0012;401GRANDF;GRAND FRAIS;25I79;20250917;EcritureLib_0060;;0,00;45,18;C;;AN;20250924
AT;Achats Tiime;;20250918;60700000;CompteLib_0022;;;2672;20250918;EcritureLib_0026;;39,54;0,00;D;;;
AT;Achats Tiime;;20250918;44566100;CompteLib_0023;;;2672;20250918;EcritureLib_0026;;2,17;0,00;D;;;
AT;Achats Tiime;;20250918;40100000;CompteLib_0012;401LIDL;LIDL;2672;20250918;EcritureLib_0026;;0,00;41,71;C;;HR;20250924
AT;Achats Tiime;;20250918;60700000;CompteLib_0022;;;25I85;20250918;EcritureLib_0077;;134,60;0,00;D;;;
AT;Achats Tiime;;20250918;44566100;CompteLib_0023;;;25I85;20250918;EcritureLib_0077;;7,40;0,00;D;;;
AT;Achats Tiime;;20250918;40100000;CompteLib_0012;401HALLES;LES HALLES DU SUD;25I85;20250918;EcritureLib_0077;;0,00;142,00;C;;W;20250924
AT;Achats Tiime;;20250925;61321000;CompteLib_0024;;;25I116;20250925;EcritureLib_0034;;1328,60;0,00;D;;;
AT;Achats Tiime;;20250925;40100000;CompteLib_0012;401LOYER;LOYER ET CHARGES;25I116;20250925;EcritureLib_0034;;0,00;1328,60;C;;O;20251105
AT;Achats Tiime;;20250927;60700000;CompteLib_0022;;;25I121;20250927;EcritureLib_0071;;30,55;0,00;D;;;
AT;Achats Tiime;;20250927;44566100;CompteLib_0023;;;25I121;20250927;EcritureLib_0071;;1,92;0,00;D;;;
AT;Achats Tiime;;20250927;40100000;CompteLib_0012;401ALDI;ALDI;25I121;20250927;EcritureLib_0071;;0,00;32,47;C;;AI;20251106
AT;Achats Tiime;;20250928;60700000;CompteLib_0022;;;25I123;20250928;EcritureLib_0026;;37,98;0,00;D;;;
AT;Achats Tiime;;20250928;44566100;CompteLib_0023;;;25I123;20250928;EcritureLib_0026;;2,09;0,00;D;;;
AT;Achats Tiime;;20250928;40100000;CompteLib_0012;401LIDL;LIDL;25I123;20250928;EcritureLib_0026;;0,00;40,07;C;;HZ;20251106
BQ;Banque BQ;;20241001;62700000;CompteLib_0029;;;24J1;20241001;EcritureLib_0092;;5,15;0,00;D;;;
BQ;Banque BQ;;20241001;51220000;CompteLib_0019;;;24J1;20241001;EcritureLib_0092;;0,00;5,15;C;;;
BQ;Banque BQ;;20241001;62700000;CompteLib_0029;;;24J2;20241001;EcritureLib_0093;;26,10;0,00;D;;;
BQ;Banque BQ;;20241001;51220000;CompteLib_0019;;;24J2;20241001;EcritureLib_0093;;0,00;26,10;C;;;
BQ;Banque BQ;;20241002;62700000;CompteLib_0029;;;24J5;20241002;EcritureLib_0094;;0,14;0,00;D;;;
BQ;Banque BQ;;20241002;51220000;CompteLib_0019;;;24J5;20241002;EcritureLib_0094;;0,00;0,14;C;;;
BQ;Banque BQ;;20241002;62700000;CompteLib_0029;;;24J6;20241002;EcritureLib_0094;;0,45;0,00;D;;;
BQ;Banque BQ;;20241002;51220000;CompteLib_0019;;;24J6;20241002;EcritureLib_0094;;0,00;0,45;C;;;
BQ;Banque BQ;;20241002;40100000;CompteLib_0012;401LIDL;LIDL;24J7;20241002;EcritureLib_0095;;44,10;0,00;D;;;
BQ;Banque BQ;;20241002;51220000;CompteLib_0019;;;24J7;20241002;EcritureLib_0095;;0,00;44,10;C;;;
BQ;Banque BQ;;20241002;62601000;CompteLib_0030;;;24J8;20241002;EcritureLib_0096;;37,49;0,00;D;;;
BQ;Banque BQ;;20241002;44566100;CompteLib_0023;;;24J8;20241002;EcritureLib_0096;;7,50;0,00;D;;;
BQ;Banque BQ;;20241002;51220000;CompteLib_0019;;;24J8;20241002;EcritureLib_0096;;0,00;44,99;C;;;
BQ;Banque BQ;;20241002;51100000;CompteLib_0031;;;24J9;20241002;EcritureLib_0097;;0,00;38,70;C;;;
BQ;Banque BQ;;20241002;51220000;CompteLib_0019;;;24J9;20241002;EcritureLib_0097;;38,70;0,00;D;;;
BQ;Banque BQ;;20241002;51100000;CompteLib_0031;;;24J10;20241002;EcritureLib_0098;;0,00;151,50;C;;;
BQ;Banque BQ;;20241002;51220000;CompteLib_0019;;;24J10;20241002;EcritureLib_0098;;151,50;0,00;D;;;
BQ;Banque BQ;;20241003;62700000;CompteLib_0029;;;24J11;20241003;EcritureLib_0094;;0,28;0,00;D;;;
BQ;Banque BQ;;20241003;51220000;CompteLib_0019;;;24J11;20241003;EcritureLib_0094;;0,00;0,28;C;;;
BQ;Banque BQ;;20241003;62700000;CompteLib_0029;;;24J12;20241003;EcritureLib_0094;;0,82;0,00;D;;;
BQ;Banque BQ;;20241003;51220000;CompteLib_0019;;;24J12;20241003;EcritureLib_0094;;0,00;0,82;C;;;
BQ;Banque BQ;;20241003;40100000;CompteLib_0012;401HALLES;LES HALLES DU SUD;24J13;20241003;EcritureLib_0099;;283,50;0,00;D;;;
BQ;Banque BQ;;20241003;51220000;CompteLib_0019;;;24J13;20241003;EcritureLib_0099;;0,00;283,50;C;;;
BQ;Banque BQ;;20241003;40100000;CompteLib_0012;401VANDEN;VANDENBULCKE;24J14;20241003;EcritureLib_0100;;517,08;0,00;D;;Z;20241204
BQ;Banque BQ;;20241003;51220000;CompteLib_0019;;;24J14;20241003;EcritureLib_0100;;0,00;517,08;C;;;
BQ;Banque BQ;;20241003;51100000;CompteLib_0031;;;24J15;20241003;EcritureLib_0101;;0,00;80,40;C;;;
BQ;Banque BQ;;20241003;51220000;CompteLib_0019;;;24J15;20241003;EcritureLib_0101;;80,40;0,00;D;;;
BQ;Banque BQ;;20241003;51100000;CompteLib_0031;;;24J16;20241003;EcritureLib_0102;;0,00;190,50;C;;;
BQ;Banque BQ;;20241003;51220000;CompteLib_0019;;;24J16;20241003;EcritureLib_0102;;190,50;0,00;D;;;
BQ;Banque BQ;;20241004;51100000;CompteLib_0031;;;24J17;20241004;EcritureLib_0103;;0,00;225,20;C;;;
BQ;Banque BQ;;20241004;51220000;CompteLib_0019;;;24J17;20241004;EcritureLib_0103;;225,20;0,00;D;;;
BQ;Banque BQ;;20241004;51100000;CompteLib_0031;;;24J18;20241004;EcritureLib_0104;;0,00;9,00;C;;;
BQ;Banque BQ;;20241004;51220000;CompteLib_0019;;;24J18;20241004;EcritureLib_0104;;9,00;0,00;D;;;
BQ;Banque BQ;;20241004;62700000;CompteLib_0029;;;24J19;20241004;EcritureLib_0094;;0,75;0,00;D;;;
BQ;Banque BQ;;20241004;51220000;CompteLib_0019;;;24J19;20241004;EcritureLib_0094;;0,00;0,75;C;;;
BQ;Banque BQ;;20241004;62700000;CompteLib_0029;;;24J20;20241004;EcritureLib_0094;;0,03;0,00;D;;;
BQ;Banque BQ;;20241004;51220000;CompteLib_0019;;;24J20;20241004;EcritureLib_0094;;0,00;0,03;C;;;
BQ;Banque BQ;;20241007;51100000;CompteLib_0031;;;24J27;20241007;EcritureLib_0105;;0,00;478,60;C;;;
BQ;Banque BQ;;20241007;51220000;CompteLib_0019;;;24J27;20241007;EcritureLib_0105;;478,60;0,00;D;;;
BQ;Banque BQ;;20241007;51100000;CompteLib_0031;;;24J28;20241007;EcritureLib_0106;;0,00;446,00;C;;;
BQ;Banque BQ;;20241007;51220000;CompteLib_0019;;;24J28;20241007;EcritureLib_0106;;446,00;0,00;D;;;
BQ;Banque BQ;;20241007;51100000;CompteLib_0031;;;24J29;20241007;EcritureLib_0107;;0,00;193,10;C;;;
BQ;Banque BQ;;20241007;51220000;CompteLib_0019;;;24J29;20241007;EcritureLib_0107;;193,10;0,00;D;;;
BQ;Banque BQ;;20241007;51100000;CompteLib_0031;;;24J30;20241007;EcritureLib_0108;;0,00;129,90;C;;;
BQ;Banque BQ;;20241007;51220000;CompteLib_0019;;;24J30;20241007;EcritureLib_0108;;129,90;0,00;D;;;
BQ;Banque BQ;;20241007;51100000;CompteLib_0031;;;24J31;20241007;EcritureLib_0109;;0,00;19,40;C;;;
BQ;Banque BQ;;20241007;51220000;CompteLib_0019;;;24J31;20241007;EcritureLib_0109;;19,40;0,00;D;;;
BQ;Banque BQ;;20241007;51100000;CompteLib_0031;;;24J32;20241007;EcritureLib_0110;;0,00;12,50;C;;;
BQ;Banque BQ;;20241007;51220000;CompteLib_0019;;;24J32;20241007;EcritureLib_0110;;12,50;0,00;D;;;
BQ;Banque BQ;;20241007;40100000;CompteLib_0012;401METRO;METRO;24J33;20241007;EcritureLib_0111;;293,63;0,00;D;;AQ;20241204
BQ;Banque BQ;;20241007;51220000;CompteLib_0019;;;24J33;20241007;EcritureLib_0111;;0,00;293,63;C;;;
BQ;Banque BQ;;20241007;40100000;CompteLib_0012;401LIDL;LIDL;24J34;20241007;EcritureLib_0112;;113,76;0,00;D;;DU;20241211
BQ;Banque BQ;;20241007;51220000;CompteLib_0019;;;24J34;20241007;EcritureLib_0112;;0,00;113,76;C;;;
BQ;Banque BQ;;20241007;61600000;CompteLib_0032;;;24J35;20241007;EcritureLib_0113;;72,69;0,00;D;;;
BQ;Banque BQ;;20241007;51220000;CompteLib_0019;;;24J35;20241007;EcritureLib_0113;;0,00;72,69;C;;;
BQ;Banque BQ;;20241007;40100000;CompteLib_0012;401INTER;INTERESTO;24J36;20241007;EcritureLib_0114;;61,99;0,00;D;;AM;20241204
BQ;Banque BQ;;20241007;51220000;CompteLib_0019;;;24J36;20241007;EcritureLib_0114;;0,00;61,99;C;;;
BQ;Banque BQ;;20241007;40100000;CompteLib_0012;401LECLERC;LECLERC;24J37;20241007;EcritureLib_0115;;36,39;0,00;D;;AZ;20241204
BQ;Banque BQ;;20241007;51220000;CompteLib_0019;;;24J37;20241007;EcritureLib_0115;;0,00;36,39;C;;;
BQ;Banque BQ;;20241007;40100000;CompteLib_0012;401GRANDF;GRAND FRAIS;24J38;20241007;EcritureLib_0116;;24,64;0,00;D;;T;20241204
BQ;Banque BQ;;20241007;51220000;CompteLib_0019;;;24J38;20241007;EcritureLib_0116;;0,00;24,64;C;;;
BQ;Banque BQ;;20241007;62700000;CompteLib_0029;;;24J39;20241007;EcritureLib_0117;;19,00;0,00;D;;;
BQ;Banque BQ;;20241007;51220000;CompteLib_0019;;;24J39;20241007;EcritureLib_0117;;0,00;19,00;C;;;
BQ;Banque BQ;;20241007;40100000;CompteLib_0012;401ALDI;ALDI;24J40;20241007;EcritureLib_0118;;14,81;0,00;D;;AA;20241204
BQ;Banque BQ;;20241007;51220000;CompteLib_0019;;;24J40;20241007;EcritureLib_0118;;0,00;14,81;C;;;
BQ;Banque BQ;;20241007;62700000;CompteLib_0029;;;24J41;20241007;EcritureLib_0094;;1,56;0,00;D;;;
BQ;Banque BQ;;20241007;51220000;CompteLib_0019;;;24J41;20241007;EcritureLib_0094;;0,00;1,56;C;;;
BQ;Banque BQ;;20241007;62700000;CompteLib_0029;;;24J42;20241007;EcritureLib_0094;;1,45;0,00;D;;;
BQ;Banque BQ;;20241007;51220000;CompteLib_0019;;;24J42;20241007;EcritureLib_0094;;0,00;1,45;C;;;
BQ;Banque BQ;;20241007;62700000;CompteLib_0029;;;24J43;20241007;EcritureLib_0094;;0,67;0,00;D;;;
BQ;Banque BQ;;20241007;51220000;CompteLib_0019;;;24J43;20241007;EcritureLib_0094;;0,00;0,67;C;;;
BQ;Banque BQ;;20241007;62700000;CompteLib_0029;;;24J44;20241007;EcritureLib_0094;;0,44;0,00;D;;;
BQ;Banque BQ;;20241007;51220000;CompteLib_0019;;;24J44;20241007;EcritureLib_0094;;0,00;0,44;C;;;
BQ;Banque BQ;;20241007;62700000;CompteLib_0029;;;24J45;20241007;EcritureLib_0094;;0,06;0,00;D;;;
BQ;Banque BQ;;20241007;51220000;CompteLib_0019;;;24J45;20241007;EcritureLib_0094;;0,00;0,06;C;;;
BQ;Banque BQ;;20241007;62700000;CompteLib_0029;;;24J46;20241007;EcritureLib_0094;;0,04;0,00;D;;;
BQ;Banque BQ;;20241007;51220000;CompteLib_0019;;;24J46;20241007;EcritureLib_0094;;0,00;0,04;C;;;
BQ;Banque BQ;;20241009;51100000;CompteLib_0031;;;24J47;20241009;EcritureLib_0119;;0,00;299,00;C;;;
BQ;Banque BQ;;20241009;51220000;CompteLib_0019;;;24J47;20241009;EcritureLib_0119;;299,00;0,00;D;;;
BQ;Banque BQ;;20241009;51100000;CompteLib_0031;;;24J48;20241009;EcritureLib_0120;;0,00;89,00;C;;;
BQ;Banque BQ;;20241009;51220000;CompteLib_0019;;;24J48;20241009;EcritureLib_0120;;89,00;0,00;D;;;
BQ;Banque BQ;;20241009;62601000;CompteLib_0030;;;24J49;20241009;EcritureLib_0096;;24,16;0,00;D;;;
BQ;Banque BQ;;20241009;44566100;CompteLib_0023;;;24J49;20241009;EcritureLib_0096;;4,83;0,00;D;;;
BQ;Banque BQ;;20241009;51220000;CompteLib_0019;;;24J49;20241009;EcritureLib_0096;;0,00;28,99;C;;;
BQ;Banque BQ;;20241009;62700000;CompteLib_0029;;;24J50;20241009;EcritureLib_0094;;1,27;0,00;D;;;
BQ;Banque BQ;;20241009;51220000;CompteLib_0019;;;24J50;20241009;EcritureLib_0094;;0,00;1,27;C;;;
BQ;Banque BQ;;20241009;62700000;CompteLib_0029;;;24J51;20241009;EcritureLib_0094;;0,94;0,00;D;;;
BQ;Banque BQ;;20241009;51220000;CompteLib_0019;;;24J51;20241009;EcritureLib_0094;;0,00;0,94;C;;;
BQ;Banque BQ;;20241010;51100000;CompteLib_0031;;;24J53;20241010;EcritureLib_0121;;0,00;336,20;C;;;
BQ;Banque BQ;;20241010;51220000;CompteLib_0019;;;24J53;20241010;EcritureLib_0121;;336,20;0,00;D;;;
BQ;Banque BQ;;20241010;51100000;CompteLib_0031;;;24J54;20241010;EcritureLib_0122;;0,00;14,96;C;;;
BQ;Banque BQ;;20241010;51220000;CompteLib_0019;;;24J54;20241010;EcritureLib_0122;;14,96;0,00;D;;;
BQ;Banque BQ;;20241010;51100000;CompteLib_0031;;;24J55;20241010;EcritureLib_0123;;0,00;11,40;C;;;
BQ;Banque BQ;;20241010;51220000;CompteLib_0019;;;24J55;20241010;EcritureLib_0123;;11,40;0,00;D;;;
BQ;Banque BQ;;20241010;40100000;CompteLib_0012;401MARDN;MARCHE DU NORD;24J56;20241010;EcritureLib_0124;;343,49;0,00;D;;AS;20241211
BQ;Banque BQ;;20241010;51220000;CompteLib_0019;;;24J56;20241010;EcritureLib_0124;;0,00;343,49;C;;;
BQ;Banque BQ;;20241010;62700000;CompteLib_0029;;;24J57;20241010;EcritureLib_0094;;1,08;0,00;D;;;
BQ;Banque BQ;;20241010;51220000;CompteLib_0019;;;24J57;20241010;EcritureLib_0094;;0,00;1,08;C;;;
BQ;Banque BQ;;20241010;62700000;CompteLib_0029;;;24J58;20241010;EcritureLib_0094;;0,03;0,00;D;;;
BQ;Banque BQ;;20241010;51220000;CompteLib_0019;;;24J58;20241010;EcritureLib_0094;;0,00;0,03;C;;;
BQ;Banque BQ;;20241011;51100000;CompteLib_0031;;;24J59;20241011;EcritureLib_0125;;0,00;262,90;C;;;
BQ;Banque BQ;;20241011;51220000;CompteLib_0019;;;24J59;20241011;EcritureLib_0125;;262,90;0,00;D;;;
BQ;Banque BQ;;20241011;51100000;CompteLib_0031;;;24J60;20241011;EcritureLib_0126;;0,00;119,80;C;;;
BQ;Banque BQ;;20241011;51220000;CompteLib_0019;;;24J60;20241011;EcritureLib_0126;;119,80;0,00;D;;;
BQ;Banque BQ;;20241011;62700000;CompteLib_0029;;;24J61;20241011;EcritureLib_0094;;0,86;0,00;D;;;
BQ;Banque BQ;;20241011;51220000;CompteLib_0019;;;24J61;20241011;EcritureLib_0094;;0,00;0,86;C;;;
BQ;Banque BQ;;20241011;62700000;CompteLib_0029;;;24J62;20241011;EcritureLib_0094;;0,42;0,00;D;;;
BQ;Banque BQ;;20241011;51220000;CompteLib_0019;;;24J62;20241011;EcritureLib_0094;;0,00;0,42;C;;;
BQ;Banque BQ;;20241014;62700000;CompteLib_0029;;;24J66;20241014;EcritureLib_0094;;0,37;0,00;D;;;
BQ;Banque BQ;;20241014;51220000;CompteLib_0019;;;24J66;20241014;EcritureLib_0094;;0,00;0,37;C;;;
BQ;Banque BQ;;20241014;62700000;CompteLib_0029;;;24J67;20241014;EcritureLib_0094;;0,48;0,00;D;;;
BQ;Banque BQ;;20241014;51220000;CompteLib_0019;;;24J67;20241014;EcritureLib_0094;;0,00;0,48;C;;;
BQ;Banque BQ;;20241014;62700000;CompteLib_0029;;;24J68;20241014;EcritureLib_0094;;0,59;0,00;D;;;
BQ;Banque BQ;;20241014;51220000;CompteLib_0019;;;24J68;20241014;EcritureLib_0094;;0,00;0,59;C;;;
BQ;Banque BQ;;20241014;62700000;CompteLib_0029;;;24J69;20241014;EcritureLib_0094;;1,00;0,00;D;;;
BQ;Banque BQ;;20241014;51220000;CompteLib_0019;;;24J69;20241014;EcritureLib_0094;;0,00;1,00;C;;;
BQ;Banque BQ;;20241014;62700000;CompteLib_0029;;;24J70;20241014;EcritureLib_0094;;1,25;0,00;D;;;
BQ;Banque BQ;;20241014;51220000;CompteLib_0019;;;24J70;20241014;EcritureLib_0094;;0,00;1,25;C;;;
BQ;Banque BQ;;20241014;62700000;CompteLib_0029;;;24J71;20241014;EcritureLib_0094;;1,30;0,00;D;;;
BQ;Banque BQ;;20241014;51220000;CompteLib_0019;;;24J71;20241014;EcritureLib_0094;;0,00;1,30;C;;;
BQ;Banque BQ;;20241014;40100000;CompteLib_0012;401LECLERC;LECLERC;24J72;20241014;EcritureLib_0127;;47,59;0,00;D;;AY;20241204
BQ;Banque BQ;;20241014;51220000;CompteLib_0019;;;24J72;20241014;EcritureLib_0127;;0,00;47,59;C;;;
BQ;Banque BQ;;20241014;40100000;CompteLib_0012;401LIDL;LIDL;24J73;20241014;EcritureLib_0128;;50,69;0,00;D;;DR;20241204
BQ;Banque BQ;;20241014;51220000;CompteLib_0019;;;24J73;20241014;EcritureLib_0128;;0,00;50,69;C;;;
BQ;Banque BQ;;20241014;40100000;CompteLib_0012;401LECLERC;LECLERC;24J74;20241014;EcritureLib_0129;;65,72;0,00;D;;AV;20241204
BQ;Banque BQ;;20241014;51220000;CompteLib_0019;;;24J74;20241014;EcritureLib_0129;;0,00;65,72;C;;;
BQ;Banque BQ;;20241014;51100000;CompteLib_0031;;;24J75;20241014;EcritureLib_0130;;0,00;106,40;C;;;
BQ;Banque BQ;;20241014;51220000;CompteLib_0019;;;24J75;20241014;EcritureLib_0130;;106,40;0,00;D;;;
BQ;Banque BQ;;20241014;51100000;CompteLib_0031;;;24J76;20241014;EcritureLib_0131;;0,00;139,60;C;;;
BQ;Banque BQ;;20241014;51220000;CompteLib_0019;;;24J76;20241014;EcritureLib_0131;;139,60;0,00;D;;;
BQ;Banque BQ;;20241014;51100000;CompteLib_0031;;;24J77;20241014;EcritureLib_0132;;0,00;168,10;C;;;
BQ;Banque BQ;;20241014;51220000;CompteLib_0019;;;24J77;20241014;EcritureLib_0132;;168,10;0,00;D;;;
BQ;Banque BQ;;20241014;51100000;CompteLib_0031;;;24J78;20241014;EcritureLib_0133;;0,00;171,70;C;;;
BQ;Banque BQ;;20241014;51220000;CompteLib_0019;;;24J78;20241014;EcritureLib_0133;;171,70;0,00;D;;;
BQ;Banque BQ;;20241014;51100000;CompteLib_0031;;;24J79;20241014;EcritureLib_0134;;0,00;307,90;C;;;
BQ;Banque BQ;;20241014;51220000;CompteLib_0019;;;24J79;20241014;EcritureLib_0134;;307,90;0,00;D;;;
BQ;Banque BQ;;20241014;51100000;CompteLib_0031;;;24J80;20241014;EcritureLib_0135;;0,00;404,50;C;;;
BQ;Banque BQ;;20241014;51220000;CompteLib_0019;;;24J80;20241014;EcritureLib_0135;;404,50;0,00;D;;;
BQ;Banque BQ;;20241015;44551000;CompteLib_0015;;;24J81;20241015;EcritureLib_0136;;720,00;0,00;D;;;
BQ;Banque BQ;;20241015;51220000;CompteLib_0019;;;24J81;20241015;EcritureLib_0136;;0,00;756,00;C;;;
BQ;Banque BQ;;20241015;67120000;CompteLib_0033;;;24J81;20241015;EcritureLib_0136;;36,00;0,00;D;;;
BQ;Banque BQ;;20241016;51100000;CompteLib_0031;;;24J83;20241016;EcritureLib_0137;;0,00;194,20;C;;;
BQ;Banque BQ;;20241016;51220000;CompteLib_0019;;;24J83;20241016;EcritureLib_0137;;194,20;0,00;D;;;
BQ;Banque BQ;;20241016;51180000;CompteLib_0034;;;24J84;20241016;EcritureLib_0138;;0,00;43,80;C;;;
BQ;Banque BQ;;20241016;51220000;CompteLib_0019;;;24J84;20241016;EcritureLib_0138;;43,80;0,00;D;;;
BQ;Banque BQ;;20241016;62700000;CompteLib_0029;;;24J85;20241016;EcritureLib_0094;;0,63;0,00;D;;;
BQ;Banque BQ;;20241016;51220000;CompteLib_0019;;;24J85;20241016;EcritureLib_0094;;0,00;0,63;C;;;
BQ;Banque BQ;;20241017;51100000;CompteLib_0031;;;24J87;20241017;EcritureLib_0139;;0,00;250,40;C;;;
BQ;Banque BQ;;20241017;51220000;CompteLib_0019;;;24J87;20241017;EcritureLib_0139;;250,40;0,00;D;;;
BQ;Banque BQ;;20241017;51100000;CompteLib_0031;;;24J88;20241017;EcritureLib_0140;;0,00;18,98;C;;;
BQ;Banque BQ;;20241017;51220000;CompteLib_0019;;;24J88;20241017;EcritureLib_0140;;18,98;0,00;D;;;
BQ;Banque BQ;;20241017;51100000;CompteLib_0031;;;24J89;20241017;EcritureLib_0141;;0,00;14,02;C;;;
BQ;Banque BQ;;20241017;51220000;CompteLib_0019;;;24J89;20241017;EcritureLib_0141;;14,02;0,00;D;;;
BQ;Banque BQ;;20241017;51100000;CompteLib_0031;;;24J90;20241017;EcritureLib_0142;;0,00;12,50;C;;;
BQ;Banque BQ;;20241017;51220000;CompteLib_0019;;;24J90;20241017;EcritureLib_0142;;12,50;0,00;D;;;
BQ;Banque BQ;;20241017;47100000;CompteLib_0027;;;24J91;20241017;EcritureLib_0143;;71,09;0,00;D;;;
BQ;Banque BQ;;20241017;51220000;CompteLib_0019;;;24J91;20241017;EcritureLib_0143;;0,00;71,09;C;;;
BQ;Banque BQ;;20241017;40100000;CompteLib_0012;401LIDL;LIDL;24J92;20241017;EcritureLib_0144;;68,69;0,00;D;;DS;20241204
BQ;Banque BQ;;20241017;51220000;CompteLib_0019;;;24J92;20241017;EcritureLib_0144;;0,00;68,69;C;;;
BQ;Banque BQ;;20241017;47100000;CompteLib_0027;;;24J93;20241017;EcritureLib_0145;;3,80;0,00;D;;;
BQ;Banque BQ;;20241017;51220000;CompteLib_0019;;;24J93;20241017;EcritureLib_0145;;0,00;3,80;C;;;
BQ;Banque BQ;;20241017;62700000;CompteLib_0029;;;24J94;20241017;EcritureLib_0094;;0,77;0,00;D;;;
BQ;Banque BQ;;20241017;51220000;CompteLib_0019;;;24J94;20241017;EcritureLib_0094;;0,00;0,77;C;;;
BQ;Banque BQ;;20241017;62700000;CompteLib_0029;;;24J95;20241017;EcritureLib_0094;;0,04;0,00;D;;;
BQ;Banque BQ;;20241017;51220000;CompteLib_0019;;;24J95;20241017;EcritureLib_0094;;0,00;0,04;C;;;
BQ;Banque BQ;;20241018;51100000;CompteLib_0031;;;24J97;20241018;EcritureLib_0146;;0,00;285,40;C;;;
BQ;Banque BQ;;20241018;51220000;CompteLib_0019;;;24J97;20241018;EcritureLib_0146;;285,40;0,00;D;;;
BQ;Banque BQ;;20241018;51100000;CompteLib_0031;;;24J98;20241018;EcritureLib_0147;;0,00;65,42;C;;;
BQ;Banque BQ;;20241018;51220000;CompteLib_0019;;;24J98;20241018;EcritureLib_0147;;65,42;0,00;D;;;
BQ;Banque BQ;;20241018;40100000;CompteLib_0012;401METRO;METRO;24J99;20241018;EcritureLib_0148;;330,81;0,00;D;;AP;20241204
BQ;Banque BQ;;20241018;51220000;CompteLib_0019;;;24J99;20241018;EcritureLib_0148;;0,00;330,81;C;;;
BQ;Banque BQ;;20241018;62700000;CompteLib_0029;;;24J100;20241018;EcritureLib_0094;;1,16;0,00;D;;;
BQ;Banque BQ;;20241018;51220000;CompteLib_0019;;;24J100;20241018;EcritureLib_0094;;0,00;1,16;C;;;
BQ;Banque BQ;;20241021;51100000;CompteLib_0031;;;24J103;20241021;EcritureLib_0149;;0,00;205,00;C;;;
BQ;Banque BQ;;20241021;51220000;CompteLib_0019;;;24J103;20241021;EcritureLib_0149;;205,00;0,00;D;;;
BQ;Banque BQ;;20241021;51100000;CompteLib_0031;;;24J104;20241021;EcritureLib_0150;;0,00;13,90;C;;;
BQ;Banque BQ;;20241021;51220000;CompteLib_0019;;;24J104;20241021;EcritureLib_0150;;13,90;0,00;D;;;
BQ;Banque BQ;;20241021;51100000;CompteLib_0031;;;24J105;20241021;EcritureLib_0151;;0,00;12,40;C;;;
BQ;Banque BQ;;20241021;51220000;CompteLib_0019;;;24J105;20241021;EcritureLib_0151;;12,40;0,00;D;;;
BQ;Banque BQ;;20241021;61352000;CompteLib_0035;;;24J106;20241021;EcritureLib_0152;;66,62;0,00;D;;;
BQ;Banque BQ;;20241021;44566100;CompteLib_0023;;;24J106;20241021;EcritureLib_0152;;13,32;0,00;D;;;
BQ;Banque BQ;;20241021;51220000;CompteLib_0019;;;24J106;20241021;EcritureLib_0152;;0,00;79,94;C;;;
BQ;Banque BQ;;20241021;40100000;CompteLib_0012;401LIDL;LIDL;24J107;20241021;EcritureLib_0153;;64,45;0,00;D;;DL;20241204
BQ;Banque BQ;;20241021;51220000;CompteLib_0019;;;24J107;20241021;EcritureLib_0153;;0,00;64,45;C;;;
BQ;Banque BQ;;20241021;40100000;CompteLib_0012;401LECLERC;LECLERC;24J108;20241021;EcritureLib_0154;;60,44;0,00;D;;AX;20241204
BQ;Banque BQ;;20241021;51220000;CompteLib_0019;;;24J108;20241021;EcritureLib_0154;;0,00;60,44;C;;;
BQ;Banque BQ;;20241021;62700000;CompteLib_0029;;;24J109;20241021;EcritureLib_0094;;0,62;0,00;D;;;
BQ;Banque BQ;;20241021;51220000;CompteLib_0019;;;24J109;20241021;EcritureLib_0094;;0,00;0,62;C;;;
BQ;Banque BQ;;20241021;62700000;CompteLib_0029;;;24J110;20241021;EcritureLib_0094;;0,04;0,00;D;;;
BQ;Banque BQ;;20241021;51220000;CompteLib_0019;;;24J110;20241021;EcritureLib_0094;;0,00;0,04;C;;;
BQ;Banque BQ;;20241021;62700000;CompteLib_0029;;;24J111;20241021;EcritureLib_0094;;0,04;0,00;D;;;
BQ;Banque BQ;;20241021;51220000;CompteLib_0019;;;24J111;20241021;EcritureLib_0094;;0,00;0,04;C;;;
BQ;Banque BQ;;20241022;40100000;CompteLib_0012;401STC;STC DIGIT;24J112;20241022;EcritureLib_0155;;193,20;0,00;D;;;
BQ;Banque BQ;;20241022;51220000;CompteLib_0019;;;24J112;20241022;EcritureLib_0155;;0,00;193,20;C;;;
BQ;Banque BQ;;20241023;51180000;CompteLib_0034;;;24J114;20241023;EcritureLib_0138;;0,00;38,49;C;;;
BQ;Banque BQ;;20241023;51220000;CompteLib_0019;;;24J114;20241023;EcritureLib_0138;;38,49;0,00;D;;;
BQ;Banque BQ;;20241023;51100000;CompteLib_0031;;;24J115;20241023;EcritureLib_0156;;0,00;10,90;C;;;
BQ;Banque BQ;;20241023;51220000;CompteLib_0019;;;24J115;20241023;EcritureLib_0156;;10,90;0,00;D;;;
BQ;Banque BQ;;20241023;40100000;CompteLib_0012;401VANDEN;VANDENBULCKE;24J116;20241023;EcritureLib_0100;;119,32;0,00;D;;AA;20241204
BQ;Banque BQ;;20241023;51220000;CompteLib_0019;;;24J116;20241023;EcritureLib_0100;;0,00;119,32;C;;;
BQ;Banque BQ;;20241023;40100000;CompteLib_0012;401MARDN;MARCHE DU NORD;24J117;20241023;EcritureLib_0157;;37,34;0,00;D;;AR;20241204
BQ;Banque BQ;;20241023;51220000;CompteLib_0019;;;24J117;20241023;EcritureLib_0157;;0,00;37,34;C;;;
BQ;Banque BQ;;20241023;62700000;CompteLib_0029;;;24J118;20241023;EcritureLib_0094;;0,03;0,00;D;;;
BQ;Banque BQ;;20241023;51220000;CompteLib_0019;;;24J118;20241023;EcritureLib_0094;;0,00;0,03;C;;;
BQ;Banque BQ;;20241024;51100000;CompteLib_0031;;;24J119;20241024;EcritureLib_0158;;0,00;35,80;C;;;
BQ;Banque BQ;;20241024;51220000;CompteLib_0019;;;24J119;20241024;EcritureLib_0158;;35,80;0,00;D;;;
BQ;Banque BQ;;20241024;62700000;CompteLib_0029;;;24J120;20241024;EcritureLib_0094;;0,13;0,00;D;;;
BQ;Banque BQ;;20241024;51220000;CompteLib_0019;;;24J120;20241024;EcritureLib_0094;;0,00;0,13;C;;;
BQ;Banque BQ;;20241025;51100000;CompteLib_0031;;;24J122;20241025;EcritureLib_0159;;0,00;95,30;C;;;
BQ;Banque BQ;;20241025;51220000;CompteLib_0019;;;24J122;20241025;EcritureLib_0159;;95,30;0,00;D;;;
BQ;Banque BQ;;20241025;51100000;CompteLib_0031;;;24J123;20241025;EcritureLib_0160;;0,00;46,20;C;;;
BQ;Banque BQ;;20241025;51220000;CompteLib_0019;;;24J123;20241025;EcritureLib_0160;;46,20;0,00;D;;;
BQ;Banque BQ;;20241025;40100000;CompteLib_0012;401LIDL;LIDL;24J124;20241025;EcritureLib_0161;;77,91;0,00;D;;DN;20241204
BQ;Banque BQ;;20241025;51220000;CompteLib_0019;;;24J124;20241025;EcritureLib_0161;;0,00;77,91;C;;;
BQ;Banque BQ;;20241025;62700000;CompteLib_0029;;;24J125;20241025;EcritureLib_0094;;0,33;0,00;D;;;
BQ;Banque BQ;;20241025;51220000;CompteLib_0019;;;24J125;20241025;EcritureLib_0094;;0,00;0,33;C;;;
BQ;Banque BQ;;20241025;62700000;CompteLib_0029;;;24J126;20241025;EcritureLib_0094;;0,16;0,00;D;;;
BQ;Banque BQ;;20241025;51220000;CompteLib_0019;;;24J126;20241025;EcritureLib_0094;;0,00;0,16;C;;;
BQ;Banque BQ;;20241028;51100000;CompteLib_0031;;;24J129;20241028;EcritureLib_0162;;0,00;35,80;C;;;
BQ;Banque BQ;;20241028;51220000;CompteLib_0019;;;24J129;20241028;EcritureLib_0162;;35,80;0,00;D;;;
BQ;Banque BQ;;20241028;51100000;CompteLib_0031;;;24J130;20241028;EcritureLib_0163;;0,00;25,00;C;;;
BQ;Banque BQ;;20241028;51220000;CompteLib_0019;;;24J130;20241028;EcritureLib_0163;;25,00;0,00;D;;;
BQ;Banque BQ;;20241028;62601000;CompteLib_0030;;;24J131;20241028;EcritureLib_0164;;40,81;0,00;D;;;
BQ;Banque BQ;;20241028;44566100;CompteLib_0023;;;24J131;20241028;EcritureLib_0164;;8,16;0,00;D;;;
BQ;Banque BQ;;20241028;51220000;CompteLib_0019;;;24J131;20241028;EcritureLib_0164;;0,00;48,97;C;;;
BQ;Banque BQ;;20241028;40100000;CompteLib_0012;401LECLERC;LECLERC;24J132;20241028;EcritureLib_0165;;34,13;0,00;D;;AW;20241204
BQ;Banque BQ;;20241028;51220000;CompteLib_0019;;;24J132;20241028;EcritureLib_0165;;0,00;34,13;C;;;
BQ;Banque BQ;;20241028;40100000;CompteLib_0012;401LIDL;LIDL;24J133;20241028;EcritureLib_0166;;29,42;0,00;D;;DQ;20241204
BQ;Banque BQ;;20241028;51220000;CompteLib_0019;;;24J133;20241028;EcritureLib_0166;;0,00;29,42;C;;;
BQ;Banque BQ;;20241028;62700000;CompteLib_0029;;;24J134;20241028;EcritureLib_0094;;0,30;0,00;D;;;
BQ;Banque BQ;;20241028;51220000;CompteLib_0019;;;24J134;20241028;EcritureLib_0094;;0,00;0,30;C;;;
BQ;Banque BQ;;20241028;62700000;CompteLib_0029;;;24J135;20241028;EcritureLib_0094;;0,11;0,00;D;;;
BQ;Banque BQ;;20241028;51220000;CompteLib_0019;;;24J135;20241028;EcritureLib_0094;;0,00;0,11;C;;;
BQ;Banque BQ;;20241028;62700000;CompteLib_0029;;;24J136;20241028;EcritureLib_0167;;5,33;0,00;D;;;
BQ;Banque BQ;;20241028;51220000;CompteLib_0019;;;24J136;20241028;EcritureLib_0167;;0,00;5,33;C;;;
BQ;Banque BQ;;20241028;62700000;CompteLib_0029;;;24J137;20241028;EcritureLib_0168;;5,33;0,00;D;;;
BQ;Banque BQ;;20241028;51220000;CompteLib_0019;;;24J137;20241028;EcritureLib_0168;;0,00;5,33;C;;;
BQ;Banque BQ;;20241029;40100000;CompteLib_0012;401LOYER;LOYER ET CHARGES;24J138;20241029;EcritureLib_0169;;1362,00;0,00;D;;L;20250325
BQ;Banque BQ;;20241029;51220000;CompteLib_0019;;;24J138;20241029;EcritureLib_0169;;0,00;1362,00;C;;;
BQ;Banque BQ;;20241030;62700000;CompteLib_0029;;;24J139;20241030;EcritureLib_0170;;0,00;0,63;C;;;
BQ;Banque BQ;;20241030;51220000;CompteLib_0019;;;24J139;20241030;EcritureLib_0170;;0,63;0,00;D;;;
BQ;Banque BQ;;20241030;62700000;CompteLib_0029;;;24J140;20241030;EcritureLib_0171;;19,05;0,00;D;;;
BQ;Banque BQ;;20241030;51220000;CompteLib_0019;;;24J140;20241030;EcritureLib_0171;;0,00;19,05;C;;;
BQ;Banque BQ;;20241031;51100000;CompteLib_0031;;;24J143;20241031;EcritureLib_0172;;0,00;29,30;C;;;
BQ;Banque BQ;;20241031;51220000;CompteLib_0019;;;24J143;20241031;EcritureLib_0172;;29,30;0,00;D;;;
BQ;Banque BQ;;20241031;51100000;CompteLib_0031;;;24J144;20241031;EcritureLib_0173;;0,00;21,47;C;;;
BQ;Banque BQ;;20241031;51220000;CompteLib_0019;;;24J144;20241031;EcritureLib_0173;;21,47;0,00;D;;;
BQ;Banque BQ;;20241031;51100000;CompteLib_0031;;;24J145;20241031;EcritureLib_0174;;0,00;8,99;C;;;
BQ;Banque BQ;;20241031;51220000;CompteLib_0019;;;24J145;20241031;EcritureLib_0174;;8,99;0,00;D;;;
BQ;Banque BQ;;20241031;40100000;CompteLib_0012;401MARDN;MARCHE DU NORD;24J146;20241031;EcritureLib_0175;;558,30;0,00;D;;AP;20241204
BQ;Banque BQ;;20241031;51220000;CompteLib_0019;;;24J146;20241031;EcritureLib_0175;;0,00;558,30;C;;;
BQ;Banque BQ;;20241104;51100000;CompteLib_0031;;;24K6;20241104;EcritureLib_0176;;0,00;112,30;C;;;
BQ;Banque BQ;;20241104;51220000;CompteLib_0019;;;24K6;20241104;EcritureLib_0176;;112,30;0,00;D;;;
BQ;Banque BQ;;20241104;51100000;CompteLib_0031;;;24K7;20241104;EcritureLib_0177;;0,00;56,50;C;;;
BQ;Banque BQ;;20241104;51220000;CompteLib_0019;;;24K7;20241104;EcritureLib_0177;;56,50;0,00;D;;;
BQ;Banque BQ;;20241104;51100000;CompteLib_0031;;;24K8;20241104;EcritureLib_0178;;0,00;19,40;C;;;
BQ;Banque BQ;;20241104;51220000;CompteLib_0019;;;24K8;20241104;EcritureLib_0178;;19,40;0,00;D;;;
BQ;Banque BQ;;20241104;61350000;CompteLib_0036;;;24K9;20241104;EcritureLib_0179;;66,30;0,00;D;;;
BQ;Banque BQ;;20241104;44566100;CompteLib_0023;;;24K9;20241104;EcritureLib_0179;;13,26;0,00;D;;;
BQ;Banque BQ;;20241104;51220000;CompteLib_0019;;;24K9;20241104;EcritureLib_0179;;0,00;79,56;C;;;
BQ;Banque BQ;;20241104;40100000;CompteLib_0012;401INTER;INTERESTO;24K10;20241104;EcritureLib_0180;;56,93;0,00;D;;AA;20241204
BQ;Banque BQ;;20241104;51220000;CompteLib_0019;;;24K10;20241104;EcritureLib_0180;;0,00;56,93;C;;;
BQ;Banque BQ;;20241104;40100000;CompteLib_0012;401GRANDF;GRAND FRAIS;24K11;20241104;EcritureLib_0181;;46,06;0,00;D;;Q;20241204
BQ;Banque BQ;;20241104;51220000;CompteLib_0019;;;24K11;20241104;EcritureLib_0181;;0,00;46,06;C;;;
BQ;Banque BQ;;20241104;62601000;CompteLib_0030;;;24K12;20241104;EcritureLib_0096;;37,49;0,00;D;;;
BQ;Banque BQ;;20241104;44566100;CompteLib_0023;;;24K12;20241104;EcritureLib_0096;;7,50;0,00;D;;;
BQ;Banque BQ;;20241104;51220000;CompteLib_0019;;;24K12;20241104;EcritureLib_0096;;0,00;44,99;C;;;
BQ;Banque BQ;;20241104;40100000;CompteLib_0012;401MARDN;MARCHE DU NORD;24K13;20241104;EcritureLib_0182;;30,50;0,00;D;;AN;20241204
BQ;Banque BQ;;20241104;51220000;CompteLib_0019;;;24K13;20241104;EcritureLib_0182;;0,00;30,50;C;;;
BQ;Banque BQ;;20241104;40100000;CompteLib_0012;401LIDL;LIDL;24K14;20241104;EcritureLib_0183;;21,78;0,00;D;;DK;20241204
BQ;Banque BQ;;20241104;51220000;CompteLib_0019;;;24K14;20241104;EcritureLib_0183;;0,00;21,78;C;;;
BQ;Banque BQ;;20241104;47100000;CompteLib_0027;;;24K15;20241104;EcritureLib_0145;;2,28;0,00;D;;;
BQ;Banque BQ;;20241104;51220000;CompteLib_0019;;;24K15;20241104;EcritureLib_0145;;0,00;2,28;C;;;
BQ;Banque BQ;;20241104;62700000;CompteLib_0029;;;24K16;20241104;EcritureLib_0094;;1,35;0,00;D;;;
BQ;Banque BQ;;20241104;51220000;CompteLib_0019;;;24K16;20241104;EcritureLib_0094;;0,00;1,35;C;;;
BQ;Banque BQ;;20241104;62700000;CompteLib_0029;;;24K17;20241104;EcritureLib_0094;;0,18;0,00;D;;;
BQ;Banque BQ;;20241104;51220000;CompteLib_0019;;;24K17;20241104;EcritureLib_0094;;0,00;0,18;C;;;
BQ;Banque BQ;;20241104;62700000;CompteLib_0029;;;24K18;20241104;EcritureLib_0094;;0,06;0,00;D;;;
BQ;Banque BQ;;20241104;51220000;CompteLib_0019;;;24K18;20241104;EcritureLib_0094;;0,00;0,06;C;;;
BQ;Banque BQ;;20241104;62700000;CompteLib_0029;;;24K19;20241104;EcritureLib_0092;;5,15;0,00;D;;;
BQ;Banque BQ;;20241104;51220000;CompteLib_0019;;;24K19;20241104;EcritureLib_0092;;0,00;5,15;C;;;
BQ;Banque BQ;;20241105;61600000;CompteLib_0032;;;24K20;20241105;EcritureLib_0113;;72,69;0,00;D;;;
BQ;Banque BQ;;20241105;51220000;CompteLib_0019;;;24K20;20241105;EcritureLib_0113;;0,00;72,69;C;;;
BQ;Banque BQ;;20241106;51100000;CompteLib_0031;;;24K22;20241106;EcritureLib_0184;;0,00;195,60;C;;;
BQ;Banque BQ;;20241106;51220000;CompteLib_0019;;;24K22;20241106;EcritureLib_0184;;195,60;0,00;D;;;
BQ;Banque BQ;;20241106;51100000;CompteLib_0031;;;24K23;20241106;EcritureLib_0185;;0,00;45,20;C;;;
BQ;Banque BQ;;20241106;51220000;CompteLib_0019;;;24K23;20241106;EcritureLib_0185;;45,20;0,00;D;;;
BQ;Banque BQ;;20241106;62700000;CompteLib_0029;;;24K24;20241106;EcritureLib_0094;;0,82;0,00;D;;;
BQ;Banque BQ;;20241106;51220000;CompteLib_0019;;;24K24;20241106;EcritureLib_0094;;0,00;0,82;C;;;
BQ;Banque BQ;;20241106;62700000;CompteLib_0029;;;24K25;20241106;EcritureLib_0094;;0,14;0,00;D;;;
BQ;Banque BQ;;20241106;51220000;CompteLib_0019;;;24K25;20241106;EcritureLib_0094;;0,00;0,14;C;;;
BQ;Banque BQ;;20241107;51100000;CompteLib_0031;;;24K27;20241107;EcritureLib_0186;;0,00;88,32;C;;;
BQ;Banque BQ;;20241107;51220000;CompteLib_0019;;;24K27;20241107;EcritureLib_0186;;88,32;0,00;D;;;
BQ;Banque BQ;;20241107;51100000;CompteLib_0031;;;24K28;20241107;EcritureLib_0187;;0,00;48,60;C;;;
BQ;Banque BQ;;20241107;51220000;CompteLib_0019;;;24K28;20241107;EcritureLib_0187;;48,60;0,00;D;;;
BQ;Banque BQ;;20241107;51100000;CompteLib_0031;;;24K29;20241107;EcritureLib_0188;;0,00;10,90;C;;;
BQ;Banque BQ;;20241107;51220000;CompteLib_0019;;;24K29;20241107;EcritureLib_0188;;10,90;0,00;D;;;
BQ;Banque BQ;;20241107;40100000;CompteLib_0012;401LIDL;LIDL;24K30;20241107;EcritureLib_0189;;197,27;0,00;D;;DV;20241204
BQ;Banque BQ;;20241107;51220000;CompteLib_0019;;;24K30;20241107;EcritureLib_0189;;0,00;197,27;C;;;
BQ;Banque BQ;;20241107;62700000;CompteLib_0029;;;24K31;20241107;EcritureLib_0094;;0,15;0,00;D;;;
BQ;Banque BQ;;20241107;51220000;CompteLib_0019;;;24K31;20241107;EcritureLib_0094;;0,00;0,15;C;;;
BQ;Banque BQ;;20241108;51100000;CompteLib_0031;;;24K32;20241108;EcritureLib_0190;;0,00;371,40;C;;;
BQ;Banque BQ;;20241108;51220000;CompteLib_0019;;;24K32;20241108;EcritureLib_0190;;371,40;0,00;D;;;
BQ;Banque BQ;;20241108;62700000;CompteLib_0029;;;24K33;20241108;EcritureLib_0094;;1,45;0,00;D;;;
BQ;Banque BQ;;20241108;51220000;CompteLib_0019;;;24K33;20241108;EcritureLib_0094;;0,00;1,45;C;;;
BQ;Banque BQ;;20241112;51100000;CompteLib_0031;;;24K36;20241112;EcritureLib_0191;;0,00;211,00;C;;;
BQ;Banque BQ;;20241112;51220000;CompteLib_0019;;;24K36;20241112;EcritureLib_0191;;211,00;0,00;D;;;
BQ;Banque BQ;;20241112;51100000;CompteLib_0031;;;24K37;20241112;EcritureLib_0192;;0,00;72,20;C;;;
BQ;Banque BQ;;20241112;51220000;CompteLib_0019;;;24K37;20241112;EcritureLib_0192;;72,20;0,00;D;;;
BQ;Banque BQ;;20241112;51100000;CompteLib_0031;;;24K38;20241112;EcritureLib_0193;;0,00;24,30;C;;;
BQ;Banque BQ;;20241112;51220000;CompteLib_0019;;;24K38;20241112;EcritureLib_0193;;24,30;0,00;D;;;
BQ;Banque BQ;;20241112;40100000;CompteLib_0012;401LECLERC;LECLERC;24K39;20241112;EcritureLib_0194;;54,09;0,00;D;;BA;20241204
BQ;Banque BQ;;20241112;51220000;CompteLib_0019;;;24K39;20241112;EcritureLib_0194;;0,00;54,09;C;;;
BQ;Banque BQ;;20241112;40100000;CompteLib_0012;401LIDL;LIDL;24K40;20241112;EcritureLib_0195;;40,05;0,00;D;;DW;20241204
BQ;Banque BQ;;20241112;51220000;CompteLib_0019;;;24K40;20241112;EcritureLib_0195;;0,00;40,05;C;;;
BQ;Banque BQ;;20241112;62601000;CompteLib_0030;;;24K41;20241112;EcritureLib_0096;;28,02;0,00;D;;;
BQ;Banque BQ;;20241112;44566100;CompteLib_0023;;;24K41;20241112;EcritureLib_0096;;5,60;0,00;D;;;
BQ;Banque BQ;;20241112;51220000;CompteLib_0019;;;24K41;20241112;EcritureLib_0096;;0,00;33,62;C;;;
BQ;Banque BQ;;20241112;62700000;CompteLib_0029;;;24K42;20241112;EcritureLib_0094;;0,67;0,00;D;;;
BQ;Banque BQ;;20241112;51220000;CompteLib_0019;;;24K42;20241112;EcritureLib_0094;;0,00;0,67;C;;;
BQ;Banque BQ;;20241112;62700000;CompteLib_0029;;;24K43;20241112;EcritureLib_0094;;0,22;0,00;D;;;
BQ;Banque BQ;;20241112;51220000;CompteLib_0019;;;24K43;20241112;EcritureLib_0094;;0,00;0,22;C;;;
BQ;Banque BQ;;20241112;62700000;CompteLib_0029;;;24K44;20241112;EcritureLib_0094;;0,09;0,00;D;;;
BQ;Banque BQ;;20241112;51220000;CompteLib_0019;;;24K44;20241112;EcritureLib_0094;;0,00;0,09;C;;;
BQ;Banque BQ;;20241113;51100000;CompteLib_0031;;;24K46;20241113;EcritureLib_0196;;0,00;123,30;C;;;
BQ;Banque BQ;;20241113;51220000;CompteLib_0019;;;24K46;20241113;EcritureLib_0196;;123,30;0,00;D;;;
BQ;Banque BQ;;20241113;51100000;CompteLib_0031;;;24K47;20241113;EcritureLib_0197;;0,00;20,73;C;;;
BQ;Banque BQ;;20241113;51220000;CompteLib_0019;;;24K47;20241113;EcritureLib_0197;;20,73;0,00;D;;;
BQ;Banque BQ;;20241113;40100000;CompteLib_0012;401ALDI;ALDI;24K48;20241113;EcritureLib_0198;;26,15;0,00;D;;Z;20241204
BQ;Banque BQ;;20241113;51220000;CompteLib_0019;;;24K48;20241113;EcritureLib_0198;;0,00;26,15;C;;;
BQ;Banque BQ;;20241113;62700000;CompteLib_0029;;;24K49;20241113;EcritureLib_0094;;0,39;0,00;D;;;
BQ;Banque BQ;;20241113;51220000;CompteLib_0019;;;24K49;20241113;EcritureLib_0094;;0,00;0,39;C;;;
BQ;Banque BQ;;20241114;51100000;CompteLib_0031;;;24K51;20241114;EcritureLib_0199;;0,00;262,30;C;;;
BQ;Banque BQ;;20241114;51220000;CompteLib_0019;;;24K51;20241114;EcritureLib_0199;;262,30;0,00;D;;;
BQ;Banque BQ;;20241114;51100000;CompteLib_0031;;;24K52;20241114;EcritureLib_0200;;0,00;49,75;C;;;
BQ;Banque BQ;;20241114;51220000;CompteLib_0019;;;24K52;20241114;EcritureLib_0200;;49,75;0,00;D;;;
BQ;Banque BQ;;20241114;51180000;CompteLib_0034;;;24K53;20241114;EcritureLib_0138;;0,00;34,55;C;;;
BQ;Banque BQ;;20241114;51220000;CompteLib_0019;;;24K53;20241114;EcritureLib_0138;;34,55;0,00;D;;;
BQ;Banque BQ;;20241114;40100000;CompteLib_0012;401VANDEN;VANDENBULCKE;24K54;20241114;EcritureLib_0100;;190,56;0,00;D;;AB;20241211
BQ;Banque BQ;;20241114;51220000;CompteLib_0019;;;24K54;20241114;EcritureLib_0100;;0,00;190,56;C;;;
BQ;Banque BQ;;20241114;40100000;CompteLib_0012;401LIDL;LIDL;24K55;20241114;EcritureLib_0201;;78,35;0,00;D;;DY;20241204
BQ;Banque BQ;;20241114;51220000;CompteLib_0019;;;24K55;20241114;EcritureLib_0201;;0,00;78,35;C;;;
BQ;Banque BQ;;20241114;62700000;CompteLib_0029;;;24K56;20241114;EcritureLib_0094;;0,82;0,00;D;;;
BQ;Banque BQ;;20241114;51220000;CompteLib_0019;;;24K56;20241114;EcritureLib_0094;;0,00;0,82;C;;;
BQ;Banque BQ;;20241115;51100000;CompteLib_0031;;;24K58;20241115;EcritureLib_0202;;0,00;118,70;C;;;
BQ;Banque BQ;;20241115;51220000;CompteLib_0019;;;24K58;20241115;EcritureLib_0202;;118,70;0,00;D;;;
BQ;Banque BQ;;20241115;40100000;CompteLib_0012;401MARDN;MARCHE DU NORD;24K59;20241115;EcritureLib_0203;;70,08;0,00;D;;;
BQ;Banque BQ;;20241115;51220000;CompteLib_0019;;;24K59;20241115;EcritureLib_0203;;0,00;70,08;C;;;
BQ;Banque BQ;;20241115;62700000;CompteLib_0029;;;24K60;20241115;EcritureLib_0094;;0,37;0,00;D;;;
BQ;Banque BQ;;20241115;51220000;CompteLib_0019;;;24K60;20241115;EcritureLib_0094;;0,00;0,37;C;;;
BQ;Banque BQ;;20241118;51100000;CompteLib_0031;;;24K63;20241118;EcritureLib_0204;;0,00;145,70;C;;;
BQ;Banque BQ;;20241118;51220000;CompteLib_0019;;;24K63;20241118;EcritureLib_0204;;145,70;0,00;D;;;
BQ;Banque BQ;;20241118;51100000;CompteLib_0031;;;24K64;20241118;EcritureLib_0205;;0,00;80,70;C;;;
BQ;Banque BQ;;20241118;51220000;CompteLib_0019;;;24K64;20241118;EcritureLib_0205;;80,70;0,00;D;;;
BQ;Banque BQ;;20241118;51100000;CompteLib_0031;;;24K65;20241118;EcritureLib_0206;;0,00;27,80;C;;;
BQ;Banque BQ;;20241118;51220000;CompteLib_0019;;;24K65;20241118;EcritureLib_0206;;27,80;0,00;D;;;
BQ;Banque BQ;;20241118;51100000;CompteLib_0031;;;24K66;20241118;EcritureLib_0207;;0,00;10,90;C;;;
BQ;Banque BQ;;20241118;51220000;CompteLib_0019;;;24K66;20241118;EcritureLib_0207;;10,90;0,00;D;;;
BQ;Banque BQ;;20241118;40100000;CompteLib_0012;401METRO;METRO;24K67;20241118;EcritureLib_0208;;313,70;0,00;D;;AR;20241211
BQ;Banque BQ;;20241118;51220000;CompteLib_0019;;;24K67;20241118;EcritureLib_0208;;0,00;313,70;C;;;
BQ;Banque BQ;;20241118;40100000;CompteLib_0012;401LIDL;LIDL;24K68;20241118;EcritureLib_0209;;116,13;0,00;D;;;
BQ;Banque BQ;;20241118;51220000;CompteLib_0019;;;24K68;20241118;EcritureLib_0209;;0,00;116,13;C;;;
BQ;Banque BQ;;20241118;40100000;CompteLib_0012;401EDF;EDF;24K69;20241118;EcritureLib_0210;;115,72;0,00;D;;M;20251105
BQ;Banque BQ;;20241118;51220000;CompteLib_0019;;;24K69;20241118;EcritureLib_0210;;0,00;115,72;C;;;
BQ;Banque BQ;;20241118;40100000;CompteLib_0012;401GRANDF;GRAND FRAIS;24K70;20241118;EcritureLib_0211;;20,93;0,00;D;;R;20241204
BQ;Banque BQ;;20241118;51220000;CompteLib_0019;;;24K70;20241118;EcritureLib_0211;;0,00;20,93;C;;;
BQ;Banque BQ;;20241118;62700000;CompteLib_0029;;;24K71;20241118;EcritureLib_0094;;0,45;0,00;D;;;
BQ;Banque BQ;;20241118;51220000;CompteLib_0019;;;24K71;20241118;EcritureLib_0094;;0,00;0,45;C;;;
BQ;Banque BQ;;20241118;62700000;CompteLib_0029;;;24K72;20241118;EcritureLib_0094;;0,28;0,00;D;;;
BQ;Banque BQ;;20241118;51220000;CompteLib_0019;;;24K72;20241118;EcritureLib_0094;;0,00;0,28;C;;;
BQ;Banque BQ;;20241118;62700000;CompteLib_0029;;;24K73;20241118;EcritureLib_0094;;0,10;0,00;D;;;
BQ;Banque BQ;;20241118;51220000;CompteLib_0019;;;24K73;20241118;EcritureLib_0094;;0,00;0,10;C;;;
BQ;Banque BQ;;20241118;62700000;CompteLib_0029;;;24K74;20241118;EcritureLib_0094;;0,03;0,00;D;;;
BQ;Banque BQ;;20241118;51220000;CompteLib_0019;;;24K74;20241118;EcritureLib_0094;;0,00;0,03;C;;;
BQ;Banque BQ;;20241119;47100000;CompteLib_0027;;;24K75;20241119;EcritureLib_0145;;3,22;0,00;D;;;
BQ;Banque BQ;;20241119;51220000;CompteLib_0019;;;24K75;20241119;EcritureLib_0145;;0,00;3,22;C;;;
BQ;Banque BQ;;20241120;51100000;CompteLib_0031;;;24K77;20241120;EcritureLib_0212;;0,00;206,20;C;;;
BQ;Banque BQ;;20241120;51220000;CompteLib_0019;;;24K77;20241120;EcritureLib_0212;;206,20;0,00;D;;;
BQ;Banque BQ;;20241120;51180000;CompteLib_0034;;;24K78;20241120;EcritureLib_0138;;0,00;5,23;C;;;
BQ;Banque BQ;;20241120;51220000;CompteLib_0019;;;24K78;20241120;EcritureLib_0138;;5,23;0,00;D;;;
BQ;Banque BQ;;20241120;61352000;CompteLib_0035;;;24K79;20241120;EcritureLib_0152;;66,62;0,00;D;;;
BQ;Banque BQ;;20241120;44566100;CompteLib_0023;;;24K79;20241120;EcritureLib_0152;;13,32;0,00;D;;;
BQ;Banque BQ;;20241120;51220000;CompteLib_0019;;;24K79;20241120;EcritureLib_0152;;0,00;79,94;C;;;
BQ;Banque BQ;;20241120;40100000;CompteLib_0012;401MARDN;MARCHE DU NORD;24K80;20241120;EcritureLib_0213;;13,88;0,00;D;;AO;20241204
BQ;Banque BQ;;20241120;51220000;CompteLib_0019;;;24K80;20241120;EcritureLib_0213;;0,00;13,88;C;;;
BQ;Banque BQ;;20241120;62700000;CompteLib_0029;;;24K81;20241120;EcritureLib_0094;;0,64;0,00;D;;;
BQ;Banque BQ;;20241120;51220000;CompteLib_0019;;;24K81;20241120;EcritureLib_0094;;0,00;0,64;C;;;
BQ;Banque BQ;;20241121;51100000;CompteLib_0031;;;24K85;20241121;EcritureLib_0214;;0,00;115,50;C;;;
BQ;Banque BQ;;20241121;51220000;CompteLib_0019;;;24K85;20241121;EcritureLib_0214;;115,50;0,00;D;;;
BQ;Banque BQ;;20241121;51100000;CompteLib_0031;;;24K86;20241121;EcritureLib_0215;;0,00;48,30;C;;;
BQ;Banque BQ;;20241121;51220000;CompteLib_0019;;;24K86;20241121;EcritureLib_0215;;48,30;0,00;D;;;
BQ;Banque BQ;;20241121;51100000;CompteLib_0031;;;24K87;20241121;EcritureLib_0216;;0,00;28,80;C;;;
BQ;Banque BQ;;20241121;51220000;CompteLib_0019;;;24K87;20241121;EcritureLib_0216;;28,80;0,00;D;;;
BQ;Banque BQ;;20241121;51100000;CompteLib_0031;;;24K88;20241121;EcritureLib_0217;;0,00;11,35;C;;;
BQ;Banque BQ;;20241121;51220000;CompteLib_0019;;;24K88;20241121;EcritureLib_0217;;11,35;0,00;D;;;
BQ;Banque BQ;;20241121;40100000;CompteLib_0012;401HALLES;LES HALLES DU SUD;24K89;20241121;EcritureLib_0218;;168,00;0,00;D;;Q;20241204
BQ;Banque BQ;;20241121;51220000;CompteLib_0019;;;24K89;20241121;EcritureLib_0218;;0,00;168,00;C;;;
BQ;Banque BQ;;20241121;40100000;CompteLib_0012;401LECLERC;LECLERC;24K90;20241121;EcritureLib_0219;;55,20;0,00;D;;BB;20241204
BQ;Banque BQ;;20241121;51220000;CompteLib_0019;;;24K90;20241121;EcritureLib_0219;;0,00;55,20;C;;;
BQ;Banque BQ;;20241121;40100000;CompteLib_0012;401HALLES;LES HALLES DU SUD;24K91;20241121;EcritureLib_0218;;36,00;0,00;D;;P;20241204
BQ;Banque BQ;;20241121;51220000;CompteLib_0019;;;24K91;20241121;EcritureLib_0218;;0,00;36,00;C;;;
BQ;Banque BQ;;20241121;62700000;CompteLib_0029;;;24K92;20241121;EcritureLib_0094;;0,40;0,00;D;;;
BQ;Banque BQ;;20241121;51220000;CompteLib_0019;;;24K92;20241121;EcritureLib_0094;;0,00;0,40;C;;;
BQ;Banque BQ;;20241121;62700000;CompteLib_0029;;;24K93;20241121;EcritureLib_0094;;0,09;0,00;D;;;
BQ;Banque BQ;;20241121;51220000;CompteLib_0019;;;24K93;20241121;EcritureLib_0094;;0,00;0,09;C;;;
BQ;Banque BQ;;20241122;51100000;CompteLib_0031;;;24K94;20241122;EcritureLib_0220;;0,00;141,80;C;;;
BQ;Banque BQ;;20241122;51220000;CompteLib_0019;;;24K94;20241122;EcritureLib_0220;;141,80;0,00;D;;;
BQ;Banque BQ;;20241122;40100000;CompteLib_0012;401LIDL;LIDL;24K95;20241122;EcritureLib_0221;;25,81;0,00;D;;;
BQ;Banque BQ;;20241122;51220000;CompteLib_0019;;;24K95;20241122;EcritureLib_0221;;0,00;25,81;C;;;
BQ;Banque BQ;;20241122;62700000;CompteLib_0029;;;24K96;20241122;EcritureLib_0094;;0,45;0,00;D;;;
BQ;Banque BQ;;20241122;51220000;CompteLib_0019;;;24K96;20241122;EcritureLib_0094;;0,00;0,45;C;;;
BQ;Banque BQ;;20241125;51100000;CompteLib_0031;;;24K97;20241125;EcritureLib_0222;;0,00;290,93;C;;;
BQ;Banque BQ;;20241125;51220000;CompteLib_0019;;;24K97;20241125;EcritureLib_0222;;290,93;0,00;D;;;
BQ;Banque BQ;;20241125;51100000;CompteLib_0031;;;24K98;20241125;EcritureLib_0223;;0,00;42,30;C;;;
BQ;Banque BQ;;20241125;51220000;CompteLib_0019;;;24K98;20241125;EcritureLib_0223;;42,30;0,00;D;;;
BQ;Banque BQ;;20241125;62700000;CompteLib_0029;;;24K99;20241125;EcritureLib_0094;;1,10;0,00;D;;;
BQ;Banque BQ;;20241125;51220000;CompteLib_0019;;;24K99;20241125;EcritureLib_0094;;0,00;1,10;C;;;
BQ;Banque BQ;;20241125;62700000;CompteLib_0029;;;24K100;20241125;EcritureLib_0094;;0,13;0,00;D;;;
BQ;Banque BQ;;20241125;51220000;CompteLib_0019;;;24K100;20241125;EcritureLib_0094;;0,00;0,13;C;;;
BQ;Banque BQ;;20241126;40100000;CompteLib_0012;401STC;STC DIGIT;24K101;20241126;EcritureLib_0155;;193,20;0,00;D;;O;20251108
BQ;Banque BQ;;20241126;51220000;CompteLib_0019;;;24K101;20241126;EcritureLib_0155;;0,00;193,20;C;;;
BQ;Banque BQ;;20241126;62700000;CompteLib_0029;;;24K102;20241126;EcritureLib_0224;;5,33;0,00;D;;;
BQ;Banque BQ;;20241126;51220000;CompteLib_0019;;;24K102;20241126;EcritureLib_0224;;0,00;5,33;C;;;
BQ;Banque BQ;;20241126;62700000;CompteLib_0029;;;24K103;20241126;EcritureLib_0225;;5,33;0,00;D;;;
BQ;Banque BQ;;20241126;51220000;CompteLib_0019;;;24K103;20241126;EcritureLib_0225;;0,00;5,33;C;;;
BQ;Banque BQ;;20241127;51100000;CompteLib_0031;;;24K105;20241127;EcritureLib_0226;;0,00;146,40;C;;;
BQ;Banque BQ;;20241127;51220000;CompteLib_0019;;;24K105;20241127;EcritureLib_0226;;146,40;0,00;D;;;
BQ;Banque BQ;;20241127;40100000;CompteLib_0012;401LIDL;LIDL;24K106;20241127;EcritureLib_0227;;119,50;0,00;D;;DX;20241204
BQ;Banque BQ;;20241127;51220000;CompteLib_0019;;;24K106;20241127;EcritureLib_0227;;0,00;119,50;C;;;
BQ;Banque BQ;;20241127;62700000;CompteLib_0029;;;24K107;20241127;EcritureLib_0094;;0,49;0,00;D;;;
BQ;Banque BQ;;20241127;51220000;CompteLib_0019;;;24K107;20241127;EcritureLib_0094;;0,00;0,49;C;;;
BQ;Banque BQ;;20241127;40100000;CompteLib_0012;401LOYER;LOYER ET CHARGES;24K108;20241127;EcritureLib_0169;;1500,00;0,00;D;;N;20250626
BQ;Banque BQ;;20241127;51220000;CompteLib_0019;;;24K108;20241127;EcritureLib_0169;;0,00;1500,00;C;;;
BQ;Banque BQ;;20241128;51100000;CompteLib_0031;;;24K111;20241128;EcritureLib_0228;;0,00;172,10;C;;;
BQ;Banque BQ;;20241128;51220000;CompteLib_0019;;;24K111;20241128;EcritureLib_0228;;172,10;0,00;D;;;
BQ;Banque BQ;;20241128;51100000;CompteLib_0031;;;24K112;20241128;EcritureLib_0229;;0,00;20,84;C;;;
BQ;Banque BQ;;20241128;51220000;CompteLib_0019;;;24K112;20241128;EcritureLib_0229;;20,84;0,00;D;;;
BQ;Banque BQ;;20241128;40100000;CompteLib_0012;401DIVERS;FOURNISSEURS DIVERS;24K113;20241128;EcritureLib_0230;;90,07;0,00;D;;I;20241204
BQ;Banque BQ;;20241128;51220000;CompteLib_0019;;;24K113;20241128;EcritureLib_0230;;0,00;90,07;C;;;
BQ;Banque BQ;;20241128;40100000;CompteLib_0012;401LIDL;LIDL;24K114;20241128;EcritureLib_0231;;76,97;0,00;D;;DT;20241204
BQ;Banque BQ;;20241128;51220000;CompteLib_0019;;;24K114;20241128;EcritureLib_0231;;0,00;76,97;C;;;
BQ;Banque BQ;;20241128;62700000;CompteLib_0029;;;24K115;20241128;EcritureLib_0094;;0,84;0,00;D;;;
BQ;Banque BQ;;20241128;51220000;CompteLib_0019;;;24K115;20241128;EcritureLib_0094;;0,00;0,84;C;;;
BQ;Banque BQ;;20241128;62700000;CompteLib_0029;;;24K116;20241128;EcritureLib_0170;;0,00;0,63;C;;;
BQ;Banque BQ;;20241128;51220000;CompteLib_0019;;;24K116;20241128;EcritureLib_0170;;0,63;0,00;D;;;
BQ;Banque BQ;;20241128;62700000;CompteLib_0029;;;24K117;20241128;EcritureLib_0171;;19,05;0,00;D;;;
BQ;Banque BQ;;20241128;51220000;CompteLib_0019;;;24K117;20241128;EcritureLib_0171;;0,00;19,05;C;;;
BQ;Banque BQ;;20241129;51100000;CompteLib_0031;;;24K120;20241129;EcritureLib_0232;;0,00;314,60;C;;;
BQ;Banque BQ;;20241129;51220000;CompteLib_0019;;;24K120;20241129;EcritureLib_0232;;314,60;0,00;D;;;
BQ;Banque BQ;;20241129;62601000;CompteLib_0030;;;24K121;20241129;EcritureLib_0096;;40,81;0,00;D;;;
BQ;Banque BQ;;20241129;44566100;CompteLib_0023;;;24K121;20241129;EcritureLib_0096;;8,16;0,00;D;;;
BQ;Banque BQ;;20241129;51220000;CompteLib_0019;;;24K121;20241129;EcritureLib_0096;;0,00;48,97;C;;;
BQ;Banque BQ;;20241129;40100000;CompteLib_0012;401MARDN;MARCHE DU NORD;24K122;20241129;EcritureLib_0233;;10,40;0,00;D;;AQ;20241204
BQ;Banque BQ;;20241129;51220000;CompteLib_0019;;;24K122;20241129;EcritureLib_0233;;0,00;10,40;C;;;
BQ;Banque BQ;;20241129;62700000;CompteLib_0029;;;24K123;20241129;EcritureLib_0094;;1,37;0,00;D;;;
BQ;Banque BQ;;20241129;51220000;CompteLib_0019;;;24K123;20241129;EcritureLib_0094;;0,00;1,37;C;;;
BQ;Banque BQ;;20241202;51100000;CompteLib_0031;;;24L2;20241202;EcritureLib_0234;;0,00;261,20;C;;;
BQ;Banque BQ;;20241202;51220000;CompteLib_0019;;;24L2;20241202;EcritureLib_0234;;261,20;0,00;D;;;
BQ;Banque BQ;;20241202;51100000;CompteLib_0031;;;24L3;20241202;EcritureLib_0235;;0,00;35,90;C;;;
BQ;Banque BQ;;20241202;51220000;CompteLib_0019;;;24L3;20241202;EcritureLib_0235;;35,90;0,00;D;;;
BQ;Banque BQ;;20241202;47100000;CompteLib_0027;;;24L4;20241202;EcritureLib_0236;;92,81;0,00;D;;;
BQ;Banque BQ;;20241202;51220000;CompteLib_0019;;;24L4;20241202;EcritureLib_0236;;0,00;92,81;C;;;
BQ;Banque BQ;;20241202;40100000;CompteLib_0012;401LIDL;LIDL;24L5;20241202;EcritureLib_0237;;25,90;0,00;D;;DZ;20241204
BQ;Banque BQ;;20241202;51220000;CompteLib_0019;;;24L5;20241202;EcritureLib_0237;;0,00;25,90;C;;;
BQ;Banque BQ;;20241202;40100000;CompteLib_0012;401ALDI;ALDI;24L6;20241202;EcritureLib_0238;;18,33;0,00;D;;AB;20241204
BQ;Banque BQ;;20241202;51220000;CompteLib_0019;;;24L6;20241202;EcritureLib_0238;;0,00;18,33;C;;;
BQ;Banque BQ;;20241202;62700000;CompteLib_0029;;;24L7;20241202;EcritureLib_0094;;0,82;0,00;D;;;
BQ;Banque BQ;;20241202;51220000;CompteLib_0019;;;24L7;20241202;EcritureLib_0094;;0,00;0,82;C;;;
BQ;Banque BQ;;20241202;62700000;CompteLib_0029;;;24L8;20241202;EcritureLib_0094;;0,12;0,00;D;;;
BQ;Banque BQ;;20241202;51220000;CompteLib_0019;;;24L8;20241202;EcritureLib_0094;;0,00;0,12;C;;;
BQ;Banque BQ;;20241202;62700000;CompteLib_0029;;;24L9;20241202;EcritureLib_0092;;5,15;0,00;D;;;
BQ;Banque BQ;;20241202;51220000;CompteLib_0019;;;24L9;20241202;EcritureLib_0092;;0,00;5,15;C;;;
BQ;Banque BQ;;20241203;40100000;CompteLib_0012;401LECLERC;LECLERC;24L11;20241203;EcritureLib_0239;;61,09;0,00;D;;BE;20250325
BQ;Banque BQ;;20241203;51220000;CompteLib_0019;;;24L11;20241203;EcritureLib_0239;;0,00;61,09;C;;;
BQ;Banque BQ;;20241203;62601000;CompteLib_0030;;;24L12;20241203;EcritureLib_0096;;37,49;0,00;D;;;
BQ;Banque BQ;;20241203;44566100;CompteLib_0023;;;24L12;20241203;EcritureLib_0096;;7,50;0,00;D;;;
BQ;Banque BQ;;20241203;51220000;CompteLib_0019;;;24L12;20241203;EcritureLib_0096;;0,00;44,99;C;;;
BQ;Banque BQ;;20241203;47100000;CompteLib_0027;;;24L13;20241203;EcritureLib_0145;;4,10;0,00;D;;;
BQ;Banque BQ;;20241203;51220000;CompteLib_0019;;;24L13;20241203;EcritureLib_0145;;0,00;4,10;C;;;
BQ;Banque BQ;;20241204;51100000;CompteLib_0031;;;24L14;20241204;EcritureLib_0240;;0,00;10,90;C;;;
BQ;Banque BQ;;20241204;51220000;CompteLib_0019;;;24L14;20241204;EcritureLib_0240;;10,90;0,00;D;;;
BQ;Banque BQ;;20241204;40100000;CompteLib_0012;401VANDEN;VANDENBULCKE;24L15;20241204;EcritureLib_0100;;193,13;0,00;D;;AD;20250325
BQ;Banque BQ;;20241204;51220000;CompteLib_0019;;;24L15;20241204;EcritureLib_0100;;0,00;193,13;C;;;
BQ;Banque BQ;;20241204;40100000;CompteLib_0012;401DIVERS;FOURNISSEURS DIVERS;24L16;20241204;EcritureLib_0241;;60,00;0,00;D;;;
BQ;Banque BQ;;20241204;51220000;CompteLib_0019;;;24L16;20241204;EcritureLib_0241;;0,00;60,00;C;;;
BQ;Banque BQ;;20241204;62700000;CompteLib_0029;;;24L17;20241204;EcritureLib_0094;;0,03;0,00;D;;;
BQ;Banque BQ;;20241204;51220000;CompteLib_0019;;;24L17;20241204;EcritureLib_0094;;0,00;0,03;C;;;
BQ;Banque BQ;;20241205;51100000;CompteLib_0031;;;24L20;20241205;EcritureLib_0242;;0,00;67,10;C;;;
BQ;Banque BQ;;20241205;51220000;CompteLib_0019;;;24L20;20241205;EcritureLib_0242;;67,10;0,00;D;;;
BQ;Banque BQ;;20241205;51100000;CompteLib_0031;;;24L21;20241205;EcritureLib_0243;;0,00;14,84;C;;;
BQ;Banque BQ;;20241205;51220000;CompteLib_0019;;;24L21;20241205;EcritureLib_0243;;14,84;0,00;D;;;
BQ;Banque BQ;;20241205;40100000;CompteLib_0012;401METRO;METRO;24L22;20241205;EcritureLib_0244;;236,77;0,00;D;;AS;20250101
BQ;Banque BQ;;20241205;51220000;CompteLib_0019;;;24L22;20241205;EcritureLib_0244;;0,00;236,77;C;;;
BQ;Banque BQ;;20241205;40100000;CompteLib_0012;401LIDL;LIDL;24L23;20241205;EcritureLib_0245;;124,53;0,00;D;;ED;20250101
BQ;Banque BQ;;20241205;51220000;CompteLib_0019;;;24L23;20241205;EcritureLib_0245;;0,00;124,53;C;;;
BQ;Banque BQ;;20241205;61600000;CompteLib_0032;;;24L24;20241205;EcritureLib_0113;;72,75;0,00;D;;;
BQ;Banque BQ;;20241205;51220000;CompteLib_0019;;;24L24;20241205;EcritureLib_0113;;0,00;72,75;C;;;
BQ;Banque BQ;;20241205;62700000;CompteLib_0029;;;24L25;20241205;EcritureLib_0094;;0,23;0,00;D;;;
BQ;Banque BQ;;20241205;51220000;CompteLib_0019;;;24L25;20241205;EcritureLib_0094;;0,00;0,23;C;;;
BQ;Banque BQ;;20241206;51100000;CompteLib_0031;;;24L27;20241206;EcritureLib_0246;;0,00;100,50;C;;;
BQ;Banque BQ;;20241206;51220000;CompteLib_0019;;;24L27;20241206;EcritureLib_0246;;100,50;0,00;D;;;
BQ;Banque BQ;;20241206;51100000;CompteLib_0031;;;24L28;20241206;EcritureLib_0247;;0,00;9,75;C;;;
BQ;Banque BQ;;20241206;51220000;CompteLib_0019;;;24L28;20241206;EcritureLib_0247;;9,75;0,00;D;;;
BQ;Banque BQ;;20241206;51100000;CompteLib_0031;;;24L29;20241206;EcritureLib_0248;;0,00;9,11;C;;;
BQ;Banque BQ;;20241206;51220000;CompteLib_0019;;;24L29;20241206;EcritureLib_0248;;9,11;0,00;D;;;
BQ;Banque BQ;;20241206;40100000;CompteLib_0012;401LIDL;LIDL;24L30;20241206;EcritureLib_0249;;18,88;0,00;D;;EA;20250101
BQ;Banque BQ;;20241206;51220000;CompteLib_0019;;;24L30;20241206;EcritureLib_0249;;0,00;18,88;C;;;
BQ;Banque BQ;;20241206;62700000;CompteLib_0029;;;24L31;20241206;EcritureLib_0094;;0,34;0,00;D;;;
BQ;Banque BQ;;20241206;51220000;CompteLib_0019;;;24L31;20241206;EcritureLib_0094;;0,00;0,34;C;;;
BQ;Banque BQ;;20241209;51100000;CompteLib_0031;;;24L35;20241209;EcritureLib_0250;;0,00;121,80;C;;;
BQ;Banque BQ;;20241209;51220000;CompteLib_0019;;;24L35;20241209;EcritureLib_0250;;121,80;0,00;D;;;
BQ;Banque BQ;;20241209;51100000;CompteLib_0031;;;24L36;20241209;EcritureLib_0251;;0,00;21,58;C;;;
BQ;Banque BQ;;20241209;51220000;CompteLib_0019;;;24L36;20241209;EcritureLib_0251;;21,58;0,00;D;;;
BQ;Banque BQ;;20241209;51100000;CompteLib_0031;;;24L37;20241209;EcritureLib_0252;;0,00;18,50;C;;;
BQ;Banque BQ;;20241209;51220000;CompteLib_0019;;;24L37;20241209;EcritureLib_0252;;18,50;0,00;D;;;
BQ;Banque BQ;;20241209;51100000;CompteLib_0031;;;24L38;20241209;EcritureLib_0253;;0,00;12,90;C;;;
BQ;Banque BQ;;20241209;51220000;CompteLib_0019;;;24L38;20241209;EcritureLib_0253;;12,90;0,00;D;;;
BQ;Banque BQ;;20241209;40100000;CompteLib_0012;401LECLERC;LECLERC;24L39;20241209;EcritureLib_0254;;87,87;0,00;D;;BI;20250325
BQ;Banque BQ;;20241209;51220000;CompteLib_0019;;;24L39;20241209;EcritureLib_0254;;0,00;87,87;C;;;
BQ;Banque BQ;;20241209;40100000;CompteLib_0012;401LIDL;LIDL;24L40;20241209;EcritureLib_0255;;71,17;0,00;D;;;
BQ;Banque BQ;;20241209;51220000;CompteLib_0019;;;24L40;20241209;EcritureLib_0255;;0,00;71,17;C;;;
BQ;Banque BQ;;20241209;40100000;CompteLib_0012;401METRO;METRO;24L41;20241209;EcritureLib_0256;;60,32;0,00;D;;AT;20250101
BQ;Banque BQ;;20241209;51220000;CompteLib_0019;;;24L41;20241209;EcritureLib_0256;;0,00;60,32;C;;;
BQ;Banque BQ;;20241209;62700000;CompteLib_0029;;;24L42;20241209;EcritureLib_0094;;0,38;0,00;D;;;
BQ;Banque BQ;;20241209;51220000;CompteLib_0019;;;24L42;20241209;EcritureLib_0094;;0,00;0,38;C;;;
BQ;Banque BQ;;20241209;62700000;CompteLib_0029;;;24L43;20241209;EcritureLib_0094;;0,06;0,00;D;;;
BQ;Banque BQ;;20241209;51220000;CompteLib_0019;;;24L43;20241209;EcritureLib_0094;;0,00;0,06;C;;;
BQ;Banque BQ;;20241209;62700000;CompteLib_0029;;;24L44;20241209;EcritureLib_0094;;0,04;0,00;D;;;
BQ;Banque BQ;;20241209;51220000;CompteLib_0019;;;24L44;20241209;EcritureLib_0094;;0,00;0,04;C;;;
BQ;Banque BQ;;20241211;51180000;CompteLib_0034;;;24L45;20241211;EcritureLib_0138;;0,00;81,02;C;;;
BQ;Banque BQ;;20241211;51220000;CompteLib_0019;;;24L45;20241211;EcritureLib_0138;;81,02;0,00;D;;;
BQ;Banque BQ;;20241211;51100000;CompteLib_0031;;;24L46;20241211;EcritureLib_0257;;0,00;76,80;C;;;
BQ;Banque BQ;;20241211;51220000;CompteLib_0019;;;24L46;20241211;EcritureLib_0257;;76,80;0,00;D;;;
BQ;Banque BQ;;20241211;62601000;CompteLib_0030;;;24L47;20241211;EcritureLib_0096;;24,97;0,00;D;;;
BQ;Banque BQ;;20241211;44566100;CompteLib_0023;;;24L47;20241211;EcritureLib_0096;;4,99;0,00;D;;;
BQ;Banque BQ;;20241211;51220000;CompteLib_0019;;;24L47;20241211;EcritureLib_0096;;0,00;29,96;C;;;
BQ;Banque BQ;;20241211;51100000;CompteLib_0031;;;24L48;20241211;EcritureLib_0094;;0,24;0,00;D;;;
BQ;Banque BQ;;20241211;51220000;CompteLib_0019;;;24L48;20241211;EcritureLib_0094;;0,00;0,24;C;;;
BQ;Banque BQ;;20241212;51100000;CompteLib_0031;;;24L50;20241212;EcritureLib_0258;;0,00;95,90;C;;;
BQ;Banque BQ;;20241212;51220000;CompteLib_0019;;;24L50;20241212;EcritureLib_0258;;95,90;0,00;D;;;
BQ;Banque BQ;;20241212;40100000;CompteLib_0012;401MARDN;MARCHE DU NORD;24L51;20241212;EcritureLib_0259;;15,87;0,00;D;;AU;20250101
BQ;Banque BQ;;20241212;51220000;CompteLib_0019;;;24L51;20241212;EcritureLib_0259;;0,00;15,87;C;;;
BQ;Banque BQ;;20241212;51100000;CompteLib_0031;;;24L52;20241212;EcritureLib_0094;;0,31;0,00;D;;;
BQ;Banque BQ;;20241212;51220000;CompteLib_0019;;;24L52;20241212;EcritureLib_0094;;0,00;0,31;C;;;
BQ;Banque BQ;;20241213;51100000;CompteLib_0031;;;24L54;20241213;EcritureLib_0260;;0,00;180,70;C;;;
BQ;Banque BQ;;20241213;51220000;CompteLib_0019;;;24L54;20241213;EcritureLib_0260;;180,70;0,00;D;;;
BQ;Banque BQ;;20241213;51100000;CompteLib_0031;;;24L55;20241213;EcritureLib_0261;;0,00;24,40;C;;;
BQ;Banque BQ;;20241213;51220000;CompteLib_0019;;;24L55;20241213;EcritureLib_0261;;24,40;0,00;D;;;
BQ;Banque BQ;;20241213;40100000;CompteLib_0012;401LECLERC;LECLERC;24L56;20241213;EcritureLib_0262;;48,00;0,00;D;;BD;20250101
BQ;Banque BQ;;20241213;51220000;CompteLib_0019;;;24L56;20241213;EcritureLib_0262;;0,00;48,00;C;;;
BQ;Banque BQ;;20241213;51100000;CompteLib_0031;;;24L57;20241213;EcritureLib_0094;;0,57;0,00;D;;;
BQ;Banque BQ;;20241213;51220000;CompteLib_0019;;;24L57;20241213;EcritureLib_0094;;0,00;0,57;C;;;
BQ;Banque BQ;;20241213;51100000;CompteLib_0031;;;24L58;20241213;EcritureLib_0094;;0,08;0,00;D;;;
BQ;Banque BQ;;20241213;51220000;CompteLib_0019;;;24L58;20241213;EcritureLib_0094;;0,00;0,08;C;;;
BQ;Banque BQ;;20241216;51100000;CompteLib_0031;;;24L62;20241216;EcritureLib_0263;;0,00;192,10;C;;;
BQ;Banque BQ;;20241216;51220000;CompteLib_0019;;;24L62;20241216;EcritureLib_0263;;192,10;0,00;D;;;
BQ;Banque BQ;;20241216;51100000;CompteLib_0031;;;24L63;20241216;EcritureLib_0264;;0,00;190,00;C;;;
BQ;Banque BQ;;20241216;51220000;CompteLib_0019;;;24L63;20241216;EcritureLib_0264;;190,00;0,00;D;;;
BQ;Banque BQ;;20241216;51100000;CompteLib_0031;;;24L64;20241216;EcritureLib_0265;;0,00;72,80;C;;;
BQ;Banque BQ;;20241216;51220000;CompteLib_0019;;;24L64;20241216;EcritureLib_0265;;72,80;0,00;D;;;
BQ;Banque BQ;;20241216;51100000;CompteLib_0031;;;24L65;20241216;EcritureLib_0266;;0,00;6,62;C;;;
BQ;Banque BQ;;20241216;51220000;CompteLib_0019;;;24L65;20241216;EcritureLib_0266;;6,62;0,00;D;;;
BQ;Banque BQ;;20241216;40100000;CompteLib_0012;401DIVERS;FOURNISSEURS DIVERS;24L66;20241216;EcritureLib_0267;;132,20;0,00;D;;J;20250325
BQ;Banque BQ;;20241216;51220000;CompteLib_0019;;;24L66;20241216;EcritureLib_0267;;0,00;132,20;C;;;
BQ;Banque BQ;;20241216;40100000;CompteLib_0012;401LIDL;LIDL;24L67;20241216;EcritureLib_0268;;99,54;0,00;D;;EC;20250101
BQ;Banque BQ;;20241216;51220000;CompteLib_0019;;;24L67;20241216;EcritureLib_0268;;0,00;99,54;C;;;
BQ;Banque BQ;;20241216;40100000;CompteLib_0012;401MATCH;SUPERMARCHE MATCH;24L68;20241216;EcritureLib_0269;;13,67;0,00;D;;M;20250101
BQ;Banque BQ;;20241216;51220000;CompteLib_0019;;;24L68;20241216;EcritureLib_0269;;0,00;13,67;C;;;
BQ;Banque BQ;;20241216;51100000;CompteLib_0031;;;24L69;20241216;EcritureLib_0094;;0,89;0,00;D;;;
BQ;Banque BQ;;20241216;51220000;CompteLib_0019;;;24L69;20241216;EcritureLib_0094;;0,00;0,89;C;;;
BQ;Banque BQ;;20241216;51100000;CompteLib_0031;;;24L70;20241216;EcritureLib_0094;;0,64;0,00;D;;;
BQ;Banque BQ;;20241216;51220000;CompteLib_0019;;;24L70;20241216;EcritureLib_0094;;0,00;0,64;C;;;
BQ;Banque BQ;;20241216;51100000;CompteLib_0031;;;24L71;20241216;EcritureLib_0094;;0,25;0,00;D;;;
BQ;Banque BQ;;20241216;51220000;CompteLib_0019;;;24L71;20241216;EcritureLib_0094;;0,00;0,25;C;;;
BQ;Banque BQ;;20241217;51100000;CompteLib_0031;;;24L72;20241217;EcritureLib_0270;;0,00;22,70;C;;;
BQ;Banque BQ;;20241217;51220000;CompteLib_0019;;;24L72;20241217;EcritureLib_0270;;22,70;0,00;D;;;
BQ;Banque BQ;;20241217;47100000;CompteLib_0027;;;24L73;20241217;EcritureLib_0210;;132,29;0,00;D;;;
BQ;Banque BQ;;20241217;51220000;CompteLib_0019;;;24L73;20241217;EcritureLib_0210;;0,00;132,29;C;;;
BQ;Banque BQ;;20241217;47100000;CompteLib_0027;;;24L74;20241217;EcritureLib_0145;;2,03;0,00;D;;;
BQ;Banque BQ;;20241217;51220000;CompteLib_0019;;;24L74;20241217;EcritureLib_0145;;0,00;2,03;C;;;
BQ;Banque BQ;;20241218;51100000;CompteLib_0031;;;24L76;20241218;EcritureLib_0271;;0,00;83,10;C;;;
BQ;Banque BQ;;20241218;51220000;CompteLib_0019;;;24L76;20241218;EcritureLib_0271;;83,10;0,00;D;;;
BQ;Banque BQ;;20241218;51100000;CompteLib_0031;;;24L77;20241218;EcritureLib_0272;;0,00;28,70;C;;;
BQ;Banque BQ;;20241218;51220000;CompteLib_0019;;;24L77;20241218;EcritureLib_0272;;28,70;0,00;D;;;
BQ;Banque BQ;;20241218;51100000;CompteLib_0031;;;24L78;20241218;EcritureLib_0273;;0,00;23,80;C;;;
BQ;Banque BQ;;20241218;51220000;CompteLib_0019;;;24L78;20241218;EcritureLib_0273;;23,80;0,00;D;;;
BQ;Banque BQ;;20241218;40100000;CompteLib_0012;401MARDN;MARCHE DU NORD;24L79;20241218;EcritureLib_0274;;32,00;0,00;D;;AT;20250101
BQ;Banque BQ;;20241218;51220000;CompteLib_0019;;;24L79;20241218;EcritureLib_0274;;0,00;32,00;C;;;
BQ;Banque BQ;;20241218;51100000;CompteLib_0031;;;24L80;20241218;EcritureLib_0094;;0,28;0,00;D;;;
BQ;Banque BQ;;20241218;51220000;CompteLib_0019;;;24L80;20241218;EcritureLib_0094;;0,00;0,28;C;;;
BQ;Banque BQ;;20241218;51100000;CompteLib_0031;;;24L81;20241218;EcritureLib_0094;;0,10;0,00;D;;;
BQ;Banque BQ;;20241218;51220000;CompteLib_0019;;;24L81;20241218;EcritureLib_0094;;0,00;0,10;C;;;
BQ;Banque BQ;;20241219;51100000;CompteLib_0031;;;24L84;20241219;EcritureLib_0275;;0,00;188,90;C;;;
BQ;Banque BQ;;20241219;51220000;CompteLib_0019;;;24L84;20241219;EcritureLib_0275;;188,90;0,00;D;;;
BQ;Banque BQ;;20241219;51100000;CompteLib_0031;;;24L85;20241219;EcritureLib_0276;;0,00;87,00;C;;;
BQ;Banque BQ;;20241219;51220000;CompteLib_0019;;;24L85;20241219;EcritureLib_0276;;87,00;0,00;D;;;
BQ;Banque BQ;;20241219;40100000;CompteLib_0012;401LIDL;LIDL;24L86;20241219;EcritureLib_0277;;135,60;0,00;D;;EB;20250325
BQ;Banque BQ;;20241219;51220000;CompteLib_0019;;;24L86;20241219;EcritureLib_0277;;0,00;135,60;C;;;
BQ;Banque BQ;;20241219;51100000;CompteLib_0031;;;24L87;20241219;EcritureLib_0094;;0,85;0,00;D;;;
BQ;Banque BQ;;20241219;51220000;CompteLib_0019;;;24L87;20241219;EcritureLib_0094;;0,00;0,85;C;;;
BQ;Banque BQ;;20241219;51100000;CompteLib_0031;;;24L88;20241219;EcritureLib_0094;;0,60;0,00;D;;;
BQ;Banque BQ;;20241219;51220000;CompteLib_0019;;;24L88;20241219;EcritureLib_0094;;0,00;0,60;C;;;
BQ;Banque BQ;;20241220;51100000;CompteLib_0031;;;24L89;20241220;EcritureLib_0278;;0,00;162,00;C;;;
BQ;Banque BQ;;20241220;51220000;CompteLib_0019;;;24L89;20241220;EcritureLib_0278;;162,00;0,00;D;;;
BQ;Banque BQ;;20241220;51100000;CompteLib_0031;;;24L90;20241220;EcritureLib_0279;;0,00;26,66;C;;;
BQ;Banque BQ;;20241220;51220000;CompteLib_0019;;;24L90;20241220;EcritureLib_0279;;26,66;0,00;D;;;
BQ;Banque BQ;;20241220;51100000;CompteLib_0031;;;24L91;20241220;EcritureLib_0280;;0,00;19,40;C;;;
BQ;Banque BQ;;20241220;51220000;CompteLib_0019;;;24L91;20241220;EcritureLib_0280;;19,40;0,00;D;;;
BQ;Banque BQ;;20241220;61352000;CompteLib_0035;;;24L92;20241220;EcritureLib_0152;;66,62;0,00;D;;;
BQ;Banque BQ;;20241220;44566100;CompteLib_0023;;;24L92;20241220;EcritureLib_0152;;13,32;0,00;D;;;
BQ;Banque BQ;;20241220;51220000;CompteLib_0019;;;24L92;20241220;EcritureLib_0152;;0,00;79,94;C;;;
BQ;Banque BQ;;20241220;51100000;CompteLib_0031;;;24L93;20241220;EcritureLib_0094;;0,52;0,00;D;;;
BQ;Banque BQ;;20241220;51220000;CompteLib_0019;;;24L93;20241220;EcritureLib_0094;;0,00;0,52;C;;;
BQ;Banque BQ;;20241220;51100000;CompteLib_0031;;;24L94;20241220;EcritureLib_0094;;0,06;0,00;D;;;
BQ;Banque BQ;;20241220;51220000;CompteLib_0019;;;24L94;20241220;EcritureLib_0094;;0,00;0,06;C;;;
BQ;Banque BQ;;20241223;51100000;CompteLib_0031;;;24L95;20241223;EcritureLib_0281;;0,00;282,80;C;;;
BQ;Banque BQ;;20241223;51220000;CompteLib_0019;;;24L95;20241223;EcritureLib_0281;;282,80;0,00;D;;;
BQ;Banque BQ;;20241223;51100000;CompteLib_0031;;;24L96;20241223;EcritureLib_0282;;0,00;211,70;C;;;
BQ;Banque BQ;;20241223;51220000;CompteLib_0019;;;24L96;20241223;EcritureLib_0282;;211,70;0,00;D;;;
BQ;Banque BQ;;20241223;51100000;CompteLib_0031;;;24L97;20241223;EcritureLib_0283;;0,00;125,35;C;;;
BQ;Banque BQ;;20241223;51220000;CompteLib_0019;;;24L97;20241223;EcritureLib_0283;;125,35;0,00;D;;;
BQ;Banque BQ;;20241223;51100000;CompteLib_0031;;;24L98;20241223;EcritureLib_0284;;0,00;122,50;C;;;
BQ;Banque BQ;;20241223;51220000;CompteLib_0019;;;24L98;20241223;EcritureLib_0284;;122,50;0,00;D;;;
BQ;Banque BQ;;20241223;51100000;CompteLib_0031;;;24L99;20241223;EcritureLib_0285;;0,00;65,75;C;;;
BQ;Banque BQ;;20241223;51220000;CompteLib_0019;;;24L99;20241223;EcritureLib_0285;;65,75;0,00;D;;;
BQ;Banque BQ;;20241223;51100000;CompteLib_0031;;;24L100;20241223;EcritureLib_0094;;0,95;0,00;D;;;
BQ;Banque BQ;;20241223;51220000;CompteLib_0019;;;24L100;20241223;EcritureLib_0094;;0,00;0,95;C;;;
BQ;Banque BQ;;20241223;51100000;CompteLib_0031;;;24L101;20241223;EcritureLib_0094;;0,84;0,00;D;;;
BQ;Banque BQ;;20241223;51220000;CompteLib_0019;;;24L101;20241223;EcritureLib_0094;;0,00;0,84;C;;;
BQ;Banque BQ;;20241223;51100000;CompteLib_0031;;;24L102;20241223;EcritureLib_0094;;0,44;0,00;D;;;
BQ;Banque BQ;;20241223;51220000;CompteLib_0019;;;24L102;20241223;EcritureLib_0094;;0,00;0,44;C;;;
BQ;Banque BQ;;20241223;51100000;CompteLib_0031;;;24L103;20241223;EcritureLib_0094;;0,42;0,00;D;;;
BQ;Banque BQ;;20241223;51220000;CompteLib_0019;;;24L103;20241223;EcritureLib_0094;;0,00;0,42;C;;;
BQ;Banque BQ;;20241223;51100000;CompteLib_0031;;;24L104;20241223;EcritureLib_0094;;0,23;0,00;D;;;
BQ;Banque BQ;;20241223;51220000;CompteLib_0019;;;24L104;20241223;EcritureLib_0094;;0,00;0,23;C;;;
BQ;Banque BQ;;20241224;51100000;CompteLib_0031;;;24L105;20241224;EcritureLib_0188;;0,00;11,90;C;;;
BQ;Banque BQ;;20241224;51220000;CompteLib_0019;;;24L105;20241224;EcritureLib_0188;;11,90;0,00;D;;;
BQ;Banque BQ;;20241224;40100000;CompteLib_0012;401STC;STC DIGIT;24L106;20241224;EcritureLib_0155;;193,20;0,00;D;;;
BQ;Banque BQ;;20241224;51220000;CompteLib_0019;;;24L106;20241224;EcritureLib_0155;;0,00;193,20;C;;;
BQ;Banque BQ;;20241226;47100000;CompteLib_0027;;;24L108;20241226;EcritureLib_0286;;810,70;0,00;D;;;
BQ;Banque BQ;;20241226;51220000;CompteLib_0019;;;24L108;20241226;EcritureLib_0286;;0,00;810,70;C;;;
BQ;Banque BQ;;20241226;62700000;CompteLib_0029;;;24L109;20241226;EcritureLib_0287;;81,07;0,00;D;;;
BQ;Banque BQ;;20241226;51220000;CompteLib_0019;;;24L109;20241226;EcritureLib_0287;;0,00;81,07;C;;;
BQ;Banque BQ;;20241226;62700000;CompteLib_0029;;;24L110;20241226;EcritureLib_0224;;5,33;0,00;D;;;
BQ;Banque BQ;;20241226;51220000;CompteLib_0019;;;24L110;20241226;EcritureLib_0224;;0,00;5,33;C;;;
BQ;Banque BQ;;20241226;62700000;CompteLib_0029;;;24L111;20241226;EcritureLib_0225;;5,33;0,00;D;;;
BQ;Banque BQ;;20241226;51220000;CompteLib_0019;;;24L111;20241226;EcritureLib_0225;;0,00;5,33;C;;;
BQ;Banque BQ;;20241227;51100000;CompteLib_0031;;;24L112;20241227;EcritureLib_0288;;0,00;15,32;C;;;
BQ;Banque BQ;;20241227;51220000;CompteLib_0019;;;24L112;20241227;EcritureLib_0288;;15,32;0,00;D;;;
BQ;Banque BQ;;20241227;63513000;CompteLib_0037;;;24L113;20241227;EcritureLib_0289;;594,00;0,00;D;;;
BQ;Banque BQ;;20241227;51220000;CompteLib_0019;;;24L113;20241227;EcritureLib_0289;;0,00;594,00;C;;;
BQ;Banque BQ;;20241227;40100000;CompteLib_0012;401VANDEN;VANDENBULCKE;24L114;20241227;EcritureLib_0100;;161,65;0,00;D;;AC;20250101
BQ;Banque BQ;;20241227;51220000;CompteLib_0019;;;24L114;20241227;EcritureLib_0100;;0,00;161,65;C;;;
BQ;Banque BQ;;20241230;51100000;CompteLib_0031;;;24L119;20241230;EcritureLib_0290;;0,00;239,50;C;;;
BQ;Banque BQ;;20241230;51220000;CompteLib_0019;;;24L119;20241230;EcritureLib_0290;;239,50;0,00;D;;;
BQ;Banque BQ;;20241230;51100000;CompteLib_0031;;;24L120;20241230;EcritureLib_0291;;0,00;146,70;C;;;
BQ;Banque BQ;;20241230;51220000;CompteLib_0019;;;24L120;20241230;EcritureLib_0291;;146,70;0,00;D;;;
BQ;Banque BQ;;20241230;51100000;CompteLib_0031;;;24L121;20241230;EcritureLib_0292;;0,00;85,10;C;;;
BQ;Banque BQ;;20241230;51220000;CompteLib_0019;;;24L121;20241230;EcritureLib_0292;;85,10;0,00;D;;;
BQ;Banque BQ;;20241230;51100000;CompteLib_0031;;;24L122;20241230;EcritureLib_0293;;0,00;65,90;C;;;
BQ;Banque BQ;;20241230;51220000;CompteLib_0019;;;24L122;20241230;EcritureLib_0293;;65,90;0,00;D;;;
BQ;Banque BQ;;20241230;51100000;CompteLib_0031;;;24L123;20241230;EcritureLib_0294;;0,00;37,70;C;;;
BQ;Banque BQ;;20241230;51220000;CompteLib_0019;;;24L123;20241230;EcritureLib_0294;;37,70;0,00;D;;;
BQ;Banque BQ;;20241230;51100000;CompteLib_0031;;;24L124;20241230;EcritureLib_0295;;0,00;32,30;C;;;
BQ;Banque BQ;;20241230;51220000;CompteLib_0019;;;24L124;20241230;EcritureLib_0295;;32,30;0,00;D;;;
BQ;Banque BQ;;20241230;40100000;CompteLib_0012;401LIDL;LIDL;24L125;20241230;EcritureLib_0296;;84,50;0,00;D;;EG;20250325
BQ;Banque BQ;;20241230;51220000;CompteLib_0019;;;24L125;20241230;EcritureLib_0296;;0,00;84,50;C;;;
BQ;Banque BQ;;20241230;40100000;CompteLib_0012;401LECLERC;LECLERC;24L126;20241230;EcritureLib_0297;;65,94;0,00;D;;BJ;20250325
BQ;Banque BQ;;20241230;51220000;CompteLib_0019;;;24L126;20241230;EcritureLib_0297;;0,00;65,94;C;;;
BQ;Banque BQ;;20241230;40100000;CompteLib_0012;401INTER;INTERESTO;24L127;20241230;EcritureLib_0298;;63,98;0,00;D;;AP;20250325
BQ;Banque BQ;;20241230;51220000;CompteLib_0019;;;24L127;20241230;EcritureLib_0298;;0,00;63,98;C;;;
BQ;Banque BQ;;20241230;62601000;CompteLib_0030;;;24L128;20241230;EcritureLib_0096;;40,81;0,00;D;;;
BQ;Banque BQ;;20241230;44566100;CompteLib_0023;;;24L128;20241230;EcritureLib_0096;;8,16;0,00;D;;;
BQ;Banque BQ;;20241230;51220000;CompteLib_0019;;;24L128;20241230;EcritureLib_0096;;0,00;48,97;C;;;
BQ;Banque BQ;;20241230;40100000;CompteLib_0012;401MARDN;MARCHE DU NORD;24L129;20241230;EcritureLib_0299;;12,47;0,00;D;;AW;20250325
BQ;Banque BQ;;20241230;51220000;CompteLib_0019;;;24L129;20241230;EcritureLib_0299;;0,00;12,47;C;;;
BQ;Banque BQ;;20241230;51100000;CompteLib_0031;;;24L130;20241230;EcritureLib_0094;;2,38;0,00;D;;;
BQ;Banque BQ;;20241230;51220000;CompteLib_0019;;;24L130;20241230;EcritureLib_0094;;0,00;2,38;C;;;
BQ;Banque BQ;;20241230;51100000;CompteLib_0031;;;24L131;20241230;EcritureLib_0094;;0,70;0,00;D;;;
BQ;Banque BQ;;20241230;51220000;CompteLib_0019;;;24L131;20241230;EcritureLib_0094;;0,00;0,70;C;;;
BQ;Banque BQ;;20241230;51100000;CompteLib_0031;;;24L132;20241230;EcritureLib_0094;;0,46;0,00;D;;;
BQ;Banque BQ;;20241230;51220000;CompteLib_0019;;;24L132;20241230;EcritureLib_0094;;0,00;0,46;C;;;
BQ;Banque BQ;;20241230;51100000;CompteLib_0031;;;24L133;20241230;EcritureLib_0094;;0,23;0,00;D;;;
BQ;Banque BQ;;20241230;51220000;CompteLib_0019;;;24L133;20241230;EcritureLib_0094;;0,00;0,23;C;;;
BQ;Banque BQ;;20241230;51100000;CompteLib_0031;;;24L134;20241230;EcritureLib_0094;;0,13;0,00;D;;;
BQ;Banque BQ;;20241230;51220000;CompteLib_0019;;;24L134;20241230;EcritureLib_0094;;0,00;0,13;C;;;
BQ;Banque BQ;;20241230;51100000;CompteLib_0031;;;24L135;20241230;EcritureLib_0094;;0,11;0,00;D;;;
BQ;Banque BQ;;20241230;51220000;CompteLib_0019;;;24L135;20241230;EcritureLib_0094;;0,00;0,11;C;;;
BQ;Banque BQ;;20241230;62700000;CompteLib_0029;;;24L136;20241230;EcritureLib_0170;;0,00;20,50;C;;;
BQ;Banque BQ;;20241230;51220000;CompteLib_0019;;;24L136;20241230;EcritureLib_0170;;20,50;0,00;D;;;
BQ;Banque BQ;;20241230;62700000;CompteLib_0029;;;24L137;20241230;EcritureLib_0170;;0,00;0,63;C;;;
BQ;Banque BQ;;20241230;51220000;CompteLib_0019;;;24L137;20241230;EcritureLib_0170;;0,63;0,00;D;;;
BQ;Banque BQ;;20241230;62700000;CompteLib_0029;;;24L138;20241230;EcritureLib_0171;;19,05;0,00;D;;;
BQ;Banque BQ;;20241230;51220000;CompteLib_0019;;;24L138;20241230;EcritureLib_0171;;0,00;19,05;C;;;
BQ;Banque BQ;;20241231;40100000;CompteLib_0012;401LOYER;LOYER ET CHARGES;24L139;20241231;EcritureLib_0300;;0,00;1000,00;C;;;
BQ;Banque BQ;;20241231;51220000;CompteLib_0019;;;24L139;20241231;EcritureLib_0300;;1000,00;0,00;D;;;
BQ;Banque BQ;;20241231;40100000;CompteLib_0012;401LOYER;LOYER ET CHARGES;24L140;20241231;EcritureLib_0169;;1300,00;0,00;D;;;
BQ;Banque BQ;;20241231;51220000;CompteLib_0019;;;24L140;20241231;EcritureLib_0169;;0,00;1300,00;C;;;
BQ;Banque BQ;;20241231;40100000;CompteLib_0012;401LECLERC;LECLERC;24L141;20241231;EcritureLib_0301;;49,72;0,00;D;;;
BQ;Banque BQ;;20241231;51220000;CompteLib_0019;;;24L141;20241231;EcritureLib_0301;;0,00;49,72;C;;;
BQ;Banque BQ;;20241231;62700000;CompteLib_0029;;;24L142;20241231;EcritureLib_0302;;31,90;0,00;D;;;
BQ;Banque BQ;;20241231;51220000;CompteLib_0019;;;24L142;20241231;EcritureLib_0302;;0,00;31,90;C;;;
BQ;Banque BQ;;20250102;62601000;CompteLib_0030;;;25A2;20250102;EcritureLib_0303;;0,00;9,62;C;;;
BQ;Banque BQ;;20250102;44566100;CompteLib_0023;;;25A2;20250102;EcritureLib_0303;;0,00;1,93;C;;;
BQ;Banque BQ;;20250102;51220000;CompteLib_0019;;;25A2;20250102;EcritureLib_0303;;11,55;0,00;D;;;
BQ;Banque BQ;;20250102;62601000;CompteLib_0030;;;25A3;20250102;EcritureLib_0096;;37,49;0,00;D;;;
BQ;Banque BQ;;20250102;44566100;CompteLib_0023;;;25A3;20250102;EcritureLib_0096;;7,50;0,00;D;;;
BQ;Banque BQ;;20250102;51220000;CompteLib_0019;;;25A3;20250102;EcritureLib_0096;;0,00;44,99;C;;;
BQ;Banque BQ;;20250102;62700000;CompteLib_0029;;;25A4;20250102;EcritureLib_0092;;5,15;0,00;D;;;
BQ;Banque BQ;;20250102;51220000;CompteLib_0019;;;25A4;20250102;EcritureLib_0092;;0,00;5,15;C;;;
BQ;Banque BQ;;20250103;51100000;CompteLib_0031;;;25A5;20250103;EcritureLib_0304;;0,00;154,00;C;;;
BQ;Banque BQ;;20250103;51220000;CompteLib_0019;;;25A5;20250103;EcritureLib_0304;;154,00;0,00;D;;;
BQ;Banque BQ;;20250103;51100000;CompteLib_0031;;;25A6;20250103;EcritureLib_0305;;0,00;70,00;C;;;
BQ;Banque BQ;;20250103;51220000;CompteLib_0019;;;25A6;20250103;EcritureLib_0305;;70,00;0,00;D;;;
BQ;Banque BQ;;20250103;47100000;CompteLib_0027;;;25A7;20250103;EcritureLib_0145;;2,81;0,00;D;;;
BQ;Banque BQ;;20250103;51220000;CompteLib_0019;;;25A7;20250103;EcritureLib_0145;;0,00;2,81;C;;;
BQ;Banque BQ;;20250103;51100000;CompteLib_0031;;;25A8;20250103;EcritureLib_0094;;1,43;0,00;D;;;
BQ;Banque BQ;;20250103;51220000;CompteLib_0019;;;25A8;20250103;EcritureLib_0094;;0,00;1,43;C;;;
BQ;Banque BQ;;20250103;51100000;CompteLib_0031;;;25A9;20250103;EcritureLib_0094;;0,67;0,00;D;;;
BQ;Banque BQ;;20250103;51220000;CompteLib_0019;;;25A9;20250103;EcritureLib_0094;;0,00;0,67;C;;;
BQ;Banque BQ;;20250106;51100000;CompteLib_0031;;;25A12;20250106;EcritureLib_0306;;0,00;227,40;C;;;
BQ;Banque BQ;;20250106;51220000;CompteLib_0019;;;25A12;20250106;EcritureLib_0306;;227,40;0,00;D;;;
BQ;Banque BQ;;20250106;51100000;CompteLib_0031;;;25A13;20250106;EcritureLib_0307;;0,00;198,70;C;;;
BQ;Banque BQ;;20250106;51220000;CompteLib_0019;;;25A13;20250106;EcritureLib_0307;;198,70;0,00;D;;;
BQ;Banque BQ;;20250106;51100000;CompteLib_0031;;;25A14;20250106;EcritureLib_0308;;0,00;93,30;C;;;
BQ;Banque BQ;;20250106;51220000;CompteLib_0019;;;25A14;20250106;EcritureLib_0308;;93,30;0,00;D;;;
BQ;Banque BQ;;20250106;51100000;CompteLib_0031;;;25A15;20250106;EcritureLib_0309;;0,00;67,40;C;;;
BQ;Banque BQ;;20250106;51220000;CompteLib_0019;;;25A15;20250106;EcritureLib_0309;;67,40;0,00;D;;;
BQ;Banque BQ;;20250106;51100000;CompteLib_0031;;;25A16;20250106;EcritureLib_0310;;0,00;65,90;C;;;
BQ;Banque BQ;;20250106;51220000;CompteLib_0019;;;25A16;20250106;EcritureLib_0310;;65,90;0,00;D;;;
BQ;Banque BQ;;20250106;51100000;CompteLib_0031;;;25A17;20250106;EcritureLib_0311;;0,00;33,88;C;;;
BQ;Banque BQ;;20250106;51220000;CompteLib_0019;;;25A17;20250106;EcritureLib_0311;;33,88;0,00;D;;;
BQ;Banque BQ;;20250106;40100000;CompteLib_0012;401LIDL;LIDL;25A18;20250106;EcritureLib_0312;;123,13;0,00;D;;FB;20250325
BQ;Banque BQ;;20250106;51220000;CompteLib_0019;;;25A18;20250106;EcritureLib_0312;;0,00;123,13;C;;;
BQ;Banque BQ;;20250106;61600000;CompteLib_0032;;;25A19;20250106;EcritureLib_0113;;76,89;0,00;D;;;
BQ;Banque BQ;;20250106;51220000;CompteLib_0019;;;25A19;20250106;EcritureLib_0113;;0,00;76,89;C;;;
BQ;Banque BQ;;20250106;40100000;CompteLib_0012;401LIDL;LIDL;25A20;20250106;EcritureLib_0313;;23,11;0,00;D;;EM;20250325
BQ;Banque BQ;;20250106;51220000;CompteLib_0019;;;25A20;20250106;EcritureLib_0313;;0,00;23,11;C;;;
BQ;Banque BQ;;20250106;62700000;CompteLib_0029;;;25A21;20250106;EcritureLib_0314;;14,00;0,00;D;;;
BQ;Banque BQ;;20250106;51220000;CompteLib_0019;;;25A21;20250106;EcritureLib_0314;;0,00;14,00;C;;;
BQ;Banque BQ;;20250106;51100000;CompteLib_0031;;;25A22;20250106;EcritureLib_0094;;0,79;0,00;D;;;
BQ;Banque BQ;;20250106;51220000;CompteLib_0019;;;25A22;20250106;EcritureLib_0094;;0,00;0,79;C;;;
BQ;Banque BQ;;20250106;51100000;CompteLib_0031;;;25A23;20250106;EcritureLib_0094;;0,69;0,00;D;;;
BQ;Banque BQ;;20250106;51220000;CompteLib_0019;;;25A23;20250106;EcritureLib_0094;;0,00;0,69;C;;;
BQ;Banque BQ;;20250106;51100000;CompteLib_0031;;;25A24;20250106;EcritureLib_0094;;0,33;0,00;D;;;
BQ;Banque BQ;;20250106;51220000;CompteLib_0019;;;25A24;20250106;EcritureLib_0094;;0,00;0,33;C;;;
BQ;Banque BQ;;20250106;51100000;CompteLib_0031;;;25A25;20250106;EcritureLib_0094;;0,24;0,00;D;;;
BQ;Banque BQ;;20250106;51220000;CompteLib_0019;;;25A25;20250106;EcritureLib_0094;;0,00;0,24;C;;;
BQ;Banque BQ;;20250106;51100000;CompteLib_0031;;;25A26;20250106;EcritureLib_0094;;0,23;0,00;D;;;
BQ;Banque BQ;;20250106;51220000;CompteLib_0019;;;25A26;20250106;EcritureLib_0094;;0,00;0,23;C;;;
BQ;Banque BQ;;20250108;51100000;CompteLib_0031;;;25A28;20250108;EcritureLib_0315;;0,00;209,10;C;;;
BQ;Banque BQ;;20250108;51220000;CompteLib_0019;;;25A28;20250108;EcritureLib_0315;;209,10;0,00;D;;;
BQ;Banque BQ;;20250108;51180000;CompteLib_0034;;;25A29;20250108;EcritureLib_0138;;0,00;43,80;C;;;
BQ;Banque BQ;;20250108;51220000;CompteLib_0019;;;25A29;20250108;EcritureLib_0138;;43,80;0,00;D;;;
BQ;Banque BQ;;20250108;51100000;CompteLib_0031;;;25A30;20250108;EcritureLib_0316;;0,00;21,80;C;;;
BQ;Banque BQ;;20250108;51220000;CompteLib_0019;;;25A30;20250108;EcritureLib_0316;;21,80;0,00;D;;;
BQ;Banque BQ;;20250108;40100000;CompteLib_0012;401INTER;INTERESTO;25A31;20250108;EcritureLib_0317;;42,77;0,00;D;;AO;20250325
BQ;Banque BQ;;20250108;51220000;CompteLib_0019;;;25A31;20250108;EcritureLib_0317;;0,00;42,77;C;;;
BQ;Banque BQ;;20250108;51100000;CompteLib_0031;;;25A32;20250108;EcritureLib_0094;;0,68;0,00;D;;;
BQ;Banque BQ;;20250108;51220000;CompteLib_0019;;;25A32;20250108;EcritureLib_0094;;0,00;0,68;C;;;
BQ;Banque BQ;;20250108;51100000;CompteLib_0031;;;25A33;20250108;EcritureLib_0094;;0,08;0,00;D;;;
BQ;Banque BQ;;20250108;51220000;CompteLib_0019;;;25A33;20250108;EcritureLib_0094;;0,00;0,08;C;;;
BQ;Banque BQ;;20250109;51100000;CompteLib_0031;;;25A35;20250109;EcritureLib_0318;;0,00;248,90;C;;;
BQ;Banque BQ;;20250109;51220000;CompteLib_0019;;;25A35;20250109;EcritureLib_0318;;248,90;0,00;D;;;
BQ;Banque BQ;;20250109;40100000;CompteLib_0012;401DIVERS;FOURNISSEURS DIVERS;25A36;20250109;EcritureLib_0319;;21,75;0,00;D;;K;20250325
BQ;Banque BQ;;20250109;51220000;CompteLib_0019;;;25A36;20250109;EcritureLib_0319;;0,00;21,75;C;;;
BQ;Banque BQ;;20250109;51100000;CompteLib_0031;;;25A37;20250109;EcritureLib_0094;;0,79;0,00;D;;;
BQ;Banque BQ;;20250109;51220000;CompteLib_0019;;;25A37;20250109;EcritureLib_0094;;0,00;0,79;C;;;
BQ;Banque BQ;;20250110;51100000;CompteLib_0031;;;25A39;20250110;EcritureLib_0320;;0,00;146,70;C;;;
BQ;Banque BQ;;20250110;51220000;CompteLib_0019;;;25A39;20250110;EcritureLib_0320;;146,70;0,00;D;;;
BQ;Banque BQ;;20250110;51100000;CompteLib_0031;;;25A40;20250110;EcritureLib_0321;;0,00;22,55;C;;;
BQ;Banque BQ;;20250110;51220000;CompteLib_0019;;;25A40;20250110;EcritureLib_0321;;22,55;0,00;D;;;
BQ;Banque BQ;;20250110;40100000;CompteLib_0012;401LIDL;LIDL;25A41;20250110;EcritureLib_0322;;47,24;0,00;D;;;
BQ;Banque BQ;;20250110;51220000;CompteLib_0019;;;25A41;20250110;EcritureLib_0322;;0,00;47,24;C;;;
BQ;Banque BQ;;20250110;40100000;CompteLib_0012;401MARDN;MARCHE DU NORD;25A42;20250110;EcritureLib_0323;;40,00;0,00;D;;;
BQ;Banque BQ;;20250110;51220000;CompteLib_0019;;;25A42;20250110;EcritureLib_0323;;0,00;40,00;C;;;
BQ;Banque BQ;;20250110;51100000;CompteLib_0031;;;25A43;20250110;EcritureLib_0094;;1,04;0,00;D;;;
BQ;Banque BQ;;20250110;51220000;CompteLib_0019;;;25A43;20250110;EcritureLib_0094;;0,00;1,04;C;;;
BQ;Banque BQ;;20250111;40100000;CompteLib_0012;401LOYER;LOYER ET CHARGES;25A45;20250111;EcritureLib_0324;;1197,40;0,00;D;;;
BQ;Banque BQ;;20250111;51220000;CompteLib_0019;;;25A45;20250111;EcritureLib_0324;;0,00;1197,40;C;;;
BQ;Banque BQ;;20250113;51100000;CompteLib_0031;;;25A49;20250113;EcritureLib_0325;;0,00;422,80;C;;;
BQ;Banque BQ;;20250113;51220000;CompteLib_0019;;;25A49;20250113;EcritureLib_0325;;422,80;0,00;D;;;
BQ;Banque BQ;;20250113;51100000;CompteLib_0031;;;25A50;20250113;EcritureLib_0326;;0,00;377,20;C;;;
BQ;Banque BQ;;20250113;51220000;CompteLib_0019;;;25A50;20250113;EcritureLib_0326;;377,20;0,00;D;;;
BQ;Banque BQ;;20250113;51100000;CompteLib_0031;;;25A51;20250113;EcritureLib_0327;;0,00;252,00;C;;;
BQ;Banque BQ;;20250113;51220000;CompteLib_0019;;;25A51;20250113;EcritureLib_0327;;252,00;0,00;D;;;
BQ;Banque BQ;;20250113;40100000;CompteLib_0012;401LIDL;LIDL;25A52;20250113;EcritureLib_0328;;53,31;0,00;D;;EK;20250325
BQ;Banque BQ;;20250113;51220000;CompteLib_0019;;;25A52;20250113;EcritureLib_0328;;0,00;53,31;C;;;
BQ;Banque BQ;;20250113;40100000;CompteLib_0012;401LECLERC;LECLERC;25A53;20250113;EcritureLib_0329;;48,56;0,00;D;;BM;20250325
BQ;Banque BQ;;20250113;51220000;CompteLib_0019;;;25A53;20250113;EcritureLib_0329;;0,00;48,56;C;;;
BQ;Banque BQ;;20250113;40100000;CompteLib_0012;401LIDL;LIDL;25A54;20250113;EcritureLib_0330;;23,16;0,00;D;;EI;20250325
BQ;Banque BQ;;20250113;51220000;CompteLib_0019;;;25A54;20250113;EcritureLib_0330;;0,00;23,16;C;;;
BQ;Banque BQ;;20250113;40100000;CompteLib_0012;401LIDL;LIDL;25A55;20250113;EcritureLib_0331;;17,84;0,00;D;;EP;20250325
BQ;Banque BQ;;20250113;51220000;CompteLib_0019;;;25A55;20250113;EcritureLib_0331;;0,00;17,84;C;;;
BQ;Banque BQ;;20250113;51100000;CompteLib_0031;;;25A56;20250113;EcritureLib_0094;;1,64;0,00;D;;;
BQ;Banque BQ;;20250113;51220000;CompteLib_0019;;;25A56;20250113;EcritureLib_0094;;0,00;1,64;C;;;
BQ;Banque BQ;;20250113;51100000;CompteLib_0031;;;25A57;20250113;EcritureLib_0094;;1,34;0,00;D;;;
BQ;Banque BQ;;20250113;51220000;CompteLib_0019;;;25A57;20250113;EcritureLib_0094;;0,00;1,34;C;;;
BQ;Banque BQ;;20250113;51100000;CompteLib_0031;;;25A58;20250113;EcritureLib_0094;;1,23;0,00;D;;;
BQ;Banque BQ;;20250113;51220000;CompteLib_0019;;;25A58;20250113;EcritureLib_0094;;0,00;1,23;C;;;
BQ;Banque BQ;;20250115;51100000;CompteLib_0031;;;25A60;20250115;EcritureLib_0332;;0,00;121,40;C;;;
BQ;Banque BQ;;20250115;51220000;CompteLib_0019;;;25A60;20250115;EcritureLib_0332;;121,40;0,00;D;;;
BQ;Banque BQ;;20250115;51100000;CompteLib_0031;;;25A61;20250115;EcritureLib_0333;;0,00;41,20;C;;;
BQ;Banque BQ;;20250115;51220000;CompteLib_0019;;;25A61;20250115;EcritureLib_0333;;41,20;0,00;D;;;
BQ;Banque BQ;;20250115;51180000;CompteLib_0034;;;25A62;20250115;EcritureLib_0138;;0,00;23,70;C;;;
BQ;Banque BQ;;20250115;51220000;CompteLib_0019;;;25A62;20250115;EcritureLib_0138;;23,70;0,00;D;;;
BQ;Banque BQ;;20250115;51100000;CompteLib_0031;;;25A63;20250115;EcritureLib_0094;;0,36;0,00;D;;;
BQ;Banque BQ;;20250115;51220000;CompteLib_0019;;;25A63;20250115;EcritureLib_0094;;0,00;0,36;C;;;
BQ;Banque BQ;;20250115;51100000;CompteLib_0031;;;25A64;20250115;EcritureLib_0094;;0,14;0,00;D;;;
BQ;Banque BQ;;20250115;51220000;CompteLib_0019;;;25A64;20250115;EcritureLib_0094;;0,00;0,14;C;;;
BQ;Banque BQ;;20250116;51100000;CompteLib_0031;;;25A67;20250116;EcritureLib_0334;;0,00;59,70;C;;;
BQ;Banque BQ;;20250116;51220000;CompteLib_0019;;;25A67;20250116;EcritureLib_0334;;59,70;0,00;D;;;
BQ;Banque BQ;;20250116;51100000;CompteLib_0031;;;25A68;20250116;EcritureLib_0335;;0,00;15,52;C;;;
BQ;Banque BQ;;20250116;51220000;CompteLib_0019;;;25A68;20250116;EcritureLib_0335;;15,52;0,00;D;;;
BQ;Banque BQ;;20250116;51100000;CompteLib_0031;;;25A69;20250116;EcritureLib_0336;;0,00;15,40;C;;;
BQ;Banque BQ;;20250116;51220000;CompteLib_0019;;;25A69;20250116;EcritureLib_0336;;15,40;0,00;D;;;
BQ;Banque BQ;;20250116;51100000;CompteLib_0031;;;25A70;20250116;EcritureLib_0337;;0,00;9,14;C;;;
BQ;Banque BQ;;20250116;51220000;CompteLib_0019;;;25A70;20250116;EcritureLib_0337;;9,14;0,00;D;;;
BQ;Banque BQ;;20250116;40100000;CompteLib_0012;401METRO;METRO;25A71;20250116;EcritureLib_0338;;343,56;0,00;D;;AU;20250325
BQ;Banque BQ;;20250116;51220000;CompteLib_0019;;;25A71;20250116;EcritureLib_0338;;0,00;343,56;C;;;
BQ;Banque BQ;;20250116;40100000;CompteLib_0012;401MATCH;SUPERMARCHE MATCH;25A72;20250116;EcritureLib_0339;;18,52;0,00;D;;O;20250325
BQ;Banque BQ;;20250116;51220000;CompteLib_0019;;;25A72;20250116;EcritureLib_0339;;0,00;18,52;C;;;
BQ;Banque BQ;;20250116;51100000;CompteLib_0031;;;25A73;20250116;EcritureLib_0094;;0,21;0,00;D;;;
BQ;Banque BQ;;20250116;51220000;CompteLib_0019;;;25A73;20250116;EcritureLib_0094;;0,00;0,21;C;;;
BQ;Banque BQ;;20250116;51100000;CompteLib_0031;;;25A74;20250116;EcritureLib_0094;;0,05;0,00;D;;;
BQ;Banque BQ;;20250116;51220000;CompteLib_0019;;;25A74;20250116;EcritureLib_0094;;0,00;0,05;C;;;
BQ;Banque BQ;;20250117;51100000;CompteLib_0031;;;25A75;20250117;EcritureLib_0340;;0,00;133,80;C;;;
BQ;Banque BQ;;20250117;51220000;CompteLib_0019;;;25A75;20250117;EcritureLib_0340;;133,80;0,00;D;;;
BQ;Banque BQ;;20250117;51100000;CompteLib_0031;;;25A76;20250117;EcritureLib_0341;;0,00;10,90;C;;;
BQ;Banque BQ;;20250117;51220000;CompteLib_0019;;;25A76;20250117;EcritureLib_0341;;10,90;0,00;D;;;
BQ;Banque BQ;;20250117;47100000;CompteLib_0027;;;25A77;20250117;EcritureLib_0210;;117,75;0,00;D;;;
BQ;Banque BQ;;20250117;51220000;CompteLib_0019;;;25A77;20250117;EcritureLib_0210;;0,00;117,75;C;;;
BQ;Banque BQ;;20250117;40100000;CompteLib_0012;401GRANDF;GRAND FRAIS;25A78;20250117;EcritureLib_0342;;29,94;0,00;D;;V;20250325
BQ;Banque BQ;;20250117;51220000;CompteLib_0019;;;25A78;20250117;EcritureLib_0342;;0,00;29,94;C;;;
BQ;Banque BQ;;20250117;47100000;CompteLib_0027;;;25A79;20250117;EcritureLib_0145;;5,71;0,00;D;;;
BQ;Banque BQ;;20250117;51220000;CompteLib_0019;;;25A79;20250117;EcritureLib_0145;;0,00;5,71;C;;;
BQ;Banque BQ;;20250117;51100000;CompteLib_0031;;;25A80;20250117;EcritureLib_0094;;0,67;0,00;D;;;
BQ;Banque BQ;;20250117;51220000;CompteLib_0019;;;25A80;20250117;EcritureLib_0094;;0,00;0,67;C;;;
BQ;Banque BQ;;20250117;51100000;CompteLib_0031;;;25A81;20250117;EcritureLib_0094;;0,03;0,00;D;;;
BQ;Banque BQ;;20250117;51220000;CompteLib_0019;;;25A81;20250117;EcritureLib_0094;;0,00;0,03;C;;;
BQ;Banque BQ;;20250120;51100000;CompteLib_0031;;;25A86;20250120;EcritureLib_0343;;0,00;403,00;C;;;
BQ;Banque BQ;;20250120;51220000;CompteLib_0019;;;25A86;20250120;EcritureLib_0343;;403,00;0,00;D;;;
BQ;Banque BQ;;20250120;51100000;CompteLib_0031;;;25A87;20250120;EcritureLib_0344;;0,00;75,80;C;;;
BQ;Banque BQ;;20250120;51220000;CompteLib_0019;;;25A87;20250120;EcritureLib_0344;;75,80;0,00;D;;;
BQ;Banque BQ;;20250120;40100000;CompteLib_0012;401LECLERC;LECLERC;25A88;20250120;EcritureLib_0345;;127,89;0,00;D;;BL;20250325
BQ;Banque BQ;;20250120;51220000;CompteLib_0019;;;25A88;20250120;EcritureLib_0345;;0,00;127,89;C;;;
BQ;Banque BQ;;20250120;40100000;CompteLib_0012;401LIDL;LIDL;25A89;20250120;EcritureLib_0346;;113,27;0,00;D;;FA;20250325
BQ;Banque BQ;;20250120;51220000;CompteLib_0019;;;25A89;20250120;EcritureLib_0346;;0,00;113,27;C;;;
BQ;Banque BQ;;20250120;61352000;CompteLib_0035;;;25A90;20250120;EcritureLib_0152;;66,62;0,00;D;;;
BQ;Banque BQ;;20250120;44566100;CompteLib_0023;;;25A90;20250120;EcritureLib_0152;;13,32;0,00;D;;;
BQ;Banque BQ;;20250120;51220000;CompteLib_0019;;;25A90;20250120;EcritureLib_0152;;0,00;79,94;C;;;
BQ;Banque BQ;;20250120;40100000;CompteLib_0012;401LIDL;LIDL;25A91;20250120;EcritureLib_0347;;28,06;0,00;D;;FC;20250325
BQ;Banque BQ;;20250120;51220000;CompteLib_0019;;;25A91;20250120;EcritureLib_0347;;0,00;28,06;C;;;
BQ;Banque BQ;;20250120;40100000;CompteLib_0012;401LIDL;LIDL;25A92;20250120;EcritureLib_0348;;6,77;0,00;D;;EH;20250325
BQ;Banque BQ;;20250120;51220000;CompteLib_0019;;;25A92;20250120;EcritureLib_0348;;0,00;6,77;C;;;
BQ;Banque BQ;;20250120;51100000;CompteLib_0031;;;25A93;20250120;EcritureLib_0094;;1,34;0,00;D;;;
BQ;Banque BQ;;20250120;51220000;CompteLib_0019;;;25A93;20250120;EcritureLib_0094;;0,00;1,34;C;;;
BQ;Banque BQ;;20250120;51100000;CompteLib_0031;;;25A94;20250120;EcritureLib_0094;;0,26;0,00;D;;;
BQ;Banque BQ;;20250120;51220000;CompteLib_0019;;;25A94;20250120;EcritureLib_0094;;0,00;0,26;C;;;
BQ;Banque BQ;;20250122;51100000;CompteLib_0031;;;25A96;20250122;EcritureLib_0349;;0,00;231,50;C;;;
BQ;Banque BQ;;20250122;51220000;CompteLib_0019;;;25A96;20250122;EcritureLib_0349;;231,50;0,00;D;;;
BQ;Banque BQ;;20250122;51180000;CompteLib_0034;;;25A97;20250122;EcritureLib_0138;;0,00;25,33;C;;;
BQ;Banque BQ;;20250122;51220000;CompteLib_0019;;;25A97;20250122;EcritureLib_0138;;25,33;0,00;D;;;
BQ;Banque BQ;;20250122;40100000;CompteLib_0012;401MARDN;MARCHE DU NORD;25A98;20250122;EcritureLib_0350;;36,00;0,00;D;;AV;20250325
BQ;Banque BQ;;20250122;51220000;CompteLib_0019;;;25A98;20250122;EcritureLib_0350;;0,00;36,00;C;;;
BQ;Banque BQ;;20250122;51100000;CompteLib_0031;;;25A99;20250122;EcritureLib_0094;;0,73;0,00;D;;;
BQ;Banque BQ;;20250122;51220000;CompteLib_0019;;;25A99;20250122;EcritureLib_0094;;0,00;0,73;C;;;
BQ;Banque BQ;;20250123;51100000;CompteLib_0031;;;25A101;20250123;EcritureLib_0351;;0,00;142,60;C;;;
BQ;Banque BQ;;20250123;51220000;CompteLib_0019;;;25A101;20250123;EcritureLib_0351;;142,60;0,00;D;;;
BQ;Banque BQ;;20250123;51100000;CompteLib_0031;;;25A102;20250123;EcritureLib_0352;;0,00;91,50;C;;;
BQ;Banque BQ;;20250123;51220000;CompteLib_0019;;;25A102;20250123;EcritureLib_0352;;91,50;0,00;D;;;
BQ;Banque BQ;;20250123;51100000;CompteLib_0031;;;25A103;20250123;EcritureLib_0353;;0,00;40,34;C;;;
BQ;Banque BQ;;20250123;51220000;CompteLib_0019;;;25A103;20250123;EcritureLib_0353;;40,34;0,00;D;;;
BQ;Banque BQ;;20250123;40100000;CompteLib_0012;401STC;STC DIGIT;25A104;20250123;EcritureLib_0155;;219,44;0,00;D;;;
BQ;Banque BQ;;20250123;51220000;CompteLib_0019;;;25A104;20250123;EcritureLib_0155;;0,00;219,44;C;;;
BQ;Banque BQ;;20250123;40100000;CompteLib_0012;401VANDEN;VANDENBULCKE;25A105;20250123;EcritureLib_0100;;200,06;0,00;D;;AF;20250325
BQ;Banque BQ;;20250123;51220000;CompteLib_0019;;;25A105;20250123;EcritureLib_0100;;0,00;200,06;C;;;
BQ;Banque BQ;;20250123;40100000;CompteLib_0012;401STC;STC DIGIT;25A106;20250123;EcritureLib_0155;;193,20;0,00;D;;;
BQ;Banque BQ;;20250123;51220000;CompteLib_0019;;;25A106;20250123;EcritureLib_0155;;0,00;193,20;C;;;
BQ;Banque BQ;;20250123;40100000;CompteLib_0012;401INTER;INTERESTO;25A107;20250123;EcritureLib_0354;;65,27;0,00;D;;AR;20250325
BQ;Banque BQ;;20250123;51220000;CompteLib_0019;;;25A107;20250123;EcritureLib_0354;;0,00;65,27;C;;;
BQ;Banque BQ;;20250123;40100000;CompteLib_0012;401GRANDF;GRAND FRAIS;25A108;20250123;EcritureLib_0355;;60,89;0,00;D;;;
BQ;Banque BQ;;20250123;51220000;CompteLib_0019;;;25A108;20250123;EcritureLib_0355;;0,00;60,89;C;;;
BQ;Banque BQ;;20250123;40100000;CompteLib_0012;401LIDL;LIDL;25A109;20250123;EcritureLib_0356;;19,69;0,00;D;;EJ;20250325
BQ;Banque BQ;;20250123;51220000;CompteLib_0019;;;25A109;20250123;EcritureLib_0356;;0,00;19,69;C;;;
BQ;Banque BQ;;20250123;40100000;CompteLib_0012;401LIDL;LIDL;25A110;20250123;EcritureLib_0356;;3,32;0,00;D;;;
BQ;Banque BQ;;20250123;51220000;CompteLib_0019;;;25A110;20250123;EcritureLib_0356;;0,00;3,32;C;;;
BQ;Banque BQ;;20250123;51100000;CompteLib_0031;;;25A111;20250123;EcritureLib_0094;;0,44;0,00;D;;;
BQ;Banque BQ;;20250123;51220000;CompteLib_0019;;;25A111;20250123;EcritureLib_0094;;0,00;0,44;C;;;
BQ;Banque BQ;;20250123;51100000;CompteLib_0031;;;25A112;20250123;EcritureLib_0094;;0,32;0,00;D;;;
BQ;Banque BQ;;20250123;51220000;CompteLib_0019;;;25A112;20250123;EcritureLib_0094;;0,00;0,32;C;;;
BQ;Banque BQ;;20250124;51100000;CompteLib_0031;;;25A116;20250124;EcritureLib_0357;;0,00;31,00;C;;;
BQ;Banque BQ;;20250124;51220000;CompteLib_0019;;;25A116;20250124;EcritureLib_0357;;31,00;0,00;D;;;
BQ;Banque BQ;;20250124;51100000;CompteLib_0031;;;25A117;20250124;EcritureLib_0358;;0,00;23,74;C;;;
BQ;Banque BQ;;20250124;51220000;CompteLib_0019;;;25A117;20250124;EcritureLib_0358;;23,74;0,00;D;;;
BQ;Banque BQ;;20250124;40100000;CompteLib_0012;401HALLES;LES HALLES DU SUD;25A118;20250124;EcritureLib_0359;;178,00;0,00;D;;R;20250325
BQ;Banque BQ;;20250124;51220000;CompteLib_0019;;;25A118;20250124;EcritureLib_0359;;0,00;178,00;C;;;
BQ;Banque BQ;;20250124;40100000;CompteLib_0012;401LECLERC;LECLERC;25A119;20250124;EcritureLib_0360;;119,88;0,00;D;;BG;20250325
BQ;Banque BQ;;20250124;51220000;CompteLib_0019;;;25A119;20250124;EcritureLib_0360;;0,00;119,88;C;;;
BQ;Banque BQ;;20250124;40100000;CompteLib_0012;401LIDL;LIDL;25A120;20250124;EcritureLib_0361;;57,15;0,00;D;;EL;20250325
BQ;Banque BQ;;20250124;51220000;CompteLib_0019;;;25A120;20250124;EcritureLib_0361;;0,00;57,15;C;;;
BQ;Banque BQ;;20250124;51100000;CompteLib_0031;;;25A121;20250124;EcritureLib_0094;;0,11;0,00;D;;;
BQ;Banque BQ;;20250124;51220000;CompteLib_0019;;;25A121;20250124;EcritureLib_0094;;0,00;0,11;C;;;
BQ;Banque BQ;;20250127;51100000;CompteLib_0031;;;25A123;20250127;EcritureLib_0362;;0,00;144,20;C;;;
BQ;Banque BQ;;20250127;51220000;CompteLib_0019;;;25A123;20250127;EcritureLib_0362;;144,20;0,00;D;;;
BQ;Banque BQ;;20250127;51100000;CompteLib_0031;;;25A124;20250127;EcritureLib_0363;;0,00;81,70;C;;;
BQ;Banque BQ;;20250127;51220000;CompteLib_0019;;;25A124;20250127;EcritureLib_0363;;81,70;0,00;D;;;
BQ;Banque BQ;;20250127;51100000;CompteLib_0031;;;25A125;20250127;EcritureLib_0094;;0,47;0,00;D;;;
BQ;Banque BQ;;20250127;51220000;CompteLib_0019;;;25A125;20250127;EcritureLib_0094;;0,00;0,47;C;;;
BQ;Banque BQ;;20250127;51100000;CompteLib_0031;;;25A126;20250127;EcritureLib_0094;;0,27;0,00;D;;;
BQ;Banque BQ;;20250127;51220000;CompteLib_0019;;;25A126;20250127;EcritureLib_0094;;0,00;0,27;C;;;
BQ;Banque BQ;;20250128;62601000;CompteLib_0030;;;25A127;20250128;EcritureLib_0096;;40,81;0,00;D;;;
BQ;Banque BQ;;20250128;44566100;CompteLib_0023;;;25A127;20250128;EcritureLib_0096;;8,16;0,00;D;;;
BQ;Banque BQ;;20250128;51220000;CompteLib_0019;;;25A127;20250128;EcritureLib_0096;;0,00;48,97;C;;;
BQ;Banque BQ;;20250128;62700000;CompteLib_0029;;;25A128;20250128;EcritureLib_0224;;5,33;0,00;D;;;
BQ;Banque BQ;;20250128;51220000;CompteLib_0019;;;25A128;20250128;EcritureLib_0224;;0,00;5,33;C;;;
BQ;Banque BQ;;20250128;62700000;CompteLib_0029;;;25A129;20250128;EcritureLib_0225;;5,33;0,00;D;;;
BQ;Banque BQ;;20250128;51220000;CompteLib_0019;;;25A129;20250128;EcritureLib_0225;;0,00;5,33;C;;;
BQ;Banque BQ;;20250129;51100000;CompteLib_0031;;;25A130;20250129;EcritureLib_0364;;0,00;191,00;C;;;
BQ;Banque BQ;;20250129;51220000;CompteLib_0019;;;25A130;20250129;EcritureLib_0364;;191,00;0,00;D;;;
BQ;Banque BQ;;20250129;51100000;CompteLib_0031;;;25A131;20250129;EcritureLib_0094;;0,63;0,00;D;;;
BQ;Banque BQ;;20250129;51220000;CompteLib_0019;;;25A131;20250129;EcritureLib_0094;;0,00;0,63;C;;;
BQ;Banque BQ;;20250130;51100000;CompteLib_0031;;;25A132;20250130;EcritureLib_0365;;0,00;336,90;C;;;
BQ;Banque BQ;;20250130;51220000;CompteLib_0019;;;25A132;20250130;EcritureLib_0365;;336,90;0,00;D;;;
BQ;Banque BQ;;20250130;51100000;CompteLib_0031;;;25A133;20250130;EcritureLib_0366;;0,00;155,20;C;;;
BQ;Banque BQ;;20250130;51220000;CompteLib_0019;;;25A133;20250130;EcritureLib_0366;;155,20;0,00;D;;;
BQ;Banque BQ;;20250130;51100000;CompteLib_0031;;;25A134;20250130;EcritureLib_0367;;0,00;34,64;C;;;
BQ;Banque BQ;;20250130;51220000;CompteLib_0019;;;25A134;20250130;EcritureLib_0367;;34,64;0,00;D;;;
BQ;Banque BQ;;20250130;51100000;CompteLib_0031;;;25A135;20250130;EcritureLib_0368;;0,00;21,97;C;;;
BQ;Banque BQ;;20250130;51220000;CompteLib_0019;;;25A135;20250130;EcritureLib_0368;;21,97;0,00;D;;;
BQ;Banque BQ;;20250130;40100000;CompteLib_0012;401LECLERC;LECLERC;25A136;20250130;EcritureLib_0369;;107,25;0,00;D;;;
BQ;Banque BQ;;20250130;51220000;CompteLib_0019;;;25A136;20250130;EcritureLib_0369;;0,00;107,25;C;;;
BQ;Banque BQ;;20250130;40100000;CompteLib_0012;401LIDL;LIDL;25A137;20250130;EcritureLib_0370;;40,45;0,00;D;;;
BQ;Banque BQ;;20250130;51220000;CompteLib_0019;;;25A137;20250130;EcritureLib_0370;;0,00;40,45;C;;;
BQ;Banque BQ;;20250130;51100000;CompteLib_0031;;;25A138;20250130;EcritureLib_0094;;1,76;0,00;D;;;
BQ;Banque BQ;;20250130;51220000;CompteLib_0019;;;25A138;20250130;EcritureLib_0094;;0,00;1,76;C;;;
BQ;Banque BQ;;20250130;51100000;CompteLib_0031;;;25A139;20250130;EcritureLib_0094;;1,07;0,00;D;;;
BQ;Banque BQ;;20250130;51220000;CompteLib_0019;;;25A139;20250130;EcritureLib_0094;;0,00;1,07;C;;;
BQ;Banque BQ;;20250130;62700000;CompteLib_0029;;;25A140;20250130;EcritureLib_0170;;0,00;0,64;C;;;
BQ;Banque BQ;;20250130;51220000;CompteLib_0019;;;25A140;20250130;EcritureLib_0170;;0,64;0,00;D;;;
BQ;Banque BQ;;20250130;62700000;CompteLib_0029;;;25A141;20250130;EcritureLib_0171;;19,43;0,00;D;;;
BQ;Banque BQ;;20250130;51220000;CompteLib_0019;;;25A141;20250130;EcritureLib_0171;;0,00;19,43;C;;;
BQ;Banque BQ;;20250131;51100000;CompteLib_0031;;;25A143;20250131;EcritureLib_0371;;0,00;158,50;C;;;
BQ;Banque BQ;;20250131;51220000;CompteLib_0019;;;25A143;20250131;EcritureLib_0371;;158,50;0,00;D;;;
BQ;Banque BQ;;20250131;40100000;CompteLib_0012;401METRO;METRO;25A144;20250131;EcritureLib_0372;;314,16;0,00;D;;AV;20250325
BQ;Banque BQ;;20250131;51220000;CompteLib_0019;;;25A144;20250131;EcritureLib_0372;;0,00;314,16;C;;;
BQ;Banque BQ;;20250131;51100000;CompteLib_0031;;;25A145;20250131;EcritureLib_0094;;0,49;0,00;D;;;
BQ;Banque BQ;;20250131;51220000;CompteLib_0019;;;25A145;20250131;EcritureLib_0094;;0,00;0,49;C;;;
BQ;Banque BQ;;20250203;51100000;CompteLib_0031;;;25B2;20250203;EcritureLib_0373;;0,00;221,70;C;;;
BQ;Banque BQ;;20250203;51220000;CompteLib_0019;;;25B2;20250203;EcritureLib_0373;;221,70;0,00;D;;;
BQ;Banque BQ;;20250203;51100000;CompteLib_0031;;;25B3;20250203;EcritureLib_0374;;0,00;206,50;C;;;
BQ;Banque BQ;;20250203;51220000;CompteLib_0019;;;25B3;20250203;EcritureLib_0374;;206,50;0,00;D;;;
BQ;Banque BQ;;20250203;51100000;CompteLib_0031;;;25B4;20250203;EcritureLib_0375;;0,00;130,20;C;;;
BQ;Banque BQ;;20250203;51220000;CompteLib_0019;;;25B4;20250203;EcritureLib_0375;;130,20;0,00;D;;;
BQ;Banque BQ;;20250203;51100000;CompteLib_0031;;;25B5;20250203;EcritureLib_0376;;0,00;23,80;C;;;
BQ;Banque BQ;;20250203;51220000;CompteLib_0019;;;25B5;20250203;EcritureLib_0376;;23,80;0,00;D;;;
BQ;Banque BQ;;20250203;61350000;CompteLib_0036;;;25B6;20250203;EcritureLib_0179;;66,30;0,00;D;;;
BQ;Banque BQ;;20250203;44566100;CompteLib_0023;;;25B6;20250203;EcritureLib_0179;;13,26;0,00;D;;;
BQ;Banque BQ;;20250203;51220000;CompteLib_0019;;;25B6;20250203;EcritureLib_0179;;0,00;79,56;C;;;
BQ;Banque BQ;;20250203;40100000;CompteLib_0012;401LIDL;LIDL;25B7;20250203;EcritureLib_0377;;73,58;0,00;D;;ES;20250325
BQ;Banque BQ;;20250203;51220000;CompteLib_0019;;;25B7;20250203;EcritureLib_0377;;0,00;73,58;C;;;
BQ;Banque BQ;;20250203;51100000;CompteLib_0031;;;25B8;20250203;EcritureLib_0094;;0,72;0,00;D;;;
BQ;Banque BQ;;20250203;51220000;CompteLib_0019;;;25B8;20250203;EcritureLib_0094;;0,00;0,72;C;;;
BQ;Banque BQ;;20250203;51100000;CompteLib_0031;;;25B9;20250203;EcritureLib_0094;;0,70;0,00;D;;;
BQ;Banque BQ;;20250203;51220000;CompteLib_0019;;;25B9;20250203;EcritureLib_0094;;0,00;0,70;C;;;
BQ;Banque BQ;;20250203;51100000;CompteLib_0031;;;25B10;20250203;EcritureLib_0094;;0,46;0,00;D;;;
BQ;Banque BQ;;20250203;51220000;CompteLib_0019;;;25B10;20250203;EcritureLib_0094;;0,00;0,46;C;;;
BQ;Banque BQ;;20250203;62700000;CompteLib_0029;;;25B11;20250203;EcritureLib_0378;;5,25;0,00;D;;;
BQ;Banque BQ;;20250203;51220000;CompteLib_0019;;;25B11;20250203;EcritureLib_0378;;0,00;5,25;C;;;
BQ;Banque BQ;;20250204;40100000;CompteLib_0012;401LOYER;LOYER ET CHARGES;25B12;20250204;EcritureLib_0379;;1361,10;0,00;D;;;
BQ;Banque BQ;;20250204;51220000;CompteLib_0019;;;25B12;20250204;EcritureLib_0379;;0,00;1361,10;C;;;
BQ;Banque BQ;;20250204;40100000;CompteLib_0012;401VANDEN;VANDENBULCKE;25B13;20250204;EcritureLib_0100;;134,61;0,00;D;;AG;20250325
BQ;Banque BQ;;20250204;51220000;CompteLib_0019;;;25B13;20250204;EcritureLib_0100;;0,00;134,61;C;;;
BQ;Banque BQ;;20250204;62601000;CompteLib_0030;;;25B14;20250204;EcritureLib_0096;;37,49;0,00;D;;;
BQ;Banque BQ;;20250204;44566100;CompteLib_0023;;;25B14;20250204;EcritureLib_0096;;7,50;0,00;D;;;
BQ;Banque BQ;;20250204;51220000;CompteLib_0019;;;25B14;20250204;EcritureLib_0096;;0,00;44,99;C;;;
BQ;Banque BQ;;20250204;47100000;CompteLib_0027;;;25B15;20250204;EcritureLib_0145;;4,08;0,00;D;;;
BQ;Banque BQ;;20250204;51220000;CompteLib_0019;;;25B15;20250204;EcritureLib_0145;;0,00;4,08;C;;;
BQ;Banque BQ;;20250205;51100000;CompteLib_0031;;;25B18;20250205;EcritureLib_0380;;0,00;245,80;C;;;
BQ;Banque BQ;;20250205;51220000;CompteLib_0019;;;25B18;20250205;EcritureLib_0380;;245,80;0,00;D;;;
BQ;Banque BQ;;20250205;51100000;CompteLib_0031;;;25B19;20250205;EcritureLib_0381;;0,00;67,20;C;;;
BQ;Banque BQ;;20250205;51220000;CompteLib_0019;;;25B19;20250205;EcritureLib_0381;;67,20;0,00;D;;;
BQ;Banque BQ;;20250205;40100000;CompteLib_0012;401LECLERC;LECLERC;25B20;20250205;EcritureLib_0382;;95,00;0,00;D;;;
BQ;Banque BQ;;20250205;51220000;CompteLib_0019;;;25B20;20250205;EcritureLib_0382;;0,00;95,00;C;;;
BQ;Banque BQ;;20250205;61600000;CompteLib_0032;;;25B21;20250205;EcritureLib_0113;;76,89;0,00;D;;;
BQ;Banque BQ;;20250205;51220000;CompteLib_0019;;;25B21;20250205;EcritureLib_0113;;0,00;76,89;C;;;
BQ;Banque BQ;;20250205;40100000;CompteLib_0012;401LIDL;LIDL;25B22;20250205;EcritureLib_0383;;32,16;0,00;D;;EQ;20250325
BQ;Banque BQ;;20250205;51220000;CompteLib_0019;;;25B22;20250205;EcritureLib_0383;;0,00;32,16;C;;;
BQ;Banque BQ;;20250205;51100000;CompteLib_0031;;;25B23;20250205;EcritureLib_0094;;1,20;0,00;D;;;
BQ;Banque BQ;;20250205;51220000;CompteLib_0019;;;25B23;20250205;EcritureLib_0094;;0,00;1,20;C;;;
BQ;Banque BQ;;20250205;51100000;CompteLib_0031;;;25B24;20250205;EcritureLib_0094;;0,81;0,00;D;;;
BQ;Banque BQ;;20250205;51220000;CompteLib_0019;;;25B24;20250205;EcritureLib_0094;;0,00;0,81;C;;;
BQ;Banque BQ;;20250206;51100000;CompteLib_0031;;;25B25;20250206;EcritureLib_0384;;0,00;167,70;C;;;
BQ;Banque BQ;;20250206;51220000;CompteLib_0019;;;25B25;20250206;EcritureLib_0384;;167,70;0,00;D;;;
BQ;Banque BQ;;20250206;51100000;CompteLib_0031;;;25B26;20250206;EcritureLib_0385;;0,00;165,90;C;;;
BQ;Banque BQ;;20250206;51220000;CompteLib_0019;;;25B26;20250206;EcritureLib_0385;;165,90;0,00;D;;;
BQ;Banque BQ;;20250206;51100000;CompteLib_0031;;;25B27;20250206;EcritureLib_0386;;0,00;21,56;C;;;
BQ;Banque BQ;;20250206;51220000;CompteLib_0019;;;25B27;20250206;EcritureLib_0386;;21,56;0,00;D;;;
BQ;Banque BQ;;20250206;51100000;CompteLib_0031;;;25B28;20250206;EcritureLib_0387;;0,00;17,55;C;;;
BQ;Banque BQ;;20250206;51220000;CompteLib_0019;;;25B28;20250206;EcritureLib_0387;;17,55;0,00;D;;;
BQ;Banque BQ;;20250206;51100000;CompteLib_0031;;;25B29;20250206;EcritureLib_0094;;1,16;0,00;D;;;
BQ;Banque BQ;;20250206;51220000;CompteLib_0019;;;25B29;20250206;EcritureLib_0094;;0,00;1,16;C;;;
BQ;Banque BQ;;20250206;51100000;CompteLib_0031;;;25B30;20250206;EcritureLib_0094;;0,50;0,00;D;;;
BQ;Banque BQ;;20250206;51220000;CompteLib_0019;;;25B30;20250206;EcritureLib_0094;;0,00;0,50;C;;;
BQ;Banque BQ;;20250207;51100000;CompteLib_0031;;;25B33;20250207;EcritureLib_0388;;0,00;301,50;C;;;
BQ;Banque BQ;;20250207;51220000;CompteLib_0019;;;25B33;20250207;EcritureLib_0388;;301,50;0,00;D;;;
BQ;Banque BQ;;20250207;51100000;CompteLib_0031;;;25B34;20250207;EcritureLib_0389;;0,00;231,50;C;;;
BQ;Banque BQ;;20250207;51220000;CompteLib_0019;;;25B34;20250207;EcritureLib_0389;;231,50;0,00;D;;;
BQ;Banque BQ;;20250207;40100000;CompteLib_0012;401LECLERC;LECLERC;25B35;20250207;EcritureLib_0390;;71,89;0,00;D;;BH;20250325
BQ;Banque BQ;;20250207;51220000;CompteLib_0019;;;25B35;20250207;EcritureLib_0390;;0,00;71,89;C;;;
BQ;Banque BQ;;20250207;40100000;CompteLib_0012;401LIDL;LIDL;25B36;20250207;EcritureLib_0391;;47,82;0,00;D;;EO;20250325
BQ;Banque BQ;;20250207;51220000;CompteLib_0019;;;25B36;20250207;EcritureLib_0391;;0,00;47,82;C;;;
BQ;Banque BQ;;20250207;51100000;CompteLib_0031;;;25B37;20250207;EcritureLib_0094;;2,53;0,00;D;;;
BQ;Banque BQ;;20250207;51220000;CompteLib_0019;;;25B37;20250207;EcritureLib_0094;;0,00;2,53;C;;;
BQ;Banque BQ;;20250207;51100000;CompteLib_0031;;;25B38;20250207;EcritureLib_0094;;0,98;0,00;D;;;
BQ;Banque BQ;;20250207;51220000;CompteLib_0019;;;25B38;20250207;EcritureLib_0094;;0,00;0,98;C;;;
BQ;Banque BQ;;20250210;51100000;CompteLib_0031;;;25B41;20250210;EcritureLib_0392;;0,00;529,50;C;;;
BQ;Banque BQ;;20250210;51220000;CompteLib_0019;;;25B41;20250210;EcritureLib_0392;;529,50;0,00;D;;;
BQ;Banque BQ;;20250210;51100000;CompteLib_0031;;;25B42;20250210;EcritureLib_0393;;0,00;262,30;C;;;
BQ;Banque BQ;;20250210;51220000;CompteLib_0019;;;25B42;20250210;EcritureLib_0393;;262,30;0,00;D;;;
BQ;Banque BQ;;20250210;51100000;CompteLib_0031;;;25B43;20250210;EcritureLib_0394;;0,00;119,60;C;;;
BQ;Banque BQ;;20250210;51220000;CompteLib_0019;;;25B43;20250210;EcritureLib_0394;;119,60;0,00;D;;;
BQ;Banque BQ;;20250210;51100000;CompteLib_0031;;;25B44;20250210;EcritureLib_0395;;0,00;113,40;C;;;
BQ;Banque BQ;;20250210;51220000;CompteLib_0019;;;25B44;20250210;EcritureLib_0395;;113,40;0,00;D;;;
BQ;Banque BQ;;20250210;51100000;CompteLib_0031;;;25B45;20250210;EcritureLib_0396;;0,00;70,70;C;;;
BQ;Banque BQ;;20250210;51220000;CompteLib_0019;;;25B45;20250210;EcritureLib_0396;;70,70;0,00;D;;;
BQ;Banque BQ;;20250210;51100000;CompteLib_0031;;;25B46;20250210;EcritureLib_0397;;0,00;56,70;C;;;
BQ;Banque BQ;;20250210;51220000;CompteLib_0019;;;25B46;20250210;EcritureLib_0397;;56,70;0,00;D;;;
BQ;Banque BQ;;20250210;40100000;CompteLib_0012;401HALLES;LES HALLES DU SUD;25B47;20250210;EcritureLib_0398;;182,00;0,00;D;;S;20250325
BQ;Banque BQ;;20250210;51220000;CompteLib_0019;;;25B47;20250210;EcritureLib_0398;;0,00;182,00;C;;;
BQ;Banque BQ;;20250210;40100000;CompteLib_0012;401LIDL;LIDL;25B48;20250210;EcritureLib_0399;;41,47;0,00;D;;;
BQ;Banque BQ;;20250210;51220000;CompteLib_0019;;;25B48;20250210;EcritureLib_0399;;0,00;41,47;C;;;
BQ;Banque BQ;;20250210;40100000;CompteLib_0012;401LIDL;LIDL;25B49;20250210;EcritureLib_0400;;17,69;0,00;D;;ET;20250325
BQ;Banque BQ;;20250210;51220000;CompteLib_0019;;;25B49;20250210;EcritureLib_0400;;0,00;17,69;C;;;
BQ;Banque BQ;;20250210;51100000;CompteLib_0031;;;25B50;20250210;EcritureLib_0094;;2,46;0,00;D;;;
BQ;Banque BQ;;20250210;51220000;CompteLib_0019;;;25B50;20250210;EcritureLib_0094;;0,00;2,46;C;;;
BQ;Banque BQ;;20250210;51100000;CompteLib_0031;;;25B51;20250210;EcritureLib_0094;;0,93;0,00;D;;;
BQ;Banque BQ;;20250210;51220000;CompteLib_0019;;;25B51;20250210;EcritureLib_0094;;0,00;0,93;C;;;
BQ;Banque BQ;;20250210;51100000;CompteLib_0031;;;25B52;20250210;EcritureLib_0094;;0,82;0,00;D;;;
BQ;Banque BQ;;20250210;51220000;CompteLib_0019;;;25B52;20250210;EcritureLib_0094;;0,00;0,82;C;;;
BQ;Banque BQ;;20250210;51100000;CompteLib_0031;;;25B53;20250210;EcritureLib_0094;;0,40;0,00;D;;;
BQ;Banque BQ;;20250210;51220000;CompteLib_0019;;;25B53;20250210;EcritureLib_0094;;0,00;0,40;C;;;
BQ;Banque BQ;;20250210;51100000;CompteLib_0031;;;25B54;20250210;EcritureLib_0094;;0,23;0,00;D;;;
BQ;Banque BQ;;20250210;51220000;CompteLib_0019;;;25B54;20250210;EcritureLib_0094;;0,00;0,23;C;;;
BQ;Banque BQ;;20250210;51100000;CompteLib_0031;;;25B55;20250210;EcritureLib_0094;;0,19;0,00;D;;;
BQ;Banque BQ;;20250210;51220000;CompteLib_0019;;;25B55;20250210;EcritureLib_0094;;0,00;0,19;C;;;
BQ;Banque BQ;;20250212;51100000;CompteLib_0031;;;25B58;20250212;EcritureLib_0401;;0,00;168,20;C;;;
BQ;Banque BQ;;20250212;51220000;CompteLib_0019;;;25B58;20250212;EcritureLib_0401;;168,20;0,00;D;;;
BQ;Banque BQ;;20250212;51180000;CompteLib_0034;;;25B59;20250212;EcritureLib_0138;;0,00;8,14;C;;;
BQ;Banque BQ;;20250212;51220000;CompteLib_0019;;;25B59;20250212;EcritureLib_0138;;8,14;0,00;D;;;
BQ;Banque BQ;;20250212;40100000;CompteLib_0012;401LIDL;LIDL;25B60;20250212;EcritureLib_0402;;35,26;0,00;D;;EW;20250325
BQ;Banque BQ;;20250212;51220000;CompteLib_0019;;;25B60;20250212;EcritureLib_0402;;0,00;35,26;C;;;
BQ;Banque BQ;;20250212;51100000;CompteLib_0031;;;25B61;20250212;EcritureLib_0094;;0,95;0,00;D;;;
BQ;Banque BQ;;20250212;51220000;CompteLib_0019;;;25B61;20250212;EcritureLib_0094;;0,00;0,95;C;;;
BQ;Banque BQ;;20250213;51100000;CompteLib_0031;;;25B63;20250213;EcritureLib_0403;;0,00;242,40;C;;;
BQ;Banque BQ;;20250213;51220000;CompteLib_0019;;;25B63;20250213;EcritureLib_0403;;242,40;0,00;D;;;
BQ;Banque BQ;;20250213;51100000;CompteLib_0031;;;25B64;20250213;EcritureLib_0404;;0,00;44,45;C;;;
BQ;Banque BQ;;20250213;51220000;CompteLib_0019;;;25B64;20250213;EcritureLib_0404;;44,45;0,00;D;;;
BQ;Banque BQ;;20250213;51100000;CompteLib_0031;;;25B65;20250213;EcritureLib_0405;;0,00;5,53;C;;;
BQ;Banque BQ;;20250213;51220000;CompteLib_0019;;;25B65;20250213;EcritureLib_0405;;5,53;0,00;D;;;
BQ;Banque BQ;;20250213;40100000;CompteLib_0012;401LIDL;LIDL;25B66;20250213;EcritureLib_0406;;33,86;0,00;D;;EE;20250325
BQ;Banque BQ;;20250213;51220000;CompteLib_0019;;;25B66;20250213;EcritureLib_0406;;0,00;33,86;C;;;
BQ;Banque BQ;;20250213;51100000;CompteLib_0031;;;25B67;20250213;EcritureLib_0094;;0,80;0,00;D;;;
BQ;Banque BQ;;20250213;51220000;CompteLib_0019;;;25B67;20250213;EcritureLib_0094;;0,00;0,80;C;;;
BQ;Banque BQ;;20250214;51100000;CompteLib_0031;;;25B69;20250214;EcritureLib_0407;;0,00;146,20;C;;;
BQ;Banque BQ;;20250214;51220000;CompteLib_0019;;;25B69;20250214;EcritureLib_0407;;146,20;0,00;D;;;
BQ;Banque BQ;;20250214;51100000;CompteLib_0031;;;25B70;20250214;EcritureLib_0408;;0,00;54,20;C;;;
BQ;Banque BQ;;20250214;51220000;CompteLib_0019;;;25B70;20250214;EcritureLib_0408;;54,20;0,00;D;;;
BQ;Banque BQ;;20250214;40100000;CompteLib_0012;401LIDL;LIDL;25B71;20250214;EcritureLib_0409;;41,13;0,00;D;;EY;20250325
BQ;Banque BQ;;20250214;51220000;CompteLib_0019;;;25B71;20250214;EcritureLib_0409;;0,00;41,13;C;;;
BQ;Banque BQ;;20250214;51100000;CompteLib_0031;;;25B72;20250214;EcritureLib_0094;;1,03;0,00;D;;;
BQ;Banque BQ;;20250214;51220000;CompteLib_0019;;;25B72;20250214;EcritureLib_0094;;0,00;1,03;C;;;
BQ;Banque BQ;;20250214;51100000;CompteLib_0031;;;25B73;20250214;EcritureLib_0094;;0,16;0,00;D;;;
BQ;Banque BQ;;20250214;51220000;CompteLib_0019;;;25B73;20250214;EcritureLib_0094;;0,00;0,16;C;;;
BQ;Banque BQ;;20250216;40100000;CompteLib_0012;401DIVERS;FOURNISSEURS DIVERS;25B76;20250216;EcritureLib_0410;;60,00;0,00;D;;L;20250626
BQ;Banque BQ;;20250216;51220000;CompteLib_0019;;;25B76;20250216;EcritureLib_0410;;0,00;60,00;C;;;
BQ;Banque BQ;;20250217;51100000;CompteLib_0031;;;25B78;20250217;EcritureLib_0411;;0,00;349,30;C;;;
BQ;Banque BQ;;20250217;51220000;CompteLib_0019;;;25B78;20250217;EcritureLib_0411;;349,30;0,00;D;;;
BQ;Banque BQ;;20250217;51100000;CompteLib_0031;;;25B79;20250217;EcritureLib_0412;;0,00;268,80;C;;;
BQ;Banque BQ;;20250217;51220000;CompteLib_0019;;;25B79;20250217;EcritureLib_0412;;268,80;0,00;D;;;
BQ;Banque BQ;;20250217;51100000;CompteLib_0031;;;25B80;20250217;EcritureLib_0413;;0,00;64,00;C;;;
BQ;Banque BQ;;20250217;51220000;CompteLib_0019;;;25B80;20250217;EcritureLib_0413;;64,00;0,00;D;;;
BQ;Banque BQ;;20250217;51100000;CompteLib_0031;;;25B81;20250217;EcritureLib_0414;;0,00;56,20;C;;;
BQ;Banque BQ;;20250217;51220000;CompteLib_0019;;;25B81;20250217;EcritureLib_0414;;56,20;0,00;D;;;
BQ;Banque BQ;;20250217;51100000;CompteLib_0031;;;25B82;20250217;EcritureLib_0415;;0,00;13,90;C;;;
BQ;Banque BQ;;20250217;51220000;CompteLib_0019;;;25B82;20250217;EcritureLib_0415;;13,90;0,00;D;;;
BQ;Banque BQ;;20250217;47100000;CompteLib_0027;;;25B83;20250217;EcritureLib_0210;;134,69;0,00;D;;;
BQ;Banque BQ;;20250217;51220000;CompteLib_0019;;;25B83;20250217;EcritureLib_0210;;0,00;134,69;C;;;
BQ;Banque BQ;;20250217;40100000;CompteLib_0012;401GRANDF;GRAND FRAIS;25B84;20250217;EcritureLib_0416;;49,17;0,00;D;;U;20250325
BQ;Banque BQ;;20250217;51220000;CompteLib_0019;;;25B84;20250217;EcritureLib_0416;;0,00;49,17;C;;;
BQ;Banque BQ;;20250217;40100000;CompteLib_0012;401LIDL;LIDL;25B85;20250217;EcritureLib_0417;;34,19;0,00;D;;;
BQ;Banque BQ;;20250217;51220000;CompteLib_0019;;;25B85;20250217;EcritureLib_0417;;0,00;34,19;C;;;
BQ;Banque BQ;;20250217;40100000;CompteLib_0012;401LIDL;LIDL;25B86;20250217;EcritureLib_0418;;18,76;0,00;D;;FE;20250325
BQ;Banque BQ;;20250217;51220000;CompteLib_0019;;;25B86;20250217;EcritureLib_0418;;0,00;18,76;C;;;
BQ;Banque BQ;;20250217;51100000;CompteLib_0031;;;25B87;20250217;EcritureLib_0094;;1,56;0,00;D;;;
BQ;Banque BQ;;20250217;51220000;CompteLib_0019;;;25B87;20250217;EcritureLib_0094;;0,00;1,56;C;;;
BQ;Banque BQ;;20250217;51100000;CompteLib_0031;;;25B88;20250217;EcritureLib_0094;;0,89;0,00;D;;;
BQ;Banque BQ;;20250217;51220000;CompteLib_0019;;;25B88;20250217;EcritureLib_0094;;0,00;0,89;C;;;
BQ;Banque BQ;;20250217;51100000;CompteLib_0031;;;25B89;20250217;EcritureLib_0094;;0,22;0,00;D;;;
BQ;Banque BQ;;20250217;51220000;CompteLib_0019;;;25B89;20250217;EcritureLib_0094;;0,00;0,22;C;;;
BQ;Banque BQ;;20250217;51100000;CompteLib_0031;;;25B90;20250217;EcritureLib_0094;;0,20;0,00;D;;;
BQ;Banque BQ;;20250217;51220000;CompteLib_0019;;;25B90;20250217;EcritureLib_0094;;0,00;0,20;C;;;
BQ;Banque BQ;;20250217;51100000;CompteLib_0031;;;25B91;20250217;EcritureLib_0094;;0,04;0,00;D;;;
BQ;Banque BQ;;20250217;51220000;CompteLib_0019;;;25B91;20250217;EcritureLib_0094;;0,00;0,04;C;;;
BQ;Banque BQ;;20250218;51180000;CompteLib_0034;;;25B92;20250218;EcritureLib_0138;;0,00;83,58;C;;;
BQ;Banque BQ;;20250218;51220000;CompteLib_0019;;;25B92;20250218;EcritureLib_0138;;83,58;0,00;D;;;
BQ;Banque BQ;;20250218;47100000;CompteLib_0027;;;25B93;20250218;EcritureLib_0145;;3,36;0,00;D;;;
BQ;Banque BQ;;20250218;51220000;CompteLib_0019;;;25B93;20250218;EcritureLib_0145;;0,00;3,36;C;;;
BQ;Banque BQ;;20250219;51180000;CompteLib_0034;;;25B95;20250219;EcritureLib_0138;;0,00;47,41;C;;;
BQ;Banque BQ;;20250219;51220000;CompteLib_0019;;;25B95;20250219;EcritureLib_0138;;47,41;0,00;D;;;
BQ;Banque BQ;;20250219;51100000;CompteLib_0031;;;25B96;20250219;EcritureLib_0419;;0,00;19,30;C;;;
BQ;Banque BQ;;20250219;51220000;CompteLib_0019;;;25B96;20250219;EcritureLib_0419;;19,30;0,00;D;;;
BQ;Banque BQ;;20250219;40100000;CompteLib_0012;401LIDL;LIDL;25B97;20250219;EcritureLib_0420;;37,91;0,00;D;;FD;20250325
BQ;Banque BQ;;20250219;51220000;CompteLib_0019;;;25B97;20250219;EcritureLib_0420;;0,00;37,91;C;;;
BQ;Banque BQ;;20250219;51100000;CompteLib_0031;;;25B98;20250219;EcritureLib_0094;;0,06;0,00;D;;;
BQ;Banque BQ;;20250219;51220000;CompteLib_0019;;;25B98;20250219;EcritureLib_0094;;0,00;0,06;C;;;
BQ;Banque BQ;;20250220;51100000;CompteLib_0031;;;25B100;20250220;EcritureLib_0421;;0,00;60,11;C;;;
BQ;Banque BQ;;20250220;51220000;CompteLib_0019;;;25B100;20250220;EcritureLib_0421;;60,11;0,00;D;;;
BQ;Banque BQ;;20250220;51100000;CompteLib_0031;;;25B101;20250220;EcritureLib_0422;;0,00;23,40;C;;;
BQ;Banque BQ;;20250220;51220000;CompteLib_0019;;;25B101;20250220;EcritureLib_0422;;23,40;0,00;D;;;
BQ;Banque BQ;;20250220;40100000;CompteLib_0012;401METRO;METRO;25B102;20250220;EcritureLib_0423;;252,25;0,00;D;;AW;20250325
BQ;Banque BQ;;20250220;51220000;CompteLib_0019;;;25B102;20250220;EcritureLib_0423;;0,00;252,25;C;;;
BQ;Banque BQ;;20250220;61352000;CompteLib_0035;;;25B103;20250220;EcritureLib_0152;;66,62;0,00;D;;;
BQ;Banque BQ;;20250220;44566100;CompteLib_0023;;;25B103;20250220;EcritureLib_0152;;13,32;0,00;D;;;
BQ;Banque BQ;;20250220;51220000;CompteLib_0019;;;25B103;20250220;EcritureLib_0152;;0,00;79,94;C;;;
BQ;Banque BQ;;20250220;51100000;CompteLib_0031;;;25B104;20250220;EcritureLib_0094;;0,07;0,00;D;;;
BQ;Banque BQ;;20250220;51220000;CompteLib_0019;;;25B104;20250220;EcritureLib_0094;;0,00;0,07;C;;;
BQ;Banque BQ;;20250221;51100000;CompteLib_0031;;;25B106;20250221;EcritureLib_0424;;0,00;21,80;C;;;
BQ;Banque BQ;;20250221;51220000;CompteLib_0019;;;25B106;20250221;EcritureLib_0424;;21,80;0,00;D;;;
BQ;Banque BQ;;20250221;40100000;CompteLib_0012;401LIDL;LIDL;25B107;20250221;EcritureLib_0425;;28,19;0,00;D;;ER;20250325
BQ;Banque BQ;;20250221;51220000;CompteLib_0019;;;25B107;20250221;EcritureLib_0425;;0,00;28,19;C;;;
BQ;Banque BQ;;20250221;51100000;CompteLib_0031;;;25B108;20250221;EcritureLib_0094;;0,08;0,00;D;;;
BQ;Banque BQ;;20250221;51220000;CompteLib_0019;;;25B108;20250221;EcritureLib_0094;;0,00;0,08;C;;;
BQ;Banque BQ;;20250224;51100000;CompteLib_0031;;;25B112;20250224;EcritureLib_0426;;0,00;58,60;C;;;
BQ;Banque BQ;;20250224;51220000;CompteLib_0019;;;25B112;20250224;EcritureLib_0426;;58,60;0,00;D;;;
BQ;Banque BQ;;20250224;51100000;CompteLib_0031;;;25B113;20250224;EcritureLib_0427;;0,00;16,40;C;;;
BQ;Banque BQ;;20250224;51220000;CompteLib_0019;;;25B113;20250224;EcritureLib_0427;;16,40;0,00;D;;;
BQ;Banque BQ;;20250224;51100000;CompteLib_0031;;;25B114;20250224;EcritureLib_0428;;0,00;1,80;C;;;
BQ;Banque BQ;;20250224;51220000;CompteLib_0019;;;25B114;20250224;EcritureLib_0428;;1,80;0,00;D;;;
BQ;Banque BQ;;20250224;40100000;CompteLib_0012;401LECLERC;LECLERC;25B115;20250224;EcritureLib_0429;;65,62;0,00;D;;BF;20250325
BQ;Banque BQ;;20250224;51220000;CompteLib_0019;;;25B115;20250224;EcritureLib_0429;;0,00;65,62;C;;;
BQ;Banque BQ;;20250224;40100000;CompteLib_0012;401LIDL;LIDL;25B116;20250224;EcritureLib_0430;;45,46;0,00;D;;EV;20250325
BQ;Banque BQ;;20250224;51220000;CompteLib_0019;;;25B116;20250224;EcritureLib_0430;;0,00;45,46;C;;;
BQ;Banque BQ;;20250224;51100000;CompteLib_0031;;;25B117;20250224;EcritureLib_0094;;0,19;0,00;D;;;
BQ;Banque BQ;;20250224;51220000;CompteLib_0019;;;25B117;20250224;EcritureLib_0094;;0,00;0,19;C;;;
BQ;Banque BQ;;20250224;51100000;CompteLib_0031;;;25B118;20250224;EcritureLib_0094;;0,05;0,00;D;;;
BQ;Banque BQ;;20250224;51220000;CompteLib_0019;;;25B118;20250224;EcritureLib_0094;;0,00;0,05;C;;;
BQ;Banque BQ;;20250224;51100000;CompteLib_0031;;;25B119;20250224;EcritureLib_0094;;0,01;0,00;D;;;
BQ;Banque BQ;;20250224;51220000;CompteLib_0019;;;25B119;20250224;EcritureLib_0094;;0,00;0,01;C;;;
BQ;Banque BQ;;20250225;40100000;CompteLib_0012;401VANDEN;VANDENBULCKE;25B120;20250225;EcritureLib_0100;;216,45;0,00;D;;AE;20250325
BQ;Banque BQ;;20250225;51220000;CompteLib_0019;;;25B120;20250225;EcritureLib_0100;;0,00;216,45;C;;;
BQ;Banque BQ;;20250225;40100000;CompteLib_0012;401STC;STC DIGIT;25B121;20250225;EcritureLib_0155;;193,20;0,00;D;;;
BQ;Banque BQ;;20250225;51220000;CompteLib_0019;;;25B121;20250225;EcritureLib_0155;;0,00;193,20;C;;;
BQ;Banque BQ;;20250225;62700000;CompteLib_0029;;;25B122;20250225;EcritureLib_0224;;5,33;0,00;D;;;
BQ;Banque BQ;;20250225;51220000;CompteLib_0019;;;25B122;20250225;EcritureLib_0224;;0,00;5,33;C;;;
BQ;Banque BQ;;20250225;62700000;CompteLib_0029;;;25B123;20250225;EcritureLib_0225;;5,33;0,00;D;;;
BQ;Banque BQ;;20250225;51220000;CompteLib_0019;;;25B123;20250225;EcritureLib_0225;;0,00;5,33;C;;;
BQ;Banque BQ;;20250226;51100000;CompteLib_0031;;;25B126;20250226;EcritureLib_0431;;0,00;69,70;C;;;
BQ;Banque BQ;;20250226;51220000;CompteLib_0019;;;25B126;20250226;EcritureLib_0431;;69,70;0,00;D;;;
BQ;Banque BQ;;20250226;51180000;CompteLib_0034;;;25B127;20250226;EcritureLib_0138;;0,00;63,49;C;;;
BQ;Banque BQ;;20250226;51220000;CompteLib_0019;;;25B127;20250226;EcritureLib_0138;;63,49;0,00;D;;;
BQ;Banque BQ;;20250226;40100000;CompteLib_0012;401LOYER;LOYER ET CHARGES;25B128;20250226;EcritureLib_0432;;1361,10;0,00;D;;M;20250326
BQ;Banque BQ;;20250226;51220000;CompteLib_0019;;;25B128;20250226;EcritureLib_0432;;0,00;1361,10;C;;;
BQ;Banque BQ;;20250226;47100000;CompteLib_0027;;;25B129;20250226;EcritureLib_0433;;619,00;0,00;D;;;
BQ;Banque BQ;;20250226;51220000;CompteLib_0019;;;25B129;20250226;EcritureLib_0433;;0,00;619,00;C;;;
BQ;Banque BQ;;20250226;40100000;CompteLib_0012;401MATCH;SUPERMARCHE MATCH;25B130;20250226;EcritureLib_0434;;12,90;0,00;D;;N;20250325
BQ;Banque BQ;;20250226;51220000;CompteLib_0019;;;25B130;20250226;EcritureLib_0434;;0,00;12,90;C;;;
BQ;Banque BQ;;20250226;51100000;CompteLib_0031;;;25B131;20250226;EcritureLib_0094;;0,63;0,00;D;;;
BQ;Banque BQ;;20250226;51220000;CompteLib_0019;;;25B131;20250226;EcritureLib_0094;;0,00;0,63;C;;;
BQ;Banque BQ;;20250227;51100000;CompteLib_0031;;;25B132;20250227;EcritureLib_0435;;0,00;13,60;C;;;
BQ;Banque BQ;;20250227;51220000;CompteLib_0019;;;25B132;20250227;EcritureLib_0435;;13,60;0,00;D;;;
BQ;Banque BQ;;20250227;51100000;CompteLib_0031;;;25B133;20250227;EcritureLib_0436;;0,00;12,37;C;;;
BQ;Banque BQ;;20250227;51220000;CompteLib_0019;;;25B133;20250227;EcritureLib_0436;;12,37;0,00;D;;;
BQ;Banque BQ;;20250227;62700000;CompteLib_0029;;;25B134;20250227;EcritureLib_0170;;0,00;0,64;C;;;
BQ;Banque BQ;;20250227;51220000;CompteLib_0019;;;25B134;20250227;EcritureLib_0170;;0,64;0,00;D;;;
BQ;Banque BQ;;20250227;62700000;CompteLib_0029;;;25B135;20250227;EcritureLib_0171;;19,43;0,00;D;;;
BQ;Banque BQ;;20250227;51220000;CompteLib_0019;;;25B135;20250227;EcritureLib_0171;;0,00;19,43;C;;;
BQ;Banque BQ;;20250228;51100000;CompteLib_0031;;;25B137;20250228;EcritureLib_0437;;0,00;355,20;C;;;
BQ;Banque BQ;;20250228;51220000;CompteLib_0019;;;25B137;20250228;EcritureLib_0437;;355,20;0,00;D;;;
BQ;Banque BQ;;20250228;51100000;CompteLib_0031;;;25B138;20250228;EcritureLib_0438;;0,00;21,40;C;;;
BQ;Banque BQ;;20250228;51220000;CompteLib_0019;;;25B138;20250228;EcritureLib_0438;;21,40;0,00;D;;;
BQ;Banque BQ;;20250228;40100000;CompteLib_0012;401LIDL;LIDL;25B139;20250228;EcritureLib_0439;;55,45;0,00;D;;EX;20250325
BQ;Banque BQ;;20250228;51220000;CompteLib_0019;;;25B139;20250228;EcritureLib_0439;;0,00;55,45;C;;;
BQ;Banque BQ;;20250228;62601000;CompteLib_0030;;;25B140;20250228;EcritureLib_0096;;40,81;0,00;D;;;
BQ;Banque BQ;;20250228;44566100;CompteLib_0023;;;25B140;20250228;EcritureLib_0096;;8,16;0,00;D;;;
BQ;Banque BQ;;20250228;51220000;CompteLib_0019;;;25B140;20250228;EcritureLib_0096;;0,00;48,97;C;;;
BQ;Banque BQ;;20250228;51100000;CompteLib_0031;;;25B141;20250228;EcritureLib_0094;;1,12;0,00;D;;;
BQ;Banque BQ;;20250228;51220000;CompteLib_0019;;;25B141;20250228;EcritureLib_0094;;0,00;1,12;C;;;
BQ;Banque BQ;;20250228;51100000;CompteLib_0031;;;25B142;20250228;EcritureLib_0094;;0,07;0,00;D;;;
BQ;Banque BQ;;20250228;51220000;CompteLib_0019;;;25B142;20250228;EcritureLib_0094;;0,00;0,07;C;;;
BQ;Banque BQ;;20250303;51100000;CompteLib_0031;;;25C1;20250303;EcritureLib_0440;;0,00;412,85;C;;;
BQ;Banque BQ;;20250303;51220000;CompteLib_0019;;;25C1;20250303;EcritureLib_0440;;412,85;0,00;D;;;
BQ;Banque BQ;;20250303;51100000;CompteLib_0031;;;25C2;20250303;EcritureLib_0441;;0,00;267,50;C;;;
BQ;Banque BQ;;20250303;51220000;CompteLib_0019;;;25C2;20250303;EcritureLib_0441;;267,50;0,00;D;;;
BQ;Banque BQ;;20250303;51100000;CompteLib_0031;;;25C3;20250303;EcritureLib_0442;;0,00;165,40;C;;;
BQ;Banque BQ;;20250303;51220000;CompteLib_0019;;;25C3;20250303;EcritureLib_0442;;165,40;0,00;D;;;
BQ;Banque BQ;;20250303;40100000;CompteLib_0012;401LIDL;LIDL;25C4;20250303;EcritureLib_0443;;22,61;0,00;D;;EZ;20250325
BQ;Banque BQ;;20250303;51220000;CompteLib_0019;;;25C4;20250303;EcritureLib_0443;;0,00;22,61;C;;;
BQ;Banque BQ;;20250303;51100000;CompteLib_0031;;;25C5;20250303;EcritureLib_0094;;1,67;0,00;D;;;
BQ;Banque BQ;;20250303;51220000;CompteLib_0019;;;25C5;20250303;EcritureLib_0094;;0,00;1,67;C;;;
BQ;Banque BQ;;20250303;51100000;CompteLib_0031;;;25C6;20250303;EcritureLib_0094;;1,16;0,00;D;;;
BQ;Banque BQ;;20250303;51220000;CompteLib_0019;;;25C6;20250303;EcritureLib_0094;;0,00;1,16;C;;;
BQ;Banque BQ;;20250303;51100000;CompteLib_0031;;;25C7;20250303;EcritureLib_0094;;0,58;0,00;D;;;
BQ;Banque BQ;;20250303;51220000;CompteLib_0019;;;25C7;20250303;EcritureLib_0094;;0,00;0,58;C;;;
BQ;Banque BQ;;20250303;62700000;CompteLib_0029;;;25C8;20250303;EcritureLib_0378;;5,25;0,00;D;;;
BQ;Banque BQ;;20250303;51220000;CompteLib_0019;;;25C8;20250303;EcritureLib_0378;;0,00;5,25;C;;;
BQ;Banque BQ;;20250304;51100000;CompteLib_0031;;;25C10;20250304;EcritureLib_0444;;0,00;61,10;C;;;
BQ;Banque BQ;;20250304;51220000;CompteLib_0019;;;25C10;20250304;EcritureLib_0444;;61,10;0,00;D;;;
BQ;Banque BQ;;20250304;40100000;CompteLib_0012;401VANDEN;VANDENBULCKE;25C11;20250304;EcritureLib_0100;;48,53;0,00;D;;AH;20250325
BQ;Banque BQ;;20250304;51220000;CompteLib_0019;;;25C11;20250304;EcritureLib_0100;;0,00;48,53;C;;;
BQ;Banque BQ;;20250304;62601000;CompteLib_0030;;;25C12;20250304;EcritureLib_0096;;39,98;0,00;D;;;
BQ;Banque BQ;;20250304;44566100;CompteLib_0023;;;25C12;20250304;EcritureLib_0096;;8,00;0,00;D;;;
BQ;Banque BQ;;20250304;51220000;CompteLib_0019;;;25C12;20250304;EcritureLib_0096;;0,00;47,98;C;;;
BQ;Banque BQ;;20250304;40100000;CompteLib_0012;401LECLERC;LECLERC;25C13;20250304;EcritureLib_0445;;47,00;0,00;D;;BK;20250325
BQ;Banque BQ;;20250304;51220000;CompteLib_0019;;;25C13;20250304;EcritureLib_0445;;0,00;47,00;C;;;
BQ;Banque BQ;;20250304;47100000;CompteLib_0027;;;25C14;20250304;EcritureLib_0145;;0,76;0,00;D;;;
BQ;Banque BQ;;20250304;51220000;CompteLib_0019;;;25C14;20250304;EcritureLib_0145;;0,00;0,76;C;;;
BQ;Banque BQ;;20250304;51100000;CompteLib_0031;;;25C15;20250304;EcritureLib_0094;;0,20;0,00;D;;;
BQ;Banque BQ;;20250304;51220000;CompteLib_0019;;;25C15;20250304;EcritureLib_0094;;0,00;0,20;C;;;
BQ;Banque BQ;;20250305;51100000;CompteLib_0031;;;25C16;20250305;EcritureLib_0446;;0,00;81,60;C;;;
BQ;Banque BQ;;20250305;51220000;CompteLib_0019;;;25C16;20250305;EcritureLib_0446;;81,60;0,00;D;;;
BQ;Banque BQ;;20250305;51100000;CompteLib_0031;;;25C17;20250305;EcritureLib_0447;;0,00;70,50;C;;;
BQ;Banque BQ;;20250305;51220000;CompteLib_0019;;;25C17;20250305;EcritureLib_0447;;70,50;0,00;D;;;
BQ;Banque BQ;;20250305;51180000;CompteLib_0034;;;25C18;20250305;EcritureLib_0138;;0,00;23,66;C;;;
BQ;Banque BQ;;20250305;51220000;CompteLib_0019;;;25C18;20250305;EcritureLib_0138;;23,66;0,00;D;;;
BQ;Banque BQ;;20250305;61600000;CompteLib_0032;;;25C19;20250305;EcritureLib_0113;;76,89;0,00;D;;;
BQ;Banque BQ;;20250305;51220000;CompteLib_0019;;;25C19;20250305;EcritureLib_0113;;0,00;76,89;C;;;
BQ;Banque BQ;;20250305;51100000;CompteLib_0031;;;25C20;20250305;EcritureLib_0094;;0,29;0,00;D;;;
BQ;Banque BQ;;20250305;51220000;CompteLib_0019;;;25C20;20250305;EcritureLib_0094;;0,00;0,29;C;;;
BQ;Banque BQ;;20250305;51100000;CompteLib_0031;;;25C21;20250305;EcritureLib_0094;;0,21;0,00;D;;;
BQ;Banque BQ;;20250305;51220000;CompteLib_0019;;;25C21;20250305;EcritureLib_0094;;0,00;0,21;C;;;
BQ;Banque BQ;;20250305;51100000;CompteLib_0031;;;25C22;20250305;EcritureLib_0448;;0,00;837,00;C;;;
BQ;Banque BQ;;20250305;51220000;CompteLib_0019;;;25C22;20250305;EcritureLib_0448;;837,00;0,00;D;;;
BQ;Banque BQ;;20250306;51100000;CompteLib_0031;;;25C23;20250306;EcritureLib_0449;;0,00;63,60;C;;;
BQ;Banque BQ;;20250306;51220000;CompteLib_0019;;;25C23;20250306;EcritureLib_0449;;63,60;0,00;D;;;
BQ;Banque BQ;;20250306;51100000;CompteLib_0031;;;25C24;20250306;EcritureLib_0450;;0,00;57,46;C;;;
BQ;Banque BQ;;20250306;51220000;CompteLib_0019;;;25C24;20250306;EcritureLib_0450;;57,46;0,00;D;;;
BQ;Banque BQ;;20250306;51100000;CompteLib_0031;;;25C25;20250306;EcritureLib_0451;;0,00;17,73;C;;;
BQ;Banque BQ;;20250306;51220000;CompteLib_0019;;;25C25;20250306;EcritureLib_0451;;17,73;0,00;D;;;
BQ;Banque BQ;;20250306;62700000;CompteLib_0029;;;25C26;20250306;EcritureLib_0452;;20,00;0,00;D;;;
BQ;Banque BQ;;20250306;51220000;CompteLib_0019;;;25C26;20250306;EcritureLib_0452;;0,00;20,00;C;;;
BQ;Banque BQ;;20250306;51100000;CompteLib_0031;;;25C27;20250306;EcritureLib_0094;;0,19;0,00;D;;;
BQ;Banque BQ;;20250306;51220000;CompteLib_0019;;;25C27;20250306;EcritureLib_0094;;0,00;0,19;C;;;
BQ;Banque BQ;;20250307;51100000;CompteLib_0031;;;25C28;20250307;EcritureLib_0453;;0,00;126,20;C;;;
BQ;Banque BQ;;20250307;51220000;CompteLib_0019;;;25C28;20250307;EcritureLib_0453;;126,20;0,00;D;;;
BQ;Banque BQ;;20250307;47100000;CompteLib_0027;;;25C29;20250307;EcritureLib_0433;;2011,00;0,00;D;;;
BQ;Banque BQ;;20250307;51220000;CompteLib_0019;;;25C29;20250307;EcritureLib_0433;;0,00;2011,00;C;;;
BQ;Banque BQ;;20250307;51100000;CompteLib_0031;;;25C30;20250307;EcritureLib_0094;;0,41;0,00;D;;;
BQ;Banque BQ;;20250307;51220000;CompteLib_0019;;;25C30;20250307;EcritureLib_0094;;0,00;0,41;C;;;
BQ;Banque BQ;;20250310;51100000;CompteLib_0031;;;25C34;20250310;EcritureLib_0454;;0,00;552,70;C;;;
BQ;Banque BQ;;20250310;51220000;CompteLib_0019;;;25C34;20250310;EcritureLib_0454;;552,70;0,00;D;;;
BQ;Banque BQ;;20250310;51100000;CompteLib_0031;;;25C35;20250310;EcritureLib_0455;;0,00;83,40;C;;;
BQ;Banque BQ;;20250310;51220000;CompteLib_0019;;;25C35;20250310;EcritureLib_0455;;83,40;0,00;D;;;
BQ;Banque BQ;;20250310;51100000;CompteLib_0031;;;25C36;20250310;EcritureLib_0456;;0,00;53,30;C;;;
BQ;Banque BQ;;20250310;51220000;CompteLib_0019;;;25C36;20250310;EcritureLib_0456;;53,30;0,00;D;;;
BQ;Banque BQ;;20250310;40100000;CompteLib_0012;401LIDL;LIDL;25C37;20250310;EcritureLib_0457;;43,52;0,00;D;;EN;20250325
BQ;Banque BQ;;20250310;51220000;CompteLib_0019;;;25C37;20250310;EcritureLib_0457;;0,00;43,52;C;;;
BQ;Banque BQ;;20250310;40100000;CompteLib_0012;401ALDI;ALDI;25C38;20250310;EcritureLib_0458;;19,45;0,00;D;;AC;20250325
BQ;Banque BQ;;20250310;51220000;CompteLib_0019;;;25C38;20250310;EcritureLib_0458;;0,00;19,45;C;;;
BQ;Banque BQ;;20250310;51100000;CompteLib_0031;;;25C39;20250310;EcritureLib_0094;;1,87;0,00;D;;;
BQ;Banque BQ;;20250310;51220000;CompteLib_0019;;;25C39;20250310;EcritureLib_0094;;0,00;1,87;C;;;
BQ;Banque BQ;;20250310;51100000;CompteLib_0031;;;25C40;20250310;EcritureLib_0094;;0,25;0,00;D;;;
BQ;Banque BQ;;20250310;51220000;CompteLib_0019;;;25C40;20250310;EcritureLib_0094;;0,00;0,25;C;;;
BQ;Banque BQ;;20250310;51100000;CompteLib_0031;;;25C41;20250310;EcritureLib_0094;;0,19;0,00;D;;;
BQ;Banque BQ;;20250310;51220000;CompteLib_0019;;;25C41;20250310;EcritureLib_0094;;0,00;0,19;C;;;
BQ;Banque BQ;;20250312;51100000;CompteLib_0031;;;25C42;20250312;EcritureLib_0459;;0,00;164,60;C;;;
BQ;Banque BQ;;20250312;51220000;CompteLib_0019;;;25C42;20250312;EcritureLib_0459;;164,60;0,00;D;;;
BQ;Banque BQ;;20250312;51100000;CompteLib_0031;;;25C43;20250312;EcritureLib_0094;;0,54;0,00;D;;;
BQ;Banque BQ;;20250312;51220000;CompteLib_0019;;;25C43;20250312;EcritureLib_0094;;0,00;0,54;C;;;
BQ;Banque BQ;;20250313;51100000;CompteLib_0031;;;25C44;20250313;EcritureLib_0460;;0,00;149,20;C;;;
BQ;Banque BQ;;20250313;51220000;CompteLib_0019;;;25C44;20250313;EcritureLib_0460;;149,20;0,00;D;;;
BQ;Banque BQ;;20250313;51100000;CompteLib_0031;;;25C45;20250313;EcritureLib_0461;;0,00;50,30;C;;;
BQ;Banque BQ;;20250313;51220000;CompteLib_0019;;;25C45;20250313;EcritureLib_0461;;50,30;0,00;D;;;
BQ;Banque BQ;;20250313;51180000;CompteLib_0034;;;25C46;20250313;EcritureLib_0138;;0,00;23,66;C;;;
BQ;Banque BQ;;20250313;51220000;CompteLib_0019;;;25C46;20250313;EcritureLib_0138;;23,66;0,00;D;;;
BQ;Banque BQ;;20250313;51100000;CompteLib_0031;;;25C47;20250313;EcritureLib_0462;;0,00;15,40;C;;;
BQ;Banque BQ;;20250313;51220000;CompteLib_0019;;;25C47;20250313;EcritureLib_0462;;15,40;0,00;D;;;
BQ;Banque BQ;;20250313;51100000;CompteLib_0031;;;25C48;20250313;EcritureLib_0094;;0,48;0,00;D;;;
BQ;Banque BQ;;20250313;51220000;CompteLib_0019;;;25C48;20250313;EcritureLib_0094;;0,00;0,48;C;;;
BQ;Banque BQ;;20250313;51100000;CompteLib_0031;;;25C49;20250313;EcritureLib_0094;;0,05;0,00;D;;;
BQ;Banque BQ;;20250313;51220000;CompteLib_0019;;;25C49;20250313;EcritureLib_0094;;0,00;0,05;C;;;
BQ;Banque BQ;;20250314;51100000;CompteLib_0031;;;25C51;20250314;EcritureLib_0463;;0,00;91,30;C;;;
BQ;Banque BQ;;20250314;51220000;CompteLib_0019;;;25C51;20250314;EcritureLib_0463;;91,30;0,00;D;;;
BQ;Banque BQ;;20250314;40100000;CompteLib_0012;401LIDL;LIDL;25C52;20250314;EcritureLib_0464;;48,99;0,00;D;;EU;20250325
BQ;Banque BQ;;20250314;51220000;CompteLib_0019;;;25C52;20250314;EcritureLib_0464;;0,00;48,99;C;;;
BQ;Banque BQ;;20250314;51100000;CompteLib_0031;;;25C53;20250314;EcritureLib_0094;;0,27;0,00;D;;;
BQ;Banque BQ;;20250314;51220000;CompteLib_0019;;;25C53;20250314;EcritureLib_0094;;0,00;0,27;C;;;
BQ;Banque BQ;;20250317;51100000;CompteLib_0031;;;25C55;20250317;EcritureLib_0465;;0,00;153,90;C;;;
BQ;Banque BQ;;20250317;51220000;CompteLib_0019;;;25C55;20250317;EcritureLib_0465;;153,90;0,00;D;;;
BQ;Banque BQ;;20250317;51100000;CompteLib_0031;;;25C56;20250317;EcritureLib_0466;;0,00;62,30;C;;;
BQ;Banque BQ;;20250317;51220000;CompteLib_0019;;;25C56;20250317;EcritureLib_0466;;62,30;0,00;D;;;
BQ;Banque BQ;;20250317;47100000;CompteLib_0027;;;25C57;20250317;EcritureLib_0210;;130,11;0,00;D;;;
BQ;Banque BQ;;20250317;51220000;CompteLib_0019;;;25C57;20250317;EcritureLib_0210;;0,00;130,11;C;;;
BQ;Banque BQ;;20250317;40100000;CompteLib_0012;401ALDI;ALDI;25C58;20250317;EcritureLib_0467;;7,94;0,00;D;;AD;20250325
BQ;Banque BQ;;20250317;51220000;CompteLib_0019;;;25C58;20250317;EcritureLib_0467;;0,00;7,94;C;;;
BQ;Banque BQ;;20250317;51100000;CompteLib_0031;;;25C59;20250317;EcritureLib_0094;;0,49;0,00;D;;;
BQ;Banque BQ;;20250317;51220000;CompteLib_0019;;;25C59;20250317;EcritureLib_0094;;0,00;0,49;C;;;
BQ;Banque BQ;;20250317;51100000;CompteLib_0031;;;25C60;20250317;EcritureLib_0094;;0,20;0,00;D;;;
BQ;Banque BQ;;20250317;51220000;CompteLib_0019;;;25C60;20250317;EcritureLib_0094;;0,00;0,20;C;;;
BQ;Banque BQ;;20250318;51100000;CompteLib_0031;;;25C62;20250318;EcritureLib_0468;;0,00;118,20;C;;;
BQ;Banque BQ;;20250318;51220000;CompteLib_0019;;;25C62;20250318;EcritureLib_0468;;118,20;0,00;D;;;
BQ;Banque BQ;;20250318;40100000;CompteLib_0012;401LIDL;LIDL;25C63;20250318;EcritureLib_0469;;48,67;0,00;D;;EF;20250325
BQ;Banque BQ;;20250318;51220000;CompteLib_0019;;;25C63;20250318;EcritureLib_0469;;0,00;48,67;C;;;
BQ;Banque BQ;;20250318;47100000;CompteLib_0027;;;25C64;20250318;EcritureLib_0145;;3,84;0,00;D;;;
BQ;Banque BQ;;20250318;51220000;CompteLib_0019;;;25C64;20250318;EcritureLib_0145;;0,00;3,84;C;;;
BQ;Banque BQ;;20250318;51100000;CompteLib_0031;;;25C65;20250318;EcritureLib_0094;;0,37;0,00;D;;;
BQ;Banque BQ;;20250318;51220000;CompteLib_0019;;;25C65;20250318;EcritureLib_0094;;0,00;0,37;C;;;
BQ;Banque BQ;;20250319;51100000;CompteLib_0031;;;25C67;20250319;EcritureLib_0470;;0,00;23,80;C;;;
BQ;Banque BQ;;20250319;51220000;CompteLib_0019;;;25C67;20250319;EcritureLib_0470;;23,80;0,00;D;;;
BQ;Banque BQ;;20250319;40100000;CompteLib_0012;401INTER;INTERESTO;25C68;20250319;EcritureLib_0471;;53,99;0,00;D;;AQ;20250325
BQ;Banque BQ;;20250319;51220000;CompteLib_0019;;;25C68;20250319;EcritureLib_0471;;0,00;53,99;C;;;
BQ;Banque BQ;;20250319;51100000;CompteLib_0031;;;25C69;20250319;EcritureLib_0094;;0,07;0,00;D;;;
BQ;Banque BQ;;20250319;51220000;CompteLib_0019;;;25C69;20250319;EcritureLib_0094;;0,00;0,07;C;;;
BQ;Banque BQ;;20250320;51100000;CompteLib_0031;;;25C71;20250320;EcritureLib_0472;;0,00;81,40;C;;;
BQ;Banque BQ;;20250320;51220000;CompteLib_0019;;;25C71;20250320;EcritureLib_0472;;81,40;0,00;D;;;
BQ;Banque BQ;;20250320;51100000;CompteLib_0031;;;25C72;20250320;EcritureLib_0473;;0,00;36,35;C;;;
BQ;Banque BQ;;20250320;51220000;CompteLib_0019;;;25C72;20250320;EcritureLib_0473;;36,35;0,00;D;;;
BQ;Banque BQ;;20250320;51100000;CompteLib_0031;;;25C73;20250320;EcritureLib_0474;;0,00;21,80;C;;;
BQ;Banque BQ;;20250320;51220000;CompteLib_0019;;;25C73;20250320;EcritureLib_0474;;21,80;0,00;D;;;
BQ;Banque BQ;;20250320;47100000;CompteLib_0027;;;25C74;20250320;EcritureLib_0152;;79,94;0,00;D;;;
BQ;Banque BQ;;20250320;51220000;CompteLib_0019;;;25C74;20250320;EcritureLib_0152;;0,00;79,94;C;;;
BQ;Banque BQ;;20250320;40100000;CompteLib_0012;401LIDL;LIDL;25C75;20250320;EcritureLib_0475;;38,41;0,00;D;;GT;20250710
BQ;Banque BQ;;20250320;51220000;CompteLib_0019;;;25C75;20250320;EcritureLib_0475;;0,00;38,41;C;;;
BQ;Banque BQ;;20250320;51100000;CompteLib_0031;;;25C76;20250320;EcritureLib_0094;;0,24;0,00;D;;;
BQ;Banque BQ;;20250320;51220000;CompteLib_0019;;;25C76;20250320;EcritureLib_0094;;0,00;0,24;C;;;
BQ;Banque BQ;;20250320;51100000;CompteLib_0031;;;25C77;20250320;EcritureLib_0094;;0,08;0,00;D;;;
BQ;Banque BQ;;20250320;51220000;CompteLib_0019;;;25C77;20250320;EcritureLib_0094;;0,00;0,08;C;;;
BQ;Banque BQ;;20250321;51100000;CompteLib_0031;;;25C78;20250321;EcritureLib_0476;;0,00;34,30;C;;;
BQ;Banque BQ;;20250321;51220000;CompteLib_0019;;;25C78;20250321;EcritureLib_0476;;34,30;0,00;D;;;
BQ;Banque BQ;;20250321;51100000;CompteLib_0031;;;25C79;20250321;EcritureLib_0477;;0,00;10,90;C;;;
BQ;Banque BQ;;20250321;51220000;CompteLib_0019;;;25C79;20250321;EcritureLib_0477;;10,90;0,00;D;;;
BQ;Banque BQ;;20250321;51100000;CompteLib_0031;;;25C80;20250321;EcritureLib_0094;;0,10;0,00;D;;;
BQ;Banque BQ;;20250321;51220000;CompteLib_0019;;;25C80;20250321;EcritureLib_0094;;0,00;0,10;C;;;
BQ;Banque BQ;;20250321;62700000;CompteLib_0029;;;25C81;20250321;EcritureLib_0094;;0,03;0,00;D;;;
BQ;Banque BQ;;20250321;51220000;CompteLib_0019;;;25C81;20250321;EcritureLib_0094;;0,00;0,03;C;;;
BQ;Banque BQ;;20250324;51100000;CompteLib_0031;;;25C82;20250324;EcritureLib_0478;;0,00;158,70;C;;;
BQ;Banque BQ;;20250324;51220000;CompteLib_0019;;;25C82;20250324;EcritureLib_0478;;158,70;0,00;D;;;
BQ;Banque BQ;;20250324;51100000;CompteLib_0031;;;25C83;20250324;EcritureLib_0479;;0,00;65,60;C;;;
BQ;Banque BQ;;20250324;51220000;CompteLib_0019;;;25C83;20250324;EcritureLib_0479;;65,60;0,00;D;;;
BQ;Banque BQ;;20250324;40100000;CompteLib_0012;401LIDL;LIDL;25C84;20250324;EcritureLib_0480;;25,26;0,00;D;;GD;20250710
BQ;Banque BQ;;20250324;51220000;CompteLib_0019;;;25C84;20250324;EcritureLib_0480;;0,00;25,26;C;;;
BQ;Banque BQ;;20250324;47100000;CompteLib_0027;;;25C85;20250324;EcritureLib_0094;;0,49;0,00;D;;;
BQ;Banque BQ;;20250324;51220000;CompteLib_0019;;;25C85;20250324;EcritureLib_0094;;0,00;0,49;C;;;
BQ;Banque BQ;;20250324;47100000;CompteLib_0027;;;25C86;20250324;EcritureLib_0094;;0,22;0,00;D;;;
BQ;Banque BQ;;20250324;51220000;CompteLib_0019;;;25C86;20250324;EcritureLib_0094;;0,00;0,22;C;;;
BQ;Banque BQ;;20250325;51100000;CompteLib_0031;;;25C87;20250325;EcritureLib_0481;;0,00;13,90;C;;;
BQ;Banque BQ;;20250325;51220000;CompteLib_0019;;;25C87;20250325;EcritureLib_0481;;13,90;0,00;D;;;
BQ;Banque BQ;;20250325;40100000;CompteLib_0012;401STC;STC DIGIT;25C88;20250325;EcritureLib_0155;;193,20;0,00;D;;;
BQ;Banque BQ;;20250325;51220000;CompteLib_0019;;;25C88;20250325;EcritureLib_0155;;0,00;193,20;C;;;
BQ;Banque BQ;;20250325;47100000;CompteLib_0027;;;25C89;20250325;EcritureLib_0094;;0,04;0,00;D;;;
BQ;Banque BQ;;20250325;51220000;CompteLib_0019;;;25C89;20250325;EcritureLib_0094;;0,00;0,04;C;;;
BQ;Banque BQ;;20250326;62700000;CompteLib_0029;;;25C90;20250326;EcritureLib_0224;;5,33;0,00;D;;;
BQ;Banque BQ;;20250326;51220000;CompteLib_0019;;;25C90;20250326;EcritureLib_0224;;0,00;5,33;C;;;
BQ;Banque BQ;;20250326;62700000;CompteLib_0029;;;25C91;20250326;EcritureLib_0225;;5,33;0,00;D;;;
BQ;Banque BQ;;20250326;51220000;CompteLib_0019;;;25C91;20250326;EcritureLib_0225;;0,00;5,33;C;;;
BQ;Banque BQ;;20250327;51100000;CompteLib_0031;;;25C93;20250327;EcritureLib_0482;;0,00;124,10;C;;;
BQ;Banque BQ;;20250327;51220000;CompteLib_0019;;;25C93;20250327;EcritureLib_0482;;124,10;0,00;D;;;
BQ;Banque BQ;;20250327;51100000;CompteLib_0031;;;25C94;20250327;EcritureLib_0483;;0,00;74,15;C;;;
BQ;Banque BQ;;20250327;51220000;CompteLib_0019;;;25C94;20250327;EcritureLib_0483;;74,15;0,00;D;;;
BQ;Banque BQ;;20250327;40100000;CompteLib_0012;401LIDL;LIDL;25C95;20250327;EcritureLib_0484;;29,48;0,00;D;;GH;20250710
BQ;Banque BQ;;20250327;51220000;CompteLib_0019;;;25C95;20250327;EcritureLib_0484;;0,00;29,48;C;;;
BQ;Banque BQ;;20250327;51100000;CompteLib_0031;;;25C96;20250327;EcritureLib_0094;;0,39;0,00;D;;;
BQ;Banque BQ;;20250327;51220000;CompteLib_0019;;;25C96;20250327;EcritureLib_0094;;0,00;0,39;C;;;
BQ;Banque BQ;;20250328;62601000;CompteLib_0030;;;25C99;20250328;EcritureLib_0096;;40,81;0,00;D;;;
BQ;Banque BQ;;20250328;44566100;CompteLib_0023;;;25C99;20250328;EcritureLib_0096;;8,16;0,00;D;;;
BQ;Banque BQ;;20250328;51220000;CompteLib_0019;;;25C99;20250328;EcritureLib_0096;;0,00;48,97;C;;;
BQ;Banque BQ;;20250328;40100000;CompteLib_0012;401ACT;ACTION;25C100;20250328;EcritureLib_0485;;37,98;0,00;D;;;
BQ;Banque BQ;;20250328;51220000;CompteLib_0019;;;25C100;20250328;EcritureLib_0485;;0,00;37,98;C;;;
BQ;Banque BQ;;20250328;40100000;CompteLib_0012;401LIDL;LIDL;25C101;20250328;EcritureLib_0486;;19,84;0,00;D;;GQ;20250710
BQ;Banque BQ;;20250328;51220000;CompteLib_0019;;;25C101;20250328;EcritureLib_0486;;0,00;19,84;C;;;
BQ;Banque BQ;;20250328;62700000;CompteLib_0029;;;25C102;20250328;EcritureLib_0170;;0,00;0,64;C;;;
BQ;Banque BQ;;20250328;51220000;CompteLib_0019;;;25C102;20250328;EcritureLib_0170;;0,64;0,00;D;;;
BQ;Banque BQ;;20250328;62700000;CompteLib_0029;;;25C103;20250328;EcritureLib_0171;;19,43;0,00;D;;;
BQ;Banque BQ;;20250328;51220000;CompteLib_0019;;;25C103;20250328;EcritureLib_0171;;0,00;19,43;C;;;
BQ;Banque BQ;;20250331;51100000;CompteLib_0031;;;25C105;20250331;EcritureLib_0487;;0,00;360,50;C;;;
BQ;Banque BQ;;20250331;51220000;CompteLib_0019;;;25C105;20250331;EcritureLib_0487;;360,50;0,00;D;;;
BQ;Banque BQ;;20250331;51100000;CompteLib_0031;;;25C106;20250331;EcritureLib_0488;;0,00;22,80;C;;;
BQ;Banque BQ;;20250331;51220000;CompteLib_0019;;;25C106;20250331;EcritureLib_0488;;22,80;0,00;D;;;
BQ;Banque BQ;;20250331;40100000;CompteLib_0012;401LIDL;LIDL;25C107;20250331;EcritureLib_0489;;33,88;0,00;D;;FP;20250710
BQ;Banque BQ;;20250331;51220000;CompteLib_0019;;;25C107;20250331;EcritureLib_0489;;0,00;33,88;C;;;
BQ;Banque BQ;;20250331;51100000;CompteLib_0031;;;25C108;20250331;EcritureLib_0094;;1,16;0,00;D;;;
BQ;Banque BQ;;20250331;51220000;CompteLib_0019;;;25C108;20250331;EcritureLib_0094;;0,00;1,16;C;;;
BQ;Banque BQ;;20250331;51100000;CompteLib_0031;;;25C109;20250331;EcritureLib_0094;;0,07;0,00;D;;;
BQ;Banque BQ;;20250331;51220000;CompteLib_0019;;;25C109;20250331;EcritureLib_0094;;0,00;0,07;C;;;
BQ;Banque BQ;;20250401;62601000;CompteLib_0030;;;25D1;20250401;EcritureLib_0096;;37,49;0,00;D;;;
BQ;Banque BQ;;20250401;44566100;CompteLib_0023;;;25D1;20250401;EcritureLib_0096;;7,50;0,00;D;;;
BQ;Banque BQ;;20250401;51220000;CompteLib_0019;;;25D1;20250401;EcritureLib_0096;;0,00;44,99;C;;;
BQ;Banque BQ;;20250401;62700000;CompteLib_0029;;;25D2;20250401;EcritureLib_0490;;26,32;0,00;D;;;
BQ;Banque BQ;;20250401;51220000;CompteLib_0019;;;25D2;20250401;EcritureLib_0490;;0,00;26,32;C;;;
BQ;Banque BQ;;20250401;62700000;CompteLib_0029;;;25D3;20250401;EcritureLib_0378;;5,25;0,00;D;;;
BQ;Banque BQ;;20250401;51220000;CompteLib_0019;;;25D3;20250401;EcritureLib_0378;;0,00;5,25;C;;;
BQ;Banque BQ;;20250402;51100000;CompteLib_0031;;;25D6;20250402;EcritureLib_0491;;0,00;182,10;C;;;
BQ;Banque BQ;;20250402;51220000;CompteLib_0019;;;25D6;20250402;EcritureLib_0491;;182,10;0,00;D;;;
BQ;Banque BQ;;20250402;51180000;CompteLib_0034;;;25D7;20250402;EcritureLib_0138;;0,00;10,27;C;;;
BQ;Banque BQ;;20250402;51220000;CompteLib_0019;;;25D7;20250402;EcritureLib_0138;;10,27;0,00;D;;;
BQ;Banque BQ;;20250402;40100000;CompteLib_0012;401LIDL;LIDL;25D8;20250402;EcritureLib_0492;;42,13;0,00;D;;GG;20250710
BQ;Banque BQ;;20250402;51220000;CompteLib_0019;;;25D8;20250402;EcritureLib_0492;;0,00;42,13;C;;;
BQ;Banque BQ;;20250402;47100000;CompteLib_0027;;;25D9;20250402;EcritureLib_0493;;14,73;0,00;D;;;
BQ;Banque BQ;;20250402;51220000;CompteLib_0019;;;25D9;20250402;EcritureLib_0493;;0,00;14,73;C;;;
BQ;Banque BQ;;20250402;40100000;CompteLib_0012;401LIDL;LIDL;25D10;20250402;EcritureLib_0492;;9,28;0,00;D;;GF;20250710
BQ;Banque BQ;;20250402;51220000;CompteLib_0019;;;25D10;20250402;EcritureLib_0492;;0,00;9,28;C;;;
BQ;Banque BQ;;20250402;47100000;CompteLib_0027;;;25D11;20250402;EcritureLib_0145;;0,85;0,00;D;;;
BQ;Banque BQ;;20250402;51220000;CompteLib_0019;;;25D11;20250402;EcritureLib_0145;;0,00;0,85;C;;;
BQ;Banque BQ;;20250402;51100000;CompteLib_0031;;;25D12;20250402;EcritureLib_0094;;0,61;0,00;D;;;
BQ;Banque BQ;;20250402;51220000;CompteLib_0019;;;25D12;20250402;EcritureLib_0094;;0,00;0,61;C;;;
BQ;Banque BQ;;20250403;51100000;CompteLib_0031;;;25D14;20250403;EcritureLib_0494;;0,00;159,80;C;;;
BQ;Banque BQ;;20250403;51220000;CompteLib_0019;;;25D14;20250403;EcritureLib_0494;;159,80;0,00;D;;;
BQ;Banque BQ;;20250403;51100000;CompteLib_0031;;;25D15;20250403;EcritureLib_0495;;0,00;20,90;C;;;
BQ;Banque BQ;;20250403;51220000;CompteLib_0019;;;25D15;20250403;EcritureLib_0495;;20,90;0,00;D;;;
BQ;Banque BQ;;20250403;40100000;CompteLib_0012;401LOYER;LOYER ET CHARGES;25D16;20250403;EcritureLib_0496;;1361,10;0,00;D;;R;20251105
BQ;Banque BQ;;20250403;51220000;CompteLib_0019;;;25D16;20250403;EcritureLib_0496;;0,00;1361,10;C;;;
BQ;Banque BQ;;20250403;40100000;CompteLib_0012;401VANDEN;VANDENBULCKE;25D17;20250403;EcritureLib_0100;;136,08;0,00;D;;AK;20250626
BQ;Banque BQ;;20250403;51220000;CompteLib_0019;;;25D17;20250403;EcritureLib_0100;;0,00;136,08;C;;;
BQ;Banque BQ;;20250403;40100000;CompteLib_0012;401LIDL;LIDL;25D18;20250403;EcritureLib_0497;;67,95;0,00;D;;GI;20250710
BQ;Banque BQ;;20250403;51220000;CompteLib_0019;;;25D18;20250403;EcritureLib_0497;;0,00;67,95;C;;;
BQ;Banque BQ;;20250403;51100000;CompteLib_0031;;;25D19;20250403;EcritureLib_0094;;0,51;0,00;D;;;
BQ;Banque BQ;;20250403;51220000;CompteLib_0019;;;25D19;20250403;EcritureLib_0094;;0,00;0,51;C;;;
BQ;Banque BQ;;20250404;51100000;CompteLib_0031;;;25D22;20250404;EcritureLib_0498;;0,00;171,80;C;;;
BQ;Banque BQ;;20250404;51220000;CompteLib_0019;;;25D22;20250404;EcritureLib_0498;;171,80;0,00;D;;;
BQ;Banque BQ;;20250404;40100000;CompteLib_0012;401DIVERS;FOURNISSEURS DIVERS;25D23;20250404;EcritureLib_0499;;33,13;0,00;D;;O;20250626
BQ;Banque BQ;;20250404;51220000;CompteLib_0019;;;25D23;20250404;EcritureLib_0499;;0,00;33,13;C;;;
BQ;Banque BQ;;20250404;40100000;CompteLib_0012;401LIDL;LIDL;25D24;20250404;EcritureLib_0500;;20,70;0,00;D;;GJ;20250710
BQ;Banque BQ;;20250404;51220000;CompteLib_0019;;;25D24;20250404;EcritureLib_0500;;0,00;20,70;C;;;
BQ;Banque BQ;;20250404;51100000;CompteLib_0031;;;25D25;20250404;EcritureLib_0094;;0,57;0,00;D;;;
BQ;Banque BQ;;20250404;51220000;CompteLib_0019;;;25D25;20250404;EcritureLib_0094;;0,00;0,57;C;;;
BQ;Banque BQ;;20250407;51100000;CompteLib_0031;;;25D28;20250407;EcritureLib_0501;;0,00;353,60;C;;;
BQ;Banque BQ;;20250407;51220000;CompteLib_0019;;;25D28;20250407;EcritureLib_0501;;353,60;0,00;D;;;
BQ;Banque BQ;;20250407;51100000;CompteLib_0031;;;25D29;20250407;EcritureLib_0502;;0,00;340,70;C;;;
BQ;Banque BQ;;20250407;51220000;CompteLib_0019;;;25D29;20250407;EcritureLib_0502;;340,70;0,00;D;;;
BQ;Banque BQ;;20250407;51100000;CompteLib_0031;;;25D30;20250407;EcritureLib_0503;;0,00;213,80;C;;;
BQ;Banque BQ;;20250407;51220000;CompteLib_0019;;;25D30;20250407;EcritureLib_0503;;213,80;0,00;D;;;
BQ;Banque BQ;;20250407;51100000;CompteLib_0031;;;25D31;20250407;EcritureLib_0504;;0,00;102,10;C;;;
BQ;Banque BQ;;20250407;51220000;CompteLib_0019;;;25D31;20250407;EcritureLib_0504;;102,10;0,00;D;;;
BQ;Banque BQ;;20250407;51100000;CompteLib_0031;;;25D32;20250407;EcritureLib_0505;;0,00;25,90;C;;;
BQ;Banque BQ;;20250407;51220000;CompteLib_0019;;;25D32;20250407;EcritureLib_0505;;25,90;0,00;D;;;
BQ;Banque BQ;;20250407;40100000;CompteLib_0012;401DIVERS;FOURNISSEURS DIVERS;25D33;20250407;EcritureLib_0506;;123,94;0,00;D;;;
BQ;Banque BQ;;20250407;51220000;CompteLib_0019;;;25D33;20250407;EcritureLib_0506;;0,00;123,94;C;;;
BQ;Banque BQ;;20250407;40100000;CompteLib_0012;401METRO;METRO;25D34;20250407;EcritureLib_0507;;111,07;0,00;D;;AY;20250626
BQ;Banque BQ;;20250407;51220000;CompteLib_0019;;;25D34;20250407;EcritureLib_0507;;0,00;111,07;C;;;
BQ;Banque BQ;;20250407;61600000;CompteLib_0032;;;25D35;20250407;EcritureLib_0113;;76,89;0,00;D;;;
BQ;Banque BQ;;20250407;51220000;CompteLib_0019;;;25D35;20250407;EcritureLib_0113;;0,00;76,89;C;;;
BQ;Banque BQ;;20250407;40100000;CompteLib_0012;401LIDL;LIDL;25D36;20250407;EcritureLib_0508;;27,64;0,00;D;;GO;20250710
BQ;Banque BQ;;20250407;51220000;CompteLib_0019;;;25D36;20250407;EcritureLib_0508;;0,00;27,64;C;;;
BQ;Banque BQ;;20250407;51100000;CompteLib_0031;;;25D37;20250407;EcritureLib_0094;;1,46;0,00;D;;;
BQ;Banque BQ;;20250407;51220000;CompteLib_0019;;;25D37;20250407;EcritureLib_0094;;0,00;1,46;C;;;
BQ;Banque BQ;;20250407;51100000;CompteLib_0031;;;25D38;20250407;EcritureLib_0094;;1,17;0,00;D;;;
BQ;Banque BQ;;20250407;51220000;CompteLib_0019;;;25D38;20250407;EcritureLib_0094;;0,00;1,17;C;;;
BQ;Banque BQ;;20250407;51100000;CompteLib_0031;;;25D39;20250407;EcritureLib_0094;;0,75;0,00;D;;;
BQ;Banque BQ;;20250407;51220000;CompteLib_0019;;;25D39;20250407;EcritureLib_0094;;0,00;0,75;C;;;
BQ;Banque BQ;;20250407;51100000;CompteLib_0031;;;25D40;20250407;EcritureLib_0094;;0,31;0,00;D;;;
BQ;Banque BQ;;20250407;51220000;CompteLib_0019;;;25D40;20250407;EcritureLib_0094;;0,00;0,31;C;;;
BQ;Banque BQ;;20250407;51100000;CompteLib_0031;;;25D41;20250407;EcritureLib_0094;;0,08;0,00;D;;;
BQ;Banque BQ;;20250407;51220000;CompteLib_0019;;;25D41;20250407;EcritureLib_0094;;0,00;0,08;C;;;
BQ;Banque BQ;;20250407;47100000;CompteLib_0027;;;25D42;20250407;EcritureLib_0506;;0,00;119,94;C;;;
BQ;Banque BQ;;20250407;51220000;CompteLib_0019;;;25D42;20250407;EcritureLib_0506;;119,94;0,00;D;;;
BQ;Banque BQ;;20250409;51100000;CompteLib_0031;;;25D44;20250409;EcritureLib_0509;;0,00;87,94;C;;;
BQ;Banque BQ;;20250409;51220000;CompteLib_0019;;;25D44;20250409;EcritureLib_0509;;87,94;0,00;D;;;
BQ;Banque BQ;;20250409;51180000;CompteLib_0034;;;25D45;20250409;EcritureLib_0138;;0,00;19,29;C;;;
BQ;Banque BQ;;20250409;51220000;CompteLib_0019;;;25D45;20250409;EcritureLib_0138;;19,29;0,00;D;;;
BQ;Banque BQ;;20250409;40100000;CompteLib_0012;401LIDL;LIDL;25D46;20250409;EcritureLib_0510;;39,73;0,00;D;;GN;20250710
BQ;Banque BQ;;20250409;51220000;CompteLib_0019;;;25D46;20250409;EcritureLib_0510;;0,00;39,73;C;;;
BQ;Banque BQ;;20250410;51100000;CompteLib_0031;;;25D49;20250410;EcritureLib_0511;;0,00;189,40;C;;;
BQ;Banque BQ;;20250410;51220000;CompteLib_0019;;;25D49;20250410;EcritureLib_0511;;189,40;0,00;D;;;
BQ;Banque BQ;;20250410;51100000;CompteLib_0031;;;25D50;20250410;EcritureLib_0512;;0,00;92,33;C;;;
BQ;Banque BQ;;20250410;51220000;CompteLib_0019;;;25D50;20250410;EcritureLib_0512;;92,33;0,00;D;;;
BQ;Banque BQ;;20250410;40100000;CompteLib_0012;401STC;STC DIGIT;25D51;20250410;EcritureLib_0155;;193,20;0,00;D;;;
BQ;Banque BQ;;20250410;51220000;CompteLib_0019;;;25D51;20250410;EcritureLib_0155;;0,00;193,20;C;;;
BQ;Banque BQ;;20250410;40100000;CompteLib_0012;401LIDL;LIDL;25D52;20250410;EcritureLib_0513;;47,87;0,00;D;;GM;20250710
BQ;Banque BQ;;20250410;51220000;CompteLib_0019;;;25D52;20250410;EcritureLib_0513;;0,00;47,87;C;;;
BQ;Banque BQ;;20250410;40100000;CompteLib_0012;401GRANDF;GRAND FRAIS;25D53;20250410;EcritureLib_0514;;34,71;0,00;D;;;
BQ;Banque BQ;;20250410;51220000;CompteLib_0019;;;25D53;20250410;EcritureLib_0514;;0,00;34,71;C;;;
BQ;Banque BQ;;20250410;51100000;CompteLib_0031;;;25D54;20250410;EcritureLib_0094;;0,96;0,00;D;;;
BQ;Banque BQ;;20250410;51220000;CompteLib_0019;;;25D54;20250410;EcritureLib_0094;;0,00;0,96;C;;;
BQ;Banque BQ;;20250411;51100000;CompteLib_0031;;;25D57;20250411;EcritureLib_0515;;0,00;229,20;C;;;
BQ;Banque BQ;;20250411;51220000;CompteLib_0019;;;25D57;20250411;EcritureLib_0515;;229,20;0,00;D;;;
BQ;Banque BQ;;20250411;51100000;CompteLib_0031;;;25D58;20250411;EcritureLib_0516;;0,00;194,40;C;;;
BQ;Banque BQ;;20250411;51220000;CompteLib_0019;;;25D58;20250411;EcritureLib_0516;;194,40;0,00;D;;;
BQ;Banque BQ;;20250411;40100000;CompteLib_0012;401INTER;INTERESTO;25D59;20250411;EcritureLib_0517;;47,74;0,00;D;;AT;20250626
BQ;Banque BQ;;20250411;51220000;CompteLib_0019;;;25D59;20250411;EcritureLib_0517;;0,00;47,74;C;;;
BQ;Banque BQ;;20250411;40100000;CompteLib_0012;401LIDL;LIDL;25D60;20250411;EcritureLib_0518;;24,34;0,00;D;;GP;20250710
BQ;Banque BQ;;20250411;51220000;CompteLib_0019;;;25D60;20250411;EcritureLib_0518;;0,00;24,34;C;;;
BQ;Banque BQ;;20250411;51100000;CompteLib_0031;;;25D61;20250411;EcritureLib_0094;;0,71;0,00;D;;;
BQ;Banque BQ;;20250411;51220000;CompteLib_0019;;;25D61;20250411;EcritureLib_0094;;0,00;0,71;C;;;
BQ;Banque BQ;;20250411;51100000;CompteLib_0031;;;25D62;20250411;EcritureLib_0094;;0,67;0,00;D;;;
BQ;Banque BQ;;20250411;51220000;CompteLib_0019;;;25D62;20250411;EcritureLib_0094;;0,00;0,67;C;;;
BQ;Banque BQ;;20250414;51100000;CompteLib_0031;;;25D65;20250414;EcritureLib_0519;;0,00;292,10;C;;;
BQ;Banque BQ;;20250414;51220000;CompteLib_0019;;;25D65;20250414;EcritureLib_0519;;292,10;0,00;D;;;
BQ;Banque BQ;;20250414;51100000;CompteLib_0031;;;25D66;20250414;EcritureLib_0520;;0,00;229,60;C;;;
BQ;Banque BQ;;20250414;51220000;CompteLib_0019;;;25D66;20250414;EcritureLib_0520;;229,60;0,00;D;;;
BQ;Banque BQ;;20250414;51100000;CompteLib_0031;;;25D67;20250414;EcritureLib_0521;;0,00;86,90;C;;;
BQ;Banque BQ;;20250414;51220000;CompteLib_0019;;;25D67;20250414;EcritureLib_0521;;86,90;0,00;D;;;
BQ;Banque BQ;;20250414;51100000;CompteLib_0031;;;25D68;20250414;EcritureLib_0522;;0,00;18,00;C;;;
BQ;Banque BQ;;20250414;51220000;CompteLib_0019;;;25D68;20250414;EcritureLib_0522;;18,00;0,00;D;;;
BQ;Banque BQ;;20250414;40100000;CompteLib_0012;401LIDL;LIDL;25D69;20250414;EcritureLib_0523;;156,37;0,00;D;;GE;20250710
BQ;Banque BQ;;20250414;51220000;CompteLib_0019;;;25D69;20250414;EcritureLib_0523;;0,00;156,37;C;;;
BQ;Banque BQ;;20250414;51100000;CompteLib_0031;;;25D70;20250414;EcritureLib_0094;;1,31;0,00;D;;;
BQ;Banque BQ;;20250414;51220000;CompteLib_0019;;;25D70;20250414;EcritureLib_0094;;0,00;1,31;C;;;
BQ;Banque BQ;;20250414;51100000;CompteLib_0031;;;25D71;20250414;EcritureLib_0094;;1,01;0,00;D;;;
BQ;Banque BQ;;20250414;51220000;CompteLib_0019;;;25D71;20250414;EcritureLib_0094;;0,00;1,01;C;;;
BQ;Banque BQ;;20250414;51100000;CompteLib_0031;;;25D72;20250414;EcritureLib_0094;;0,27;0,00;D;;;
BQ;Banque BQ;;20250414;51220000;CompteLib_0019;;;25D72;20250414;EcritureLib_0094;;0,00;0,27;C;;;
BQ;Banque BQ;;20250414;51100000;CompteLib_0031;;;25D73;20250414;EcritureLib_0094;;0,05;0,00;D;;;
BQ;Banque BQ;;20250414;51220000;CompteLib_0019;;;25D73;20250414;EcritureLib_0094;;0,00;0,05;C;;;
BQ;Banque BQ;;20250415;51100000;CompteLib_0031;;;25D74;20250415;EcritureLib_0524;;0,00;9,65;C;;;
BQ;Banque BQ;;20250415;51220000;CompteLib_0019;;;25D74;20250415;EcritureLib_0524;;9,65;0,00;D;;;
BQ;Banque BQ;;20250416;51100000;CompteLib_0031;;;25D75;20250416;EcritureLib_0525;;0,00;113,00;C;;;
BQ;Banque BQ;;20250416;51220000;CompteLib_0019;;;25D75;20250416;EcritureLib_0525;;113,00;0,00;D;;;
BQ;Banque BQ;;20250416;51180000;CompteLib_0034;;;25D76;20250416;EcritureLib_0138;;0,00;15,11;C;;;
BQ;Banque BQ;;20250416;51220000;CompteLib_0019;;;25D76;20250416;EcritureLib_0138;;15,11;0,00;D;;;
BQ;Banque BQ;;20250416;51100000;CompteLib_0031;;;25D77;20250416;EcritureLib_0526;;0,00;14,40;C;;;
BQ;Banque BQ;;20250416;51220000;CompteLib_0019;;;25D77;20250416;EcritureLib_0526;;14,40;0,00;D;;;
BQ;Banque BQ;;20250416;51100000;CompteLib_0031;;;25D78;20250416;EcritureLib_0094;;0,40;0,00;D;;;
BQ;Banque BQ;;20250416;51220000;CompteLib_0019;;;25D78;20250416;EcritureLib_0094;;0,00;0,40;C;;;
BQ;Banque BQ;;20250416;51100000;CompteLib_0031;;;25D79;20250416;EcritureLib_0094;;0,04;0,00;D;;;
BQ;Banque BQ;;20250416;51220000;CompteLib_0019;;;25D79;20250416;EcritureLib_0094;;0,00;0,04;C;;;
BQ;Banque BQ;;20250416;47100000;CompteLib_0027;;;25D80;20250416;EcritureLib_0527;;837,00;0,00;D;;;
BQ;Banque BQ;;20250416;51220000;CompteLib_0019;;;25D80;20250416;EcritureLib_0527;;0,00;837,00;C;;;
BQ;Banque BQ;;20250417;51100000;CompteLib_0031;;;25D82;20250417;EcritureLib_0528;;0,00;71,60;C;;;
BQ;Banque BQ;;20250417;51220000;CompteLib_0019;;;25D82;20250417;EcritureLib_0528;;71,60;0,00;D;;;
BQ;Banque BQ;;20250417;51100000;CompteLib_0031;;;25D83;20250417;EcritureLib_0529;;0,00;41,26;C;;;
BQ;Banque BQ;;20250417;51220000;CompteLib_0019;;;25D83;20250417;EcritureLib_0529;;41,26;0,00;D;;;
BQ;Banque BQ;;20250417;51100000;CompteLib_0031;;;25D84;20250417;EcritureLib_0530;;0,00;15,90;C;;;
BQ;Banque BQ;;20250417;51220000;CompteLib_0019;;;25D84;20250417;EcritureLib_0530;;15,90;0,00;D;;;
BQ;Banque BQ;;20250417;51100000;CompteLib_0031;;;25D85;20250417;EcritureLib_0531;;0,00;15,59;C;;;
BQ;Banque BQ;;20250417;51220000;CompteLib_0019;;;25D85;20250417;EcritureLib_0531;;15,59;0,00;D;;;
BQ;Banque BQ;;20250417;47100000;CompteLib_0027;;;25D86;20250417;EcritureLib_0210;;93,29;0,00;D;;;
BQ;Banque BQ;;20250417;51220000;CompteLib_0019;;;25D86;20250417;EcritureLib_0210;;0,00;93,29;C;;;
BQ;Banque BQ;;20250417;40100000;CompteLib_0012;401LIDL;LIDL;25D87;20250417;EcritureLib_0532;;37,48;0,00;D;;GS;20250710
BQ;Banque BQ;;20250417;51220000;CompteLib_0019;;;25D87;20250417;EcritureLib_0532;;0,00;37,48;C;;;
BQ;Banque BQ;;20250417;51100000;CompteLib_0031;;;25D88;20250417;EcritureLib_0094;;0,21;0,00;D;;;
BQ;Banque BQ;;20250417;51220000;CompteLib_0019;;;25D88;20250417;EcritureLib_0094;;0,00;0,21;C;;;
BQ;Banque BQ;;20250417;51100000;CompteLib_0031;;;25D89;20250417;EcritureLib_0094;;0,05;0,00;D;;;
BQ;Banque BQ;;20250417;51220000;CompteLib_0019;;;25D89;20250417;EcritureLib_0094;;0,00;0,05;C;;;
BQ;Banque BQ;;20250418;51100000;CompteLib_0031;;;25D90;20250418;EcritureLib_0533;;0,00;203,80;C;;;
BQ;Banque BQ;;20250418;51220000;CompteLib_0019;;;25D90;20250418;EcritureLib_0533;;203,80;0,00;D;;;
BQ;Banque BQ;;20250418;51100000;CompteLib_0031;;;25D91;20250418;EcritureLib_0094;;0,70;0,00;D;;;
BQ;Banque BQ;;20250418;51220000;CompteLib_0019;;;25D91;20250418;EcritureLib_0094;;0,00;0,70;C;;;
BQ;Banque BQ;;20250422;51100000;CompteLib_0031;;;25D96;20250422;EcritureLib_0534;;0,00;338,50;C;;;
BQ;Banque BQ;;20250422;51220000;CompteLib_0019;;;25D96;20250422;EcritureLib_0534;;338,50;0,00;D;;;
BQ;Banque BQ;;20250422;51100000;CompteLib_0031;;;25D97;20250422;EcritureLib_0535;;0,00;207,50;C;;;
BQ;Banque BQ;;20250422;51220000;CompteLib_0019;;;25D97;20250422;EcritureLib_0535;;207,50;0,00;D;;;
BQ;Banque BQ;;20250422;51100000;CompteLib_0031;;;25D98;20250422;EcritureLib_0536;;0,00;188,90;C;;;
BQ;Banque BQ;;20250422;51220000;CompteLib_0019;;;25D98;20250422;EcritureLib_0536;;188,90;0,00;D;;;
BQ;Banque BQ;;20250422;51100000;CompteLib_0031;;;25D99;20250422;EcritureLib_0537;;0,00;51,70;C;;;
BQ;Banque BQ;;20250422;51220000;CompteLib_0019;;;25D99;20250422;EcritureLib_0537;;51,70;0,00;D;;;
BQ;Banque BQ;;20250422;40100000;CompteLib_0012;401LIDL;LIDL;25D100;20250422;EcritureLib_0538;;74,17;0,00;D;;GK;20250710
BQ;Banque BQ;;20250422;51220000;CompteLib_0019;;;25D100;20250422;EcritureLib_0538;;0,00;74,17;C;;;
BQ;Banque BQ;;20250422;40100000;CompteLib_0012;401GRANDF;GRAND FRAIS;25D101;20250422;EcritureLib_0539;;42,08;0,00;D;;W;20250626
BQ;Banque BQ;;20250422;51220000;CompteLib_0019;;;25D101;20250422;EcritureLib_0539;;0,00;42,08;C;;;
BQ;Banque BQ;;20250422;40100000;CompteLib_0012;401LIDL;LIDL;25D102;20250422;EcritureLib_0540;;31,11;0,00;D;;GR;20250710
BQ;Banque BQ;;20250422;51220000;CompteLib_0019;;;25D102;20250422;EcritureLib_0540;;0,00;31,11;C;;;
BQ;Banque BQ;;20250422;40100000;CompteLib_0012;401INTER;INTERESTO;25D103;20250422;EcritureLib_0541;;18,20;0,00;D;;AZ;20250626
BQ;Banque BQ;;20250422;51220000;CompteLib_0019;;;25D103;20250422;EcritureLib_0541;;0,00;18,20;C;;;
BQ;Banque BQ;;20250422;51100000;CompteLib_0031;;;25D104;20250422;EcritureLib_0094;;1,18;0,00;D;;;
BQ;Banque BQ;;20250422;51220000;CompteLib_0019;;;25D104;20250422;EcritureLib_0094;;0,00;1,18;C;;;
BQ;Banque BQ;;20250422;51100000;CompteLib_0031;;;25D105;20250422;EcritureLib_0094;;0,69;0,00;D;;;
BQ;Banque BQ;;20250422;51220000;CompteLib_0019;;;25D105;20250422;EcritureLib_0094;;0,00;0,69;C;;;
BQ;Banque BQ;;20250422;51100000;CompteLib_0031;;;25D106;20250422;EcritureLib_0094;;0,59;0,00;D;;;
BQ;Banque BQ;;20250422;51220000;CompteLib_0019;;;25D106;20250422;EcritureLib_0094;;0,00;0,59;C;;;
BQ;Banque BQ;;20250422;51100000;CompteLib_0031;;;25D107;20250422;EcritureLib_0094;;0,18;0,00;D;;;
BQ;Banque BQ;;20250422;51220000;CompteLib_0019;;;25D107;20250422;EcritureLib_0094;;0,00;0,18;C;;;
BQ;Banque BQ;;20250423;51100000;CompteLib_0031;;;25D109;20250423;EcritureLib_0542;;0,00;105,30;C;;;
BQ;Banque BQ;;20250423;51220000;CompteLib_0019;;;25D109;20250423;EcritureLib_0542;;105,30;0,00;D;;;
BQ;Banque BQ;;20250423;61352000;CompteLib_0035;;;25D110;20250423;EcritureLib_0152;;66,62;0,00;D;;;
BQ;Banque BQ;;20250423;44566100;CompteLib_0023;;;25D110;20250423;EcritureLib_0152;;13,32;0,00;D;;;
BQ;Banque BQ;;20250423;51220000;CompteLib_0019;;;25D110;20250423;EcritureLib_0152;;0,00;79,94;C;;;
BQ;Banque BQ;;20250423;40100000;CompteLib_0012;401INTER;INTERESTO;25D111;20250423;EcritureLib_0543;;41,04;0,00;D;;;
BQ;Banque BQ;;20250423;51220000;CompteLib_0019;;;25D111;20250423;EcritureLib_0543;;0,00;41,04;C;;;
BQ;Banque BQ;;20250423;47100000;CompteLib_0027;;;25D112;20250423;EcritureLib_0145;;3,70;0,00;D;;;
BQ;Banque BQ;;20250423;51220000;CompteLib_0019;;;25D112;20250423;EcritureLib_0145;;0,00;3,70;C;;;
BQ;Banque BQ;;20250423;51100000;CompteLib_0031;;;25D113;20250423;EcritureLib_0094;;0,32;0,00;D;;;
BQ;Banque BQ;;20250423;51220000;CompteLib_0019;;;25D113;20250423;EcritureLib_0094;;0,00;0,32;C;;;
BQ;Banque BQ;;20250424;51100000;CompteLib_0031;;;25D114;20250424;EcritureLib_0544;;0,00;55,15;C;;;
BQ;Banque BQ;;20250424;51220000;CompteLib_0019;;;25D114;20250424;EcritureLib_0544;;55,15;0,00;D;;;
BQ;Banque BQ;;20250424;51100000;CompteLib_0031;;;25D115;20250424;EcritureLib_0545;;0,00;10,35;C;;;
BQ;Banque BQ;;20250424;51220000;CompteLib_0019;;;25D115;20250424;EcritureLib_0545;;10,35;0,00;D;;;
BQ;Banque BQ;;20250424;40100000;CompteLib_0012;401VANDEN;VANDENBULCKE;25D116;20250424;EcritureLib_0100;;199,72;0,00;D;;AI;20250626
BQ;Banque BQ;;20250424;51220000;CompteLib_0019;;;25D116;20250424;EcritureLib_0100;;0,00;199,72;C;;;
BQ;Banque BQ;;20250425;40100000;CompteLib_0012;401LIDL;LIDL;25D118;20250425;EcritureLib_0546;;44,86;0,00;D;;FQ;20250710
BQ;Banque BQ;;20250425;51220000;CompteLib_0019;;;25D118;20250425;EcritureLib_0546;;0,00;44,86;C;;;
BQ;Banque BQ;;20250425;62700000;CompteLib_0029;;;25D119;20250425;EcritureLib_0224;;5,33;0,00;D;;;
BQ;Banque BQ;;20250425;51220000;CompteLib_0019;;;25D119;20250425;EcritureLib_0224;;0,00;5,33;C;;;
BQ;Banque BQ;;20250425;62700000;CompteLib_0029;;;25D120;20250425;EcritureLib_0225;;5,33;0,00;D;;;
BQ;Banque BQ;;20250425;51220000;CompteLib_0019;;;25D120;20250425;EcritureLib_0225;;0,00;5,33;C;;;
BQ;Banque BQ;;20250428;51100000;CompteLib_0031;;;25D126;20250428;EcritureLib_0547;;0,00;124,50;C;;;
BQ;Banque BQ;;20250428;51220000;CompteLib_0019;;;25D126;20250428;EcritureLib_0547;;124,50;0,00;D;;;
BQ;Banque BQ;;20250428;51100000;CompteLib_0031;;;25D127;20250428;EcritureLib_0548;;0,00;80,40;C;;;
BQ;Banque BQ;;20250428;51220000;CompteLib_0019;;;25D127;20250428;EcritureLib_0548;;80,40;0,00;D;;;
BQ;Banque BQ;;20250428;51100000;CompteLib_0031;;;25D128;20250428;EcritureLib_0549;;0,00;14,50;C;;;
BQ;Banque BQ;;20250428;51220000;CompteLib_0019;;;25D128;20250428;EcritureLib_0549;;14,50;0,00;D;;;
BQ;Banque BQ;;20250428;40100000;CompteLib_0012;401DIVERS;FOURNISSEURS DIVERS;25D129;20250428;EcritureLib_0550;;404,59;0,00;D;;;
BQ;Banque BQ;;20250428;51220000;CompteLib_0019;;;25D129;20250428;EcritureLib_0550;;0,00;404,59;C;;;
BQ;Banque BQ;;20250428;40100000;CompteLib_0012;401INTER;INTERESTO;25D130;20250428;EcritureLib_0551;;59,61;0,00;D;;AU;20250626
BQ;Banque BQ;;20250428;51220000;CompteLib_0019;;;25D130;20250428;EcritureLib_0551;;0,00;59,61;C;;;
BQ;Banque BQ;;20250428;40100000;CompteLib_0012;401LIDL;LIDL;25D131;20250428;EcritureLib_0552;;52,00;0,00;D;;FR;20250710
BQ;Banque BQ;;20250428;51220000;CompteLib_0019;;;25D131;20250428;EcritureLib_0552;;0,00;52,00;C;;;
BQ;Banque BQ;;20250428;62601000;CompteLib_0030;;;25D132;20250428;EcritureLib_0096;;40,81;0,00;D;;;
BQ;Banque BQ;;20250428;44566100;CompteLib_0023;;;25D132;20250428;EcritureLib_0096;;8,16;0,00;D;;;
BQ;Banque BQ;;20250428;51220000;CompteLib_0019;;;25D132;20250428;EcritureLib_0096;;0,00;48,97;C;;;
BQ;Banque BQ;;20250428;40100000;CompteLib_0012;401LIDL;LIDL;25D133;20250428;EcritureLib_0553;;43,31;0,00;D;;;
BQ;Banque BQ;;20250428;51220000;CompteLib_0019;;;25D133;20250428;EcritureLib_0553;;0,00;43,31;C;;;
BQ;Banque BQ;;20250428;40100000;CompteLib_0012;401ALDI;ALDI;25D134;20250428;EcritureLib_0554;;33,60;0,00;D;;AF;20250626
BQ;Banque BQ;;20250428;51220000;CompteLib_0019;;;25D134;20250428;EcritureLib_0554;;0,00;33,60;C;;;
BQ;Banque BQ;;20250428;40100000;CompteLib_0012;401GRANDF;GRAND FRAIS;25D135;20250428;EcritureLib_0555;;29,53;0,00;D;;AA;20250626
BQ;Banque BQ;;20250428;51220000;CompteLib_0019;;;25D135;20250428;EcritureLib_0555;;0,00;29,53;C;;;
BQ;Banque BQ;;20250428;51100000;CompteLib_0031;;;25D136;20250428;EcritureLib_0094;;0,44;0,00;D;;;
BQ;Banque BQ;;20250428;51220000;CompteLib_0019;;;25D136;20250428;EcritureLib_0094;;0,00;0,44;C;;;
BQ;Banque BQ;;20250428;51100000;CompteLib_0031;;;25D137;20250428;EcritureLib_0094;;0,28;0,00;D;;;
BQ;Banque BQ;;20250428;51220000;CompteLib_0019;;;25D137;20250428;EcritureLib_0094;;0,00;0,28;C;;;
BQ;Banque BQ;;20250428;51100000;CompteLib_0031;;;25D138;20250428;EcritureLib_0094;;0,04;0,00;D;;;
BQ;Banque BQ;;20250428;51220000;CompteLib_0019;;;25D138;20250428;EcritureLib_0094;;0,00;0,04;C;;;
BQ;Banque BQ;;20250429;62700000;CompteLib_0029;;;25D139;20250429;EcritureLib_0170;;0,00;0,64;C;;;
BQ;Banque BQ;;20250429;51220000;CompteLib_0019;;;25D139;20250429;EcritureLib_0170;;0,64;0,00;D;;;
BQ;Banque BQ;;20250429;62700000;CompteLib_0029;;;25D140;20250429;EcritureLib_0171;;19,43;0,00;D;;;
BQ;Banque BQ;;20250429;51220000;CompteLib_0019;;;25D140;20250429;EcritureLib_0171;;0,00;19,43;C;;;
BQ;Banque BQ;;20250430;51180000;CompteLib_0034;;;25D141;20250430;EcritureLib_0138;;0,00;36,98;C;;;
BQ;Banque BQ;;20250430;51220000;CompteLib_0019;;;25D141;20250430;EcritureLib_0138;;36,98;0,00;D;;;
BQ;Banque BQ;;20250502;51100000;CompteLib_0031;;;25E1;20250502;EcritureLib_0556;;0,00;79,89;C;;;
BQ;Banque BQ;;20250502;51220000;CompteLib_0019;;;25E1;20250502;EcritureLib_0556;;79,89;0,00;D;;;
BQ;Banque BQ;;20250502;51100000;CompteLib_0031;;;25E2;20250502;EcritureLib_0557;;0,00;49,60;C;;;
BQ;Banque BQ;;20250502;51220000;CompteLib_0019;;;25E2;20250502;EcritureLib_0557;;49,60;0,00;D;;;
BQ;Banque BQ;;20250502;51100000;CompteLib_0031;;;25E3;20250502;EcritureLib_0558;;0,00;5,50;C;;;
BQ;Banque BQ;;20250502;51220000;CompteLib_0019;;;25E3;20250502;EcritureLib_0558;;5,50;0,00;D;;;
BQ;Banque BQ;;20250502;40100000;CompteLib_0012;401MARDN;MARCHE DU NORD;25E4;20250502;EcritureLib_0559;;730,47;0,00;D;;AX;20250710
BQ;Banque BQ;;20250502;51220000;CompteLib_0019;;;25E4;20250502;EcritureLib_0559;;0,00;730,47;C;;;
BQ;Banque BQ;;20250502;62601000;CompteLib_0030;;;25E5;20250502;EcritureLib_0096;;87,49;0,00;D;;;
BQ;Banque BQ;;20250502;44566100;CompteLib_0023;;;25E5;20250502;EcritureLib_0096;;17,50;0,00;D;;;
BQ;Banque BQ;;20250502;51220000;CompteLib_0019;;;25E5;20250502;EcritureLib_0096;;0,00;104,99;C;;;
BQ;Banque BQ;;20250502;61350000;CompteLib_0036;;;25E6;20250502;EcritureLib_0179;;66,30;0,00;D;;;
BQ;Banque BQ;;20250502;44566100;CompteLib_0023;;;25E6;20250502;EcritureLib_0179;;13,26;0,00;D;;;
BQ;Banque BQ;;20250502;51220000;CompteLib_0019;;;25E6;20250502;EcritureLib_0179;;0,00;79,56;C;;;
BQ;Banque BQ;;20250502;40100000;CompteLib_0012;401LIDL;LIDL;25E7;20250502;EcritureLib_0560;;70,14;0,00;D;;FO;20250710
BQ;Banque BQ;;20250502;51220000;CompteLib_0019;;;25E7;20250502;EcritureLib_0560;;0,00;70,14;C;;;
BQ;Banque BQ;;20250502;51100000;CompteLib_0031;;;25E8;20250502;EcritureLib_0094;;0,60;0,00;D;;;
BQ;Banque BQ;;20250502;51220000;CompteLib_0019;;;25E8;20250502;EcritureLib_0094;;0,00;0,60;C;;;
BQ;Banque BQ;;20250502;51100000;CompteLib_0031;;;25E9;20250502;EcritureLib_0094;;0,02;0,00;D;;;
BQ;Banque BQ;;20250502;51220000;CompteLib_0019;;;25E9;20250502;EcritureLib_0094;;0,00;0,02;C;;;
BQ;Banque BQ;;20250502;62700000;CompteLib_0029;;;25E10;20250502;EcritureLib_0378;;5,25;0,00;D;;;
BQ;Banque BQ;;20250502;51220000;CompteLib_0019;;;25E10;20250502;EcritureLib_0378;;0,00;5,25;C;;;
BQ;Banque BQ;;20250505;51100000;CompteLib_0031;;;25E14;20250505;EcritureLib_0561;;0,00;45,70;C;;;
BQ;Banque BQ;;20250505;51220000;CompteLib_0019;;;25E14;20250505;EcritureLib_0561;;45,70;0,00;D;;;
BQ;Banque BQ;;20250505;51100000;CompteLib_0031;;;25E15;20250505;EcritureLib_0562;;0,00;42,40;C;;;
BQ;Banque BQ;;20250505;51220000;CompteLib_0019;;;25E15;20250505;EcritureLib_0562;;42,40;0,00;D;;;
BQ;Banque BQ;;20250505;40100000;CompteLib_0012;401METRO;METRO;25E16;20250505;EcritureLib_0563;;227,91;0,00;D;;AX;20250626
BQ;Banque BQ;;20250505;51220000;CompteLib_0019;;;25E16;20250505;EcritureLib_0563;;0,00;227,91;C;;;
BQ;Banque BQ;;20250505;61600000;CompteLib_0032;;;25E17;20250505;EcritureLib_0113;;76,89;0,00;D;;;
BQ;Banque BQ;;20250505;51220000;CompteLib_0019;;;25E17;20250505;EcritureLib_0113;;0,00;76,89;C;;;
BQ;Banque BQ;;20250505;40100000;CompteLib_0012;401LIDL;LIDL;25E18;20250505;EcritureLib_0564;;75,59;0,00;D;;GL;20250710
BQ;Banque BQ;;20250505;51220000;CompteLib_0019;;;25E18;20250505;EcritureLib_0564;;0,00;75,59;C;;;
BQ;Banque BQ;;20250505;40100000;CompteLib_0012;401VANDEN;VANDENBULCKE;25E19;20250505;EcritureLib_0100;;29,12;0,00;D;;AJ;20250626
BQ;Banque BQ;;20250505;51220000;CompteLib_0019;;;25E19;20250505;EcritureLib_0100;;0,00;29,12;C;;;
BQ;Banque BQ;;20250505;40100000;CompteLib_0012;401DIVERS;FOURNISSEURS DIVERS;25E20;20250505;EcritureLib_0565;;7,06;0,00;D;;N;20250626
BQ;Banque BQ;;20250505;51220000;CompteLib_0019;;;25E20;20250505;EcritureLib_0565;;0,00;7,06;C;;;
BQ;Banque BQ;;20250505;51100000;CompteLib_0031;;;25E21;20250505;EcritureLib_0094;;0,35;0,00;D;;;
BQ;Banque BQ;;20250505;51220000;CompteLib_0019;;;25E21;20250505;EcritureLib_0094;;0,00;0,35;C;;;
BQ;Banque BQ;;20250505;51100000;CompteLib_0031;;;25E22;20250505;EcritureLib_0094;;0,14;0,00;D;;;
BQ;Banque BQ;;20250505;51220000;CompteLib_0019;;;25E22;20250505;EcritureLib_0094;;0,00;0,14;C;;;
BQ;Banque BQ;;20250507;40100000;CompteLib_0012;401INTER;INTERESTO;25E25;20250507;EcritureLib_0566;;36,56;0,00;D;;AS;20250626
BQ;Banque BQ;;20250507;51220000;CompteLib_0019;;;25E25;20250507;EcritureLib_0566;;0,00;36,56;C;;;
BQ;Banque BQ;;20250508;51100000;CompteLib_0031;;;25E27;20250508;EcritureLib_0448;;0,00;1000,00;C;;;
BQ;Banque BQ;;20250508;51220000;CompteLib_0019;;;25E27;20250508;EcritureLib_0448;;1000,00;0,00;D;;;
BQ;Banque BQ;;20250508;51100000;CompteLib_0031;;;25E28;20250508;EcritureLib_0567;;0,00;38,68;C;;;
BQ;Banque BQ;;20250508;51220000;CompteLib_0019;;;25E28;20250508;EcritureLib_0567;;38,68;0,00;D;;;
BQ;Banque BQ;;20250508;40100000;CompteLib_0012;401LOYER;LOYER ET CHARGES;25E29;20250508;EcritureLib_0568;;1361,00;0,00;D;;;
BQ;Banque BQ;;20250508;51220000;CompteLib_0019;;;25E29;20250508;EcritureLib_0568;;0,00;1361,00;C;;;
BQ;Banque BQ;;20250509;51100000;CompteLib_0031;;;25E31;20250509;EcritureLib_0569;;0,00;313,10;C;;;
BQ;Banque BQ;;20250509;51220000;CompteLib_0019;;;25E31;20250509;EcritureLib_0569;;313,10;0,00;D;;;
BQ;Banque BQ;;20250509;51100000;CompteLib_0031;;;25E32;20250509;EcritureLib_0570;;0,00;65,00;C;;;
BQ;Banque BQ;;20250509;51220000;CompteLib_0019;;;25E32;20250509;EcritureLib_0570;;65,00;0,00;D;;;
BQ;Banque BQ;;20250509;51100000;CompteLib_0031;;;25E33;20250509;EcritureLib_0571;;0,00;50,70;C;;;
BQ;Banque BQ;;20250509;51220000;CompteLib_0019;;;25E33;20250509;EcritureLib_0571;;50,70;0,00;D;;;
BQ;Banque BQ;;20250509;51100000;CompteLib_0031;;;25E34;20250509;EcritureLib_0572;;0,00;5,40;C;;;
BQ;Banque BQ;;20250509;51220000;CompteLib_0019;;;25E34;20250509;EcritureLib_0572;;5,40;0,00;D;;;
BQ;Banque BQ;;20250509;40100000;CompteLib_0012;401HALLES;LES HALLES DU SUD;25E35;20250509;EcritureLib_0573;;172,00;0,00;D;;T;20250626
BQ;Banque BQ;;20250509;51220000;CompteLib_0019;;;25E35;20250509;EcritureLib_0573;;0,00;172,00;C;;;
BQ;Banque BQ;;20250509;40100000;CompteLib_0012;401ALDI;ALDI;25E36;20250509;EcritureLib_0574;;55,01;0,00;D;;AE;20250626
BQ;Banque BQ;;20250509;51220000;CompteLib_0019;;;25E36;20250509;EcritureLib_0574;;0,00;55,01;C;;;
BQ;Banque BQ;;20250509;51100000;CompteLib_0031;;;25E37;20250509;EcritureLib_0094;;1,04;0,00;D;;;
BQ;Banque BQ;;20250509;51220000;CompteLib_0019;;;25E37;20250509;EcritureLib_0094;;0,00;1,04;C;;;
BQ;Banque BQ;;20250509;51100000;CompteLib_0031;;;25E38;20250509;EcritureLib_0094;;0,23;0,00;D;;;
BQ;Banque BQ;;20250509;51220000;CompteLib_0019;;;25E38;20250509;EcritureLib_0094;;0,00;0,23;C;;;
BQ;Banque BQ;;20250509;51100000;CompteLib_0031;;;25E39;20250509;EcritureLib_0094;;0,18;0,00;D;;;
BQ;Banque BQ;;20250509;51220000;CompteLib_0019;;;25E39;20250509;EcritureLib_0094;;0,00;0,18;C;;;
BQ;Banque BQ;;20250509;51100000;CompteLib_0031;;;25E40;20250509;EcritureLib_0094;;0,02;0,00;D;;;
BQ;Banque BQ;;20250509;51220000;CompteLib_0019;;;25E40;20250509;EcritureLib_0094;;0,00;0,02;C;;;
BQ;Banque BQ;;20250512;51100000;CompteLib_0031;;;25E43;20250512;EcritureLib_0575;;0,00;189,40;C;;;
BQ;Banque BQ;;20250512;51220000;CompteLib_0019;;;25E43;20250512;EcritureLib_0575;;189,40;0,00;D;;;
BQ;Banque BQ;;20250512;51100000;CompteLib_0031;;;25E44;20250512;EcritureLib_0576;;0,00;73,40;C;;;
BQ;Banque BQ;;20250512;51220000;CompteLib_0019;;;25E44;20250512;EcritureLib_0576;;73,40;0,00;D;;;
BQ;Banque BQ;;20250512;40100000;CompteLib_0012;401LIDL;LIDL;25E45;20250512;EcritureLib_0577;;48,10;0,00;D;;FN;20250710
BQ;Banque BQ;;20250512;51220000;CompteLib_0019;;;25E45;20250512;EcritureLib_0577;;0,00;48,10;C;;;
BQ;Banque BQ;;20250512;40100000;CompteLib_0012;401DIVERS;FOURNISSEURS DIVERS;25E46;20250512;EcritureLib_0578;;23,89;0,00;D;;P;20250626
BQ;Banque BQ;;20250512;51220000;CompteLib_0019;;;25E46;20250512;EcritureLib_0578;;0,00;23,89;C;;;
BQ;Banque BQ;;20250512;51100000;CompteLib_0031;;;25E47;20250512;EcritureLib_0094;;1,06;0,00;D;;;
BQ;Banque BQ;;20250512;51220000;CompteLib_0019;;;25E47;20250512;EcritureLib_0094;;0,00;1,06;C;;;
BQ;Banque BQ;;20250512;51100000;CompteLib_0031;;;25E48;20250512;EcritureLib_0094;;0,24;0,00;D;;;
BQ;Banque BQ;;20250512;51220000;CompteLib_0019;;;25E48;20250512;EcritureLib_0094;;0,00;0,24;C;;;
BQ;Banque BQ;;20250514;51100000;CompteLib_0031;;;25E50;20250514;EcritureLib_0579;;0,00;115,30;C;;;
BQ;Banque BQ;;20250514;51220000;CompteLib_0019;;;25E50;20250514;EcritureLib_0579;;115,30;0,00;D;;;
BQ;Banque BQ;;20250514;51100000;CompteLib_0031;;;25E51;20250514;EcritureLib_0580;;0,00;9,80;C;;;
BQ;Banque BQ;;20250514;51220000;CompteLib_0019;;;25E51;20250514;EcritureLib_0580;;9,80;0,00;D;;;
BQ;Banque BQ;;20250514;40100000;CompteLib_0012;401LIDL;LIDL;25E52;20250514;EcritureLib_0581;;90,78;0,00;D;;FL;20250710
BQ;Banque BQ;;20250514;51220000;CompteLib_0019;;;25E52;20250514;EcritureLib_0581;;0,00;90,78;C;;;
BQ;Banque BQ;;20250514;51100000;CompteLib_0031;;;25E53;20250514;EcritureLib_0094;;0,37;0,00;D;;;
BQ;Banque BQ;;20250514;51220000;CompteLib_0019;;;25E53;20250514;EcritureLib_0094;;0,00;0,37;C;;;
BQ;Banque BQ;;20250515;51100000;CompteLib_0031;;;25E56;20250515;EcritureLib_0582;;0,00;108,60;C;;;
BQ;Banque BQ;;20250515;51220000;CompteLib_0019;;;25E56;20250515;EcritureLib_0582;;108,60;0,00;D;;;
BQ;Banque BQ;;20250515;51100000;CompteLib_0031;;;25E57;20250515;EcritureLib_0583;;0,00;65,15;C;;;
BQ;Banque BQ;;20250515;51220000;CompteLib_0019;;;25E57;20250515;EcritureLib_0583;;65,15;0,00;D;;;
BQ;Banque BQ;;20250515;51180000;CompteLib_0034;;;25E58;20250515;EcritureLib_0138;;0,00;22,48;C;;;
BQ;Banque BQ;;20250515;51220000;CompteLib_0019;;;25E58;20250515;EcritureLib_0138;;22,48;0,00;D;;;
BQ;Banque BQ;;20250515;51100000;CompteLib_0031;;;25E59;20250515;EcritureLib_0584;;0,00;14,40;C;;;
BQ;Banque BQ;;20250515;51220000;CompteLib_0019;;;25E59;20250515;EcritureLib_0584;;14,40;0,00;D;;;
BQ;Banque BQ;;20250515;40100000;CompteLib_0012;401INTER;INTERESTO;25E60;20250515;EcritureLib_0585;;43,40;0,00;D;;AX;20250626
BQ;Banque BQ;;20250515;51220000;CompteLib_0019;;;25E60;20250515;EcritureLib_0585;;0,00;43,40;C;;;
BQ;Banque BQ;;20250515;40100000;CompteLib_0012;401ACT;ACTION;25E61;20250515;EcritureLib_0586;;34,00;0,00;D;;C;20250626
BQ;Banque BQ;;20250515;51220000;CompteLib_0019;;;25E61;20250515;EcritureLib_0586;;0,00;34,00;C;;;
BQ;Banque BQ;;20250515;51100000;CompteLib_0031;;;25E62;20250515;EcritureLib_0094;;0,60;0,00;D;;;
BQ;Banque BQ;;20250515;51220000;CompteLib_0019;;;25E62;20250515;EcritureLib_0094;;0,00;0,60;C;;;
BQ;Banque BQ;;20250515;51100000;CompteLib_0031;;;25E63;20250515;EcritureLib_0094;;0,04;0,00;D;;;
BQ;Banque BQ;;20250515;51220000;CompteLib_0019;;;25E63;20250515;EcritureLib_0094;;0,00;0,04;C;;;
BQ;Banque BQ;;20250516;51100000;CompteLib_0031;;;25E66;20250516;EcritureLib_0587;;0,00;246,80;C;;;
BQ;Banque BQ;;20250516;51220000;CompteLib_0019;;;25E66;20250516;EcritureLib_0587;;246,80;0,00;D;;;
BQ;Banque BQ;;20250516;40100000;CompteLib_0012;401LIDL;LIDL;25E67;20250516;EcritureLib_0588;;39,93;0,00;D;;FT;20250710
BQ;Banque BQ;;20250516;51220000;CompteLib_0019;;;25E67;20250516;EcritureLib_0588;;0,00;39,93;C;;;
BQ;Banque BQ;;20250516;51100000;CompteLib_0031;;;25E68;20250516;EcritureLib_0094;;0,79;0,00;D;;;
BQ;Banque BQ;;20250516;51220000;CompteLib_0019;;;25E68;20250516;EcritureLib_0094;;0,00;0,79;C;;;
BQ;Banque BQ;;20250519;51100000;CompteLib_0031;;;25E70;20250519;EcritureLib_0589;;0,00;376,70;C;;;
BQ;Banque BQ;;20250519;51220000;CompteLib_0019;;;25E70;20250519;EcritureLib_0589;;376,70;0,00;D;;;
BQ;Banque BQ;;20250519;51100000;CompteLib_0031;;;25E71;20250519;EcritureLib_0590;;0,00;239,90;C;;;
BQ;Banque BQ;;20250519;51220000;CompteLib_0019;;;25E71;20250519;EcritureLib_0590;;239,90;0,00;D;;;
BQ;Banque BQ;;20250519;51100000;CompteLib_0031;;;25E72;20250519;EcritureLib_0591;;0,00;58,70;C;;;
BQ;Banque BQ;;20250519;51220000;CompteLib_0019;;;25E72;20250519;EcritureLib_0591;;58,70;0,00;D;;;
BQ;Banque BQ;;20250519;47100000;CompteLib_0027;;;25E73;20250519;EcritureLib_0210;;100,52;0,00;D;;;
BQ;Banque BQ;;20250519;51220000;CompteLib_0019;;;25E73;20250519;EcritureLib_0210;;0,00;100,52;C;;;
BQ;Banque BQ;;20250519;40100000;CompteLib_0012;401LIDL;LIDL;25E74;20250519;EcritureLib_0592;;59,29;0,00;D;;FU;20250710
BQ;Banque BQ;;20250519;51220000;CompteLib_0019;;;25E74;20250519;EcritureLib_0592;;0,00;59,29;C;;;
BQ;Banque BQ;;20250519;47100000;CompteLib_0027;;;25E75;20250519;EcritureLib_0145;;3,32;0,00;D;;;
BQ;Banque BQ;;20250519;51220000;CompteLib_0019;;;25E75;20250519;EcritureLib_0145;;0,00;3,32;C;;;
BQ;Banque BQ;;20250519;51100000;CompteLib_0031;;;25E76;20250519;EcritureLib_0094;;1,22;0,00;D;;;
BQ;Banque BQ;;20250519;51220000;CompteLib_0019;;;25E76;20250519;EcritureLib_0094;;0,00;1,22;C;;;
BQ;Banque BQ;;20250519;51100000;CompteLib_0031;;;25E77;20250519;EcritureLib_0094;;0,82;0,00;D;;;
BQ;Banque BQ;;20250519;51220000;CompteLib_0019;;;25E77;20250519;EcritureLib_0094;;0,00;0,82;C;;;
BQ;Banque BQ;;20250519;51100000;CompteLib_0031;;;25E78;20250519;EcritureLib_0094;;0,21;0,00;D;;;
BQ;Banque BQ;;20250519;51220000;CompteLib_0019;;;25E78;20250519;EcritureLib_0094;;0,00;0,21;C;;;
BQ;Banque BQ;;20250520;61352000;CompteLib_0035;;;25E79;20250520;EcritureLib_0152;;66,62;0,00;D;;;
BQ;Banque BQ;;20250520;44566100;CompteLib_0023;;;25E79;20250520;EcritureLib_0152;;13,32;0,00;D;;;
BQ;Banque BQ;;20250520;51220000;CompteLib_0019;;;25E79;20250520;EcritureLib_0152;;0,00;79,94;C;;;
BQ;Banque BQ;;20250521;51100000;CompteLib_0031;;;25E81;20250521;EcritureLib_0593;;0,00;25,30;C;;;
BQ;Banque BQ;;20250521;51220000;CompteLib_0019;;;25E81;20250521;EcritureLib_0593;;25,30;0,00;D;;;
BQ;Banque BQ;;20250521;51180000;CompteLib_0034;;;25E82;20250521;EcritureLib_0138;;0,00;13,21;C;;;
BQ;Banque BQ;;20250521;51220000;CompteLib_0019;;;25E82;20250521;EcritureLib_0138;;13,21;0,00;D;;;
BQ;Banque BQ;;20250521;40100000;CompteLib_0012;401STC;STC DIGIT;25E83;20250521;EcritureLib_0155;;193,20;0,00;D;;N;20251105
BQ;Banque BQ;;20250521;51220000;CompteLib_0019;;;25E83;20250521;EcritureLib_0155;;0,00;193,20;C;;;
BQ;Banque BQ;;20250521;40100000;CompteLib_0012;401STC;STC DIGIT;25E84;20250521;EcritureLib_0155;;104,63;0,00;D;;;
BQ;Banque BQ;;20250521;51220000;CompteLib_0019;;;25E84;20250521;EcritureLib_0155;;0,00;104,63;C;;;
BQ;Banque BQ;;20250521;40100000;CompteLib_0012;401INTER;INTERESTO;25E85;20250521;EcritureLib_0594;;26,13;0,00;D;;AV;20250626
BQ;Banque BQ;;20250521;51220000;CompteLib_0019;;;25E85;20250521;EcritureLib_0594;;0,00;26,13;C;;;
BQ;Banque BQ;;20250521;51100000;CompteLib_0031;;;25E86;20250521;EcritureLib_0094;;0,08;0,00;D;;;
BQ;Banque BQ;;20250521;51220000;CompteLib_0019;;;25E86;20250521;EcritureLib_0094;;0,00;0,08;C;;;
BQ;Banque BQ;;20250523;51100000;CompteLib_0031;;;25E88;20250523;EcritureLib_0595;;0,00;65,33;C;;;
BQ;Banque BQ;;20250523;51220000;CompteLib_0019;;;25E88;20250523;EcritureLib_0595;;65,33;0,00;D;;;
BQ;Banque BQ;;20250523;40100000;CompteLib_0012;401VANDEN;VANDENBULCKE;25E89;20250523;EcritureLib_0100;;160,23;0,00;D;;AL;20250626
BQ;Banque BQ;;20250523;51220000;CompteLib_0019;;;25E89;20250523;EcritureLib_0100;;0,00;160,23;C;;;
BQ;Banque BQ;;20250523;40100000;CompteLib_0012;401DIVERS;FOURNISSEURS DIVERS;25E90;20250523;EcritureLib_0596;;89,23;0,00;D;;M;20250626
BQ;Banque BQ;;20250523;51220000;CompteLib_0019;;;25E90;20250523;EcritureLib_0596;;0,00;89,23;C;;;
BQ;Banque BQ;;20250526;51100000;CompteLib_0031;;;25E92;20250526;EcritureLib_0597;;0,00;87,60;C;;;
BQ;Banque BQ;;20250526;51220000;CompteLib_0019;;;25E92;20250526;EcritureLib_0597;;87,60;0,00;D;;;
BQ;Banque BQ;;20250526;51100000;CompteLib_0031;;;25E93;20250526;EcritureLib_0598;;0,00;27,90;C;;;
BQ;Banque BQ;;20250526;51220000;CompteLib_0019;;;25E93;20250526;EcritureLib_0598;;27,90;0,00;D;;;
BQ;Banque BQ;;20250526;51100000;CompteLib_0031;;;25E94;20250526;EcritureLib_0599;;0,00;27,30;C;;;
BQ;Banque BQ;;20250526;51220000;CompteLib_0019;;;25E94;20250526;EcritureLib_0599;;27,30;0,00;D;;;
BQ;Banque BQ;;20250526;40100000;CompteLib_0012;401LIDL;LIDL;25E95;20250526;EcritureLib_0600;;36,22;0,00;D;;FW;20250710
BQ;Banque BQ;;20250526;51220000;CompteLib_0019;;;25E95;20250526;EcritureLib_0600;;0,00;36,22;C;;;
BQ;Banque BQ;;20250526;51100000;CompteLib_0031;;;25E96;20250526;EcritureLib_0094;;0,30;0,00;D;;;
BQ;Banque BQ;;20250526;51220000;CompteLib_0019;;;25E96;20250526;EcritureLib_0094;;0,00;0,30;C;;;
BQ;Banque BQ;;20250526;51100000;CompteLib_0031;;;25E97;20250526;EcritureLib_0094;;0,10;0,00;D;;;
BQ;Banque BQ;;20250526;51220000;CompteLib_0019;;;25E97;20250526;EcritureLib_0094;;0,00;0,10;C;;;
BQ;Banque BQ;;20250526;51100000;CompteLib_0031;;;25E98;20250526;EcritureLib_0094;;0,08;0,00;D;;;
BQ;Banque BQ;;20250526;51220000;CompteLib_0019;;;25E98;20250526;EcritureLib_0094;;0,00;0,08;C;;;
BQ;Banque BQ;;20250526;62700000;CompteLib_0029;;;25E99;20250526;EcritureLib_0224;;5,33;0,00;D;;;
BQ;Banque BQ;;20250526;51220000;CompteLib_0019;;;25E99;20250526;EcritureLib_0224;;0,00;5,33;C;;;
BQ;Banque BQ;;20250526;62700000;CompteLib_0029;;;25E100;20250526;EcritureLib_0225;;5,33;0,00;D;;;
BQ;Banque BQ;;20250526;51220000;CompteLib_0019;;;25E100;20250526;EcritureLib_0225;;0,00;5,33;C;;;
BQ;Banque BQ;;20250528;40100000;CompteLib_0012;401LIDL;LIDL;25E103;20250528;EcritureLib_0601;;138,33;0,00;D;;GB;20250710
BQ;Banque BQ;;20250528;51220000;CompteLib_0019;;;25E103;20250528;EcritureLib_0601;;0,00;138,33;C;;;
BQ;Banque BQ;;20250528;62601000;CompteLib_0030;;;25E104;20250528;EcritureLib_0096;;40,81;0,00;D;;;
BQ;Banque BQ;;20250528;44566100;CompteLib_0023;;;25E104;20250528;EcritureLib_0096;;8,16;0,00;D;;;
BQ;Banque BQ;;20250528;51220000;CompteLib_0019;;;25E104;20250528;EcritureLib_0096;;0,00;48,97;C;;;
BQ;Banque BQ;;20250528;62700000;CompteLib_0029;;;25E105;20250528;EcritureLib_0170;;0,00;0,64;C;;;
BQ;Banque BQ;;20250528;51220000;CompteLib_0019;;;25E105;20250528;EcritureLib_0170;;0,64;0,00;D;;;
BQ;Banque BQ;;20250528;62700000;CompteLib_0029;;;25E106;20250528;EcritureLib_0171;;19,43;0,00;D;;;
BQ;Banque BQ;;20250528;51220000;CompteLib_0019;;;25E106;20250528;EcritureLib_0171;;0,00;19,43;C;;;
BQ;Banque BQ;;20250529;51100000;CompteLib_0031;;;25E107;20250529;EcritureLib_0602;;0,00;57,16;C;;;
BQ;Banque BQ;;20250529;51220000;CompteLib_0019;;;25E107;20250529;EcritureLib_0602;;57,16;0,00;D;;;
BQ;Banque BQ;;20250530;51100000;CompteLib_0031;;;25E108;20250530;EcritureLib_0603;;0,00;80,50;C;;;
BQ;Banque BQ;;20250530;51220000;CompteLib_0019;;;25E108;20250530;EcritureLib_0603;;80,50;0,00;D;;;
BQ;Banque BQ;;20250530;51100000;CompteLib_0031;;;25E109;20250530;EcritureLib_0604;;0,00;49,70;C;;;
BQ;Banque BQ;;20250530;51220000;CompteLib_0019;;;25E109;20250530;EcritureLib_0604;;49,70;0,00;D;;;
BQ;Banque BQ;;20250530;51100000;CompteLib_0031;;;25E110;20250530;EcritureLib_0605;;0,00;46,70;C;;;
BQ;Banque BQ;;20250530;51220000;CompteLib_0019;;;25E110;20250530;EcritureLib_0605;;46,70;0,00;D;;;
BQ;Banque BQ;;20250530;51100000;CompteLib_0031;;;25E111;20250530;EcritureLib_0094;;0,39;0,00;D;;;
BQ;Banque BQ;;20250530;51220000;CompteLib_0019;;;25E111;20250530;EcritureLib_0094;;0,00;0,39;C;;;
BQ;Banque BQ;;20250530;51100000;CompteLib_0031;;;25E112;20250530;EcritureLib_0094;;0,39;0,00;D;;;
BQ;Banque BQ;;20250530;51220000;CompteLib_0019;;;25E112;20250530;EcritureLib_0094;;0,00;0,39;C;;;
BQ;Banque BQ;;20250530;51100000;CompteLib_0031;;;25E113;20250530;EcritureLib_0094;;0,25;0,00;D;;;
BQ;Banque BQ;;20250530;51220000;CompteLib_0019;;;25E113;20250530;EcritureLib_0094;;0,00;0,25;C;;;
BQ;Banque BQ;;20250602;51100000;CompteLib_0031;;;25F1;20250602;EcritureLib_0606;;0,00;161,70;C;;;
BQ;Banque BQ;;20250602;51220000;CompteLib_0019;;;25F1;20250602;EcritureLib_0606;;161,70;0,00;D;;;
BQ;Banque BQ;;20250602;51100000;CompteLib_0031;;;25F2;20250602;EcritureLib_0607;;0,00;42,80;C;;;
BQ;Banque BQ;;20250602;51220000;CompteLib_0019;;;25F2;20250602;EcritureLib_0607;;42,80;0,00;D;;;
BQ;Banque BQ;;20250602;62601000;CompteLib_0030;;;25F3;20250602;EcritureLib_0096;;47,62;0,00;D;;;
BQ;Banque BQ;;20250602;44566100;CompteLib_0023;;;25F3;20250602;EcritureLib_0096;;9,53;0,00;D;;;
BQ;Banque BQ;;20250602;51220000;CompteLib_0019;;;25F3;20250602;EcritureLib_0096;;0,00;57,15;C;;;
BQ;Banque BQ;;20250602;40100000;CompteLib_0012;401LIDL;LIDL;25F4;20250602;EcritureLib_0608;;25,34;0,00;D;;FX;20250710
BQ;Banque BQ;;20250602;51220000;CompteLib_0019;;;25F4;20250602;EcritureLib_0608;;0,00;25,34;C;;;
BQ;Banque BQ;;20250602;51100000;CompteLib_0031;;;25F5;20250602;EcritureLib_0094;;0,55;0,00;D;;;
BQ;Banque BQ;;20250602;51220000;CompteLib_0019;;;25F5;20250602;EcritureLib_0094;;0,00;0,55;C;;;
BQ;Banque BQ;;20250602;51100000;CompteLib_0031;;;25F6;20250602;EcritureLib_0094;;0,15;0,00;D;;;
BQ;Banque BQ;;20250602;51220000;CompteLib_0019;;;25F6;20250602;EcritureLib_0094;;0,00;0,15;C;;;
BQ;Banque BQ;;20250602;62700000;CompteLib_0029;;;25F7;20250602;EcritureLib_0378;;5,25;0,00;D;;;
BQ;Banque BQ;;20250602;51220000;CompteLib_0019;;;25F7;20250602;EcritureLib_0378;;0,00;5,25;C;;;
BQ;Banque BQ;;20250603;47100000;CompteLib_0027;;;25F8;20250603;EcritureLib_0145;;1,66;0,00;D;;;
BQ;Banque BQ;;20250603;51220000;CompteLib_0019;;;25F8;20250603;EcritureLib_0145;;0,00;1,66;C;;;
BQ;Banque BQ;;20250604;51100000;CompteLib_0031;;;25F9;20250604;EcritureLib_0609;;0,00;109,50;C;;;
BQ;Banque BQ;;20250604;51220000;CompteLib_0019;;;25F9;20250604;EcritureLib_0609;;109,50;0,00;D;;;
BQ;Banque BQ;;20250604;51100000;CompteLib_0031;;;25F10;20250604;EcritureLib_0094;;0,36;0,00;D;;;
BQ;Banque BQ;;20250604;51220000;CompteLib_0019;;;25F10;20250604;EcritureLib_0094;;0,00;0,36;C;;;
BQ;Banque BQ;;20250605;51100000;CompteLib_0031;;;25F12;20250605;EcritureLib_0610;;0,00;87,30;C;;;
BQ;Banque BQ;;20250605;51220000;CompteLib_0019;;;25F12;20250605;EcritureLib_0610;;87,30;0,00;D;;;
BQ;Banque BQ;;20250605;51100000;CompteLib_0031;;;25F13;20250605;EcritureLib_0611;;0,00;68,10;C;;;
BQ;Banque BQ;;20250605;51220000;CompteLib_0019;;;25F13;20250605;EcritureLib_0611;;68,10;0,00;D;;;
BQ;Banque BQ;;20250605;51180000;CompteLib_0034;;;25F14;20250605;EcritureLib_0138;;0,00;23,39;C;;;
BQ;Banque BQ;;20250605;51220000;CompteLib_0019;;;25F14;20250605;EcritureLib_0138;;23,39;0,00;D;;;
BQ;Banque BQ;;20250605;61600000;CompteLib_0032;;;25F15;20250605;EcritureLib_0113;;76,89;0,00;D;;;
BQ;Banque BQ;;20250605;51220000;CompteLib_0019;;;25F15;20250605;EcritureLib_0113;;0,00;76,89;C;;;
BQ;Banque BQ;;20250605;40100000;CompteLib_0012;401LIDL;LIDL;25F16;20250605;EcritureLib_0612;;46,37;0,00;D;;FY;20250710
BQ;Banque BQ;;20250605;51220000;CompteLib_0019;;;25F16;20250605;EcritureLib_0612;;0,00;46,37;C;;;
BQ;Banque BQ;;20250605;51100000;CompteLib_0031;;;25F17;20250605;EcritureLib_0094;;0,28;0,00;D;;;
BQ;Banque BQ;;20250605;51220000;CompteLib_0019;;;25F17;20250605;EcritureLib_0094;;0,00;0,28;C;;;
BQ;Banque BQ;;20250605;51100000;CompteLib_0031;;;25F18;20250605;EcritureLib_0094;;0,24;0,00;D;;;
BQ;Banque BQ;;20250605;51220000;CompteLib_0019;;;25F18;20250605;EcritureLib_0094;;0,00;0,24;C;;;
BQ;Banque BQ;;20250606;51100000;CompteLib_0031;;;25F20;20250606;EcritureLib_0613;;0,00;70,10;C;;;
BQ;Banque BQ;;20250606;51220000;CompteLib_0019;;;25F20;20250606;EcritureLib_0613;;70,10;0,00;D;;;
BQ;Banque BQ;;20250606;40100000;CompteLib_0012;401MATCH;SUPERMARCHE MATCH;25F21;20250606;EcritureLib_0614;;7,30;0,00;D;;P;20250626
BQ;Banque BQ;;20250606;51220000;CompteLib_0019;;;25F21;20250606;EcritureLib_0614;;0,00;7,30;C;;;
BQ;Banque BQ;;20250606;51100000;CompteLib_0031;;;25F22;20250606;EcritureLib_0094;;0,24;0,00;D;;;
BQ;Banque BQ;;20250606;51220000;CompteLib_0019;;;25F22;20250606;EcritureLib_0094;;0,00;0,24;C;;;
BQ;Banque BQ;;20250608;40100000;CompteLib_0012;401LOYER;LOYER ET CHARGES;25F23;20250608;EcritureLib_0615;;1361,10;0,00;D;;Q;20251105
BQ;Banque BQ;;20250608;51220000;CompteLib_0019;;;25F23;20250608;EcritureLib_0615;;0,00;1361,10;C;;;
BQ;Banque BQ;;20250610;51100000;CompteLib_0031;;;25F25;20250610;EcritureLib_0616;;0,00;103,90;C;;;
BQ;Banque BQ;;20250610;51220000;CompteLib_0019;;;25F25;20250610;EcritureLib_0616;;103,90;0,00;D;;;
BQ;Banque BQ;;20250610;51100000;CompteLib_0031;;;25F26;20250610;EcritureLib_0617;;0,00;70,30;C;;;
BQ;Banque BQ;;20250610;51220000;CompteLib_0019;;;25F26;20250610;EcritureLib_0617;;70,30;0,00;D;;;
BQ;Banque BQ;;20250610;51100000;CompteLib_0031;;;25F27;20250610;EcritureLib_0618;;0,00;56,90;C;;;
BQ;Banque BQ;;20250610;51220000;CompteLib_0019;;;25F27;20250610;EcritureLib_0618;;56,90;0,00;D;;;
BQ;Banque BQ;;20250610;51100000;CompteLib_0031;;;25F28;20250610;EcritureLib_0619;;0,00;47,00;C;;;
BQ;Banque BQ;;20250610;51220000;CompteLib_0019;;;25F28;20250610;EcritureLib_0619;;47,00;0,00;D;;;
BQ;Banque BQ;;20250610;40100000;CompteLib_0012;401LIDL;LIDL;25F29;20250610;EcritureLib_0620;;95,90;0,00;D;;FV;20250710
BQ;Banque BQ;;20250610;51220000;CompteLib_0019;;;25F29;20250610;EcritureLib_0620;;0,00;95,90;C;;;
BQ;Banque BQ;;20250610;51100000;CompteLib_0031;;;25F30;20250610;EcritureLib_0094;;0,35;0,00;D;;;
BQ;Banque BQ;;20250610;51220000;CompteLib_0019;;;25F30;20250610;EcritureLib_0094;;0,00;0,35;C;;;
BQ;Banque BQ;;20250610;51100000;CompteLib_0031;;;25F31;20250610;EcritureLib_0094;;0,25;0,00;D;;;
BQ;Banque BQ;;20250610;51220000;CompteLib_0019;;;25F31;20250610;EcritureLib_0094;;0,00;0,25;C;;;
BQ;Banque BQ;;20250610;51100000;CompteLib_0031;;;25F32;20250610;EcritureLib_0094;;0,20;0,00;D;;;
BQ;Banque BQ;;20250610;51220000;CompteLib_0019;;;25F32;20250610;EcritureLib_0094;;0,00;0,20;C;;;
BQ;Banque BQ;;20250610;51100000;CompteLib_0031;;;25F33;20250610;EcritureLib_0094;;0,16;0,00;D;;;
BQ;Banque BQ;;20250610;51220000;CompteLib_0019;;;25F33;20250610;EcritureLib_0094;;0,00;0,16;C;;;
BQ;Banque BQ;;20250611;51100000;CompteLib_0031;;;25F35;20250611;EcritureLib_0621;;0,00;71,60;C;;;
BQ;Banque BQ;;20250611;51220000;CompteLib_0019;;;25F35;20250611;EcritureLib_0621;;71,60;0,00;D;;;
BQ;Banque BQ;;20250611;40100000;CompteLib_0012;401LIDL;LIDL;25F36;20250611;EcritureLib_0622;;7,35;0,00;D;;GC;20250710
BQ;Banque BQ;;20250611;51220000;CompteLib_0019;;;25F36;20250611;EcritureLib_0622;;0,00;7,35;C;;;
BQ;Banque BQ;;20250611;51100000;CompteLib_0031;;;25F37;20250611;EcritureLib_0094;;0,24;0,00;D;;;
BQ;Banque BQ;;20250611;51220000;CompteLib_0019;;;25F37;20250611;EcritureLib_0094;;0,00;0,24;C;;;
BQ;Banque BQ;;20250612;51100000;CompteLib_0031;;;25F38;20250612;EcritureLib_0623;;0,00;134,90;C;;;
BQ;Banque BQ;;20250612;51220000;CompteLib_0019;;;25F38;20250612;EcritureLib_0623;;134,90;0,00;D;;;
BQ;Banque BQ;;20250612;51100000;CompteLib_0031;;;25F39;20250612;EcritureLib_0624;;0,00;10,36;C;;;
BQ;Banque BQ;;20250612;51220000;CompteLib_0019;;;25F39;20250612;EcritureLib_0624;;10,36;0,00;D;;;
BQ;Banque BQ;;20250612;51100000;CompteLib_0031;;;25F40;20250612;EcritureLib_0094;;0,43;0,00;D;;;
BQ;Banque BQ;;20250612;51220000;CompteLib_0019;;;25F40;20250612;EcritureLib_0094;;0,00;0,43;C;;;
BQ;Banque BQ;;20250613;51100000;CompteLib_0031;;;25F43;20250613;EcritureLib_0625;;0,00;54,20;C;;;
BQ;Banque BQ;;20250613;51220000;CompteLib_0019;;;25F43;20250613;EcritureLib_0625;;54,20;0,00;D;;;
BQ;Banque BQ;;20250613;40100000;CompteLib_0012;401LIDL;LIDL;25F44;20250613;EcritureLib_0626;;52,84;0,00;D;;FZ;20250710
BQ;Banque BQ;;20250613;51220000;CompteLib_0019;;;25F44;20250613;EcritureLib_0626;;0,00;52,84;C;;;
BQ;Banque BQ;;20250613;51100000;CompteLib_0031;;;25F45;20250613;EcritureLib_0094;;0,38;0,00;D;;;
BQ;Banque BQ;;20250613;51220000;CompteLib_0019;;;25F45;20250613;EcritureLib_0094;;0,00;0,38;C;;;
BQ;Banque BQ;;20250616;51100000;CompteLib_0031;;;25F50;20250616;EcritureLib_0627;;0,00;397,30;C;;;
BQ;Banque BQ;;20250616;51220000;CompteLib_0019;;;25F50;20250616;EcritureLib_0627;;397,30;0,00;D;;;
BQ;Banque BQ;;20250616;51100000;CompteLib_0031;;;25F51;20250616;EcritureLib_0628;;0,00;218,30;C;;;
BQ;Banque BQ;;20250616;51220000;CompteLib_0019;;;25F51;20250616;EcritureLib_0628;;218,30;0,00;D;;;
BQ;Banque BQ;;20250616;51100000;CompteLib_0031;;;25F52;20250616;EcritureLib_0629;;0,00;153,70;C;;;
BQ;Banque BQ;;20250616;51220000;CompteLib_0019;;;25F52;20250616;EcritureLib_0629;;153,70;0,00;D;;;
BQ;Banque BQ;;20250616;51100000;CompteLib_0031;;;25F53;20250616;EcritureLib_0630;;0,00;115,20;C;;;
BQ;Banque BQ;;20250616;51220000;CompteLib_0019;;;25F53;20250616;EcritureLib_0630;;115,20;0,00;D;;;
BQ;Banque BQ;;20250616;51100000;CompteLib_0031;;;25F54;20250616;EcritureLib_0631;;0,00;18,30;C;;;
BQ;Banque BQ;;20250616;51220000;CompteLib_0019;;;25F54;20250616;EcritureLib_0631;;18,30;0,00;D;;;
BQ;Banque BQ;;20250616;51100000;CompteLib_0031;;;25F55;20250616;EcritureLib_0632;;0,00;16,00;C;;;
BQ;Banque BQ;;20250616;51220000;CompteLib_0019;;;25F55;20250616;EcritureLib_0632;;16,00;0,00;D;;;
BQ;Banque BQ;;20250616;40100000;CompteLib_0012;401LIDL;LIDL;25F56;20250616;EcritureLib_0633;;57,58;0,00;D;;FM;20250710
BQ;Banque BQ;;20250616;51220000;CompteLib_0019;;;25F56;20250616;EcritureLib_0633;;0,00;57,58;C;;;
BQ;Banque BQ;;20250616;40100000;CompteLib_0012;401INTER;INTERESTO;25F57;20250616;EcritureLib_0634;;56,01;0,00;D;;AY;20250626
BQ;Banque BQ;;20250616;51220000;CompteLib_0019;;;25F57;20250616;EcritureLib_0634;;0,00;56,01;C;;;
BQ;Banque BQ;;20250616;40100000;CompteLib_0012;401GRANDF;GRAND FRAIS;25F58;20250616;EcritureLib_0635;;23,46;0,00;D;;X;20250626
BQ;Banque BQ;;20250616;51220000;CompteLib_0019;;;25F58;20250616;EcritureLib_0635;;0,00;23,46;C;;;
BQ;Banque BQ;;20250616;40100000;CompteLib_0012;401ALDI;ALDI;25F59;20250616;EcritureLib_0636;;11,36;0,00;D;;AG;20250626
BQ;Banque BQ;;20250616;51220000;CompteLib_0019;;;25F59;20250616;EcritureLib_0636;;0,00;11,36;C;;;
BQ;Banque BQ;;20250616;51100000;CompteLib_0031;;;25F60;20250616;EcritureLib_0094;;1,76;0,00;D;;;
BQ;Banque BQ;;20250616;51220000;CompteLib_0019;;;25F60;20250616;EcritureLib_0094;;0,00;1,76;C;;;
BQ;Banque BQ;;20250616;51100000;CompteLib_0031;;;25F61;20250616;EcritureLib_0094;;1,58;0,00;D;;;
BQ;Banque BQ;;20250616;51220000;CompteLib_0019;;;25F61;20250616;EcritureLib_0094;;0,00;1,58;C;;;
BQ;Banque BQ;;20250616;51100000;CompteLib_0031;;;25F62;20250616;EcritureLib_0094;;0,48;0,00;D;;;
BQ;Banque BQ;;20250616;51220000;CompteLib_0019;;;25F62;20250616;EcritureLib_0094;;0,00;0,48;C;;;
BQ;Banque BQ;;20250616;51100000;CompteLib_0031;;;25F63;20250616;EcritureLib_0094;;0,40;0,00;D;;;
BQ;Banque BQ;;20250616;51220000;CompteLib_0019;;;25F63;20250616;EcritureLib_0094;;0,00;0,40;C;;;
BQ;Banque BQ;;20250616;51100000;CompteLib_0031;;;25F64;20250616;EcritureLib_0094;;0,05;0,00;D;;;
BQ;Banque BQ;;20250616;51220000;CompteLib_0019;;;25F64;20250616;EcritureLib_0094;;0,00;0,05;C;;;
BQ;Banque BQ;;20250616;51100000;CompteLib_0031;;;25F65;20250616;EcritureLib_0094;;0,05;0,00;D;;;
BQ;Banque BQ;;20250616;51220000;CompteLib_0019;;;25F65;20250616;EcritureLib_0094;;0,00;0,05;C;;;
BQ;Banque BQ;;20250617;51100000;CompteLib_0031;;;25F66;20250617;EcritureLib_0637;;0,00;39,61;C;;;
BQ;Banque BQ;;20250617;51220000;CompteLib_0019;;;25F66;20250617;EcritureLib_0637;;39,61;0,00;D;;;
BQ;Banque BQ;;20250617;47100000;CompteLib_0027;;;25F67;20250617;EcritureLib_0210;;82,81;0,00;D;;;
BQ;Banque BQ;;20250617;51220000;CompteLib_0019;;;25F67;20250617;EcritureLib_0210;;0,00;82,81;C;;;
BQ;Banque BQ;;20250617;47100000;CompteLib_0027;;;25F68;20250617;EcritureLib_0145;;2,59;0,00;D;;;
BQ;Banque BQ;;20250617;51220000;CompteLib_0019;;;25F68;20250617;EcritureLib_0145;;0,00;2,59;C;;;
BQ;Banque BQ;;20250618;51100000;CompteLib_0031;;;25F70;20250618;EcritureLib_0638;;0,00;14,90;C;;;
BQ;Banque BQ;;20250618;51220000;CompteLib_0019;;;25F70;20250618;EcritureLib_0638;;14,90;0,00;D;;;
BQ;Banque BQ;;20250618;51100000;CompteLib_0031;;;25F71;20250618;EcritureLib_0639;;0,00;10,90;C;;;
BQ;Banque BQ;;20250618;51220000;CompteLib_0019;;;25F71;20250618;EcritureLib_0639;;10,90;0,00;D;;;
BQ;Banque BQ;;20250618;40100000;CompteLib_0012;401LIDL;LIDL;25F72;20250618;EcritureLib_0640;;58,36;0,00;D;;FJ;20250710
BQ;Banque BQ;;20250618;51220000;CompteLib_0019;;;25F72;20250618;EcritureLib_0640;;0,00;58,36;C;;;
BQ;Banque BQ;;20250618;51100000;CompteLib_0031;;;25F73;20250618;EcritureLib_0094;;0,04;0,00;D;;;
BQ;Banque BQ;;20250618;51220000;CompteLib_0019;;;25F73;20250618;EcritureLib_0094;;0,00;0,04;C;;;
BQ;Banque BQ;;20250618;51100000;CompteLib_0031;;;25F74;20250618;EcritureLib_0094;;0,03;0,00;D;;;
BQ;Banque BQ;;20250618;51220000;CompteLib_0019;;;25F74;20250618;EcritureLib_0094;;0,00;0,03;C;;;
BQ;Banque BQ;;20250619;51100000;CompteLib_0031;;;25F75;20250619;EcritureLib_0641;;0,00;260,00;C;;;
BQ;Banque BQ;;20250619;51220000;CompteLib_0019;;;25F75;20250619;EcritureLib_0641;;260,00;0,00;D;;;
BQ;Banque BQ;;20250619;51180000;CompteLib_0034;;;25F76;20250619;EcritureLib_0138;;0,00;22,54;C;;;
BQ;Banque BQ;;20250619;51220000;CompteLib_0019;;;25F76;20250619;EcritureLib_0138;;22,54;0,00;D;;;
BQ;Banque BQ;;20250619;51100000;CompteLib_0031;;;25F77;20250619;EcritureLib_0094;;1,22;0,00;D;;;
BQ;Banque BQ;;20250619;51220000;CompteLib_0019;;;25F77;20250619;EcritureLib_0094;;0,00;1,22;C;;;
BQ;Banque BQ;;20250620;51100000;CompteLib_0031;;;25F79;20250620;EcritureLib_0642;;0,00;412,40;C;;;
BQ;Banque BQ;;20250620;51220000;CompteLib_0019;;;25F79;20250620;EcritureLib_0642;;412,40;0,00;D;;;
BQ;Banque BQ;;20250620;51100000;CompteLib_0031;;;25F80;20250620;EcritureLib_0643;;0,00;16,40;C;;;
BQ;Banque BQ;;20250620;51220000;CompteLib_0019;;;25F80;20250620;EcritureLib_0643;;16,40;0,00;D;;;
BQ;Banque BQ;;20250620;61352000;CompteLib_0035;;;25F81;20250620;EcritureLib_0152;;66,62;0,00;D;;;
BQ;Banque BQ;;20250620;44566100;CompteLib_0023;;;25F81;20250620;EcritureLib_0152;;13,32;0,00;D;;;
BQ;Banque BQ;;20250620;51220000;CompteLib_0019;;;25F81;20250620;EcritureLib_0152;;0,00;79,94;C;;;
BQ;Banque BQ;;20250620;40100000;CompteLib_0012;401GRANDF;GRAND FRAIS;25F82;20250620;EcritureLib_0644;;21,93;0,00;D;;Y;20250626
BQ;Banque BQ;;20250620;51220000;CompteLib_0019;;;25F82;20250620;EcritureLib_0644;;0,00;21,93;C;;;
BQ;Banque BQ;;20250620;51100000;CompteLib_0031;;;25F83;20250620;EcritureLib_0094;;1,51;0,00;D;;;
BQ;Banque BQ;;20250620;51220000;CompteLib_0019;;;25F83;20250620;EcritureLib_0094;;0,00;1,51;C;;;
BQ;Banque BQ;;20250620;51100000;CompteLib_0031;;;25F84;20250620;EcritureLib_0094;;0,05;0,00;D;;;
BQ;Banque BQ;;20250620;51220000;CompteLib_0019;;;25F84;20250620;EcritureLib_0094;;0,00;0,05;C;;;
BQ;Banque BQ;;20250623;51100000;CompteLib_0031;;;25F90;20250623;EcritureLib_0645;;0,00;322,90;C;;;
BQ;Banque BQ;;20250623;51220000;CompteLib_0019;;;25F90;20250623;EcritureLib_0645;;322,90;0,00;D;;;
BQ;Banque BQ;;20250623;51100000;CompteLib_0031;;;25F91;20250623;EcritureLib_0646;;0,00;177,40;C;;;
BQ;Banque BQ;;20250623;51220000;CompteLib_0019;;;25F91;20250623;EcritureLib_0646;;177,40;0,00;D;;;
BQ;Banque BQ;;20250623;51100000;CompteLib_0031;;;25F92;20250623;EcritureLib_0647;;0,00;122,60;C;;;
BQ;Banque BQ;;20250623;51220000;CompteLib_0019;;;25F92;20250623;EcritureLib_0647;;122,60;0,00;D;;;
BQ;Banque BQ;;20250623;51100000;CompteLib_0031;;;25F93;20250623;EcritureLib_0648;;0,00;41,80;C;;;
BQ;Banque BQ;;20250623;51220000;CompteLib_0019;;;25F93;20250623;EcritureLib_0648;;41,80;0,00;D;;;
BQ;Banque BQ;;20250623;51100000;CompteLib_0031;;;25F94;20250623;EcritureLib_0649;;0,00;40,00;C;;;
BQ;Banque BQ;;20250623;51220000;CompteLib_0019;;;25F94;20250623;EcritureLib_0649;;40,00;0,00;D;;;
BQ;Banque BQ;;20250623;51100000;CompteLib_0031;;;25F95;20250623;EcritureLib_0650;;0,00;36,40;C;;;
BQ;Banque BQ;;20250623;51220000;CompteLib_0019;;;25F95;20250623;EcritureLib_0650;;36,40;0,00;D;;;
BQ;Banque BQ;;20250623;40100000;CompteLib_0012;401METRO;METRO;25F96;20250623;EcritureLib_0651;;184,76;0,00;D;;AZ;20250710
BQ;Banque BQ;;20250623;51220000;CompteLib_0019;;;25F96;20250623;EcritureLib_0651;;0,00;184,76;C;;;
BQ;Banque BQ;;20250623;40100000;CompteLib_0012;401LIDL;LIDL;25F97;20250623;EcritureLib_0652;;121,42;0,00;D;;FI;20250710
BQ;Banque BQ;;20250623;51220000;CompteLib_0019;;;25F97;20250623;EcritureLib_0652;;0,00;121,42;C;;;
BQ;Banque BQ;;20250623;40100000;CompteLib_0012;401INTER;INTERESTO;25F98;20250623;EcritureLib_0653;;59,67;0,00;D;;AW;20250626
BQ;Banque BQ;;20250623;51220000;CompteLib_0019;;;25F98;20250623;EcritureLib_0653;;0,00;59,67;C;;;
BQ;Banque BQ;;20250623;40100000;CompteLib_0012;401GRANDF;GRAND FRAIS;25F99;20250623;EcritureLib_0654;;46,70;0,00;D;;Z;20250626
BQ;Banque BQ;;20250623;51220000;CompteLib_0019;;;25F99;20250623;EcritureLib_0654;;0,00;46,70;C;;;
BQ;Banque BQ;;20250623;47100000;CompteLib_0027;;;25F100;20250623;EcritureLib_0655;;45,39;0,00;D;;;
BQ;Banque BQ;;20250623;51220000;CompteLib_0019;;;25F100;20250623;EcritureLib_0655;;0,00;45,39;C;;;
BQ;Banque BQ;;20250623;40100000;CompteLib_0012;401MATCH;SUPERMARCHE MATCH;25F101;20250623;EcritureLib_0656;;26,27;0,00;D;;Q;20250626
BQ;Banque BQ;;20250623;51220000;CompteLib_0019;;;25F101;20250623;EcritureLib_0656;;0,00;26,27;C;;;
BQ;Banque BQ;;20250623;51100000;CompteLib_0031;;;25F102;20250623;EcritureLib_0094;;1,65;0,00;D;;;
BQ;Banque BQ;;20250623;51220000;CompteLib_0019;;;25F102;20250623;EcritureLib_0094;;0,00;1,65;C;;;
BQ;Banque BQ;;20250623;51100000;CompteLib_0031;;;25F103;20250623;EcritureLib_0094;;1,54;0,00;D;;;
BQ;Banque BQ;;20250623;51220000;CompteLib_0019;;;25F103;20250623;EcritureLib_0094;;0,00;1,54;C;;;
BQ;Banque BQ;;20250623;51100000;CompteLib_0031;;;25F104;20250623;EcritureLib_0094;;1,28;0,00;D;;;
BQ;Banque BQ;;20250623;51220000;CompteLib_0019;;;25F104;20250623;EcritureLib_0094;;0,00;1,28;C;;;
BQ;Banque BQ;;20250623;51100000;CompteLib_0031;;;25F105;20250623;EcritureLib_0094;;0,48;0,00;D;;;
BQ;Banque BQ;;20250623;51220000;CompteLib_0019;;;25F105;20250623;EcritureLib_0094;;0,00;0,48;C;;;
BQ;Banque BQ;;20250623;51100000;CompteLib_0031;;;25F106;20250623;EcritureLib_0094;;0,15;0,00;D;;;
BQ;Banque BQ;;20250623;51220000;CompteLib_0019;;;25F106;20250623;EcritureLib_0094;;0,00;0,15;C;;;
BQ;Banque BQ;;20250623;51100000;CompteLib_0031;;;25F107;20250623;EcritureLib_0094;;0,13;0,00;D;;;
BQ;Banque BQ;;20250623;51220000;CompteLib_0019;;;25F107;20250623;EcritureLib_0094;;0,00;0,13;C;;;
BQ;Banque BQ;;20250624;40100000;CompteLib_0012;401STC;STC DIGIT;25F108;20250624;EcritureLib_0155;;193,20;0,00;D;;;
BQ;Banque BQ;;20250624;51220000;CompteLib_0019;;;25F108;20250624;EcritureLib_0155;;0,00;193,20;C;;;
BQ;Banque BQ;;20250625;51100000;CompteLib_0031;;;25F109;20250625;EcritureLib_0657;;0,00;124,20;C;;;
BQ;Banque BQ;;20250625;51220000;CompteLib_0019;;;25F109;20250625;EcritureLib_0657;;124,20;0,00;D;;;
BQ;Banque BQ;;20250625;40100000;CompteLib_0012;401VANDEN;VANDENBULCKE;25F110;20250625;EcritureLib_0100;;101,87;0,00;D;;AM;20250710
BQ;Banque BQ;;20250625;51220000;CompteLib_0019;;;25F110;20250625;EcritureLib_0100;;0,00;101,87;C;;;
BQ;Banque BQ;;20250625;51100000;CompteLib_0031;;;25F111;20250625;EcritureLib_0094;;0,74;0,00;D;;;
BQ;Banque BQ;;20250625;51220000;CompteLib_0019;;;25F111;20250625;EcritureLib_0094;;0,00;0,74;C;;;
BQ;Banque BQ;;20250625;62700000;CompteLib_0029;;;25F112;20250625;EcritureLib_0224;;5,33;0,00;D;;;
BQ;Banque BQ;;20250625;51220000;CompteLib_0019;;;25F112;20250625;EcritureLib_0224;;0,00;5,33;C;;;
BQ;Banque BQ;;20250625;62700000;CompteLib_0029;;;25F113;20250625;EcritureLib_0225;;5,33;0,00;D;;;
BQ;Banque BQ;;20250625;51220000;CompteLib_0019;;;25F113;20250625;EcritureLib_0225;;0,00;5,33;C;;;
BQ;Banque BQ;;20250626;51100000;CompteLib_0031;;;25F115;20250626;EcritureLib_0658;;0,00;66,98;C;;;
BQ;Banque BQ;;20250626;51220000;CompteLib_0019;;;25F115;20250626;EcritureLib_0658;;66,98;0,00;D;;;
BQ;Banque BQ;;20250626;51100000;CompteLib_0031;;;25F116;20250626;EcritureLib_0659;;0,00;22,40;C;;;
BQ;Banque BQ;;20250626;51220000;CompteLib_0019;;;25F116;20250626;EcritureLib_0659;;22,40;0,00;D;;;
BQ;Banque BQ;;20250626;40100000;CompteLib_0012;401DIVERS;FOURNISSEURS DIVERS;25F117;20250626;EcritureLib_0660;;24,12;0,00;D;;R;20250710
BQ;Banque BQ;;20250626;51220000;CompteLib_0019;;;25F117;20250626;EcritureLib_0660;;0,00;24,12;C;;;
BQ;Banque BQ;;20250626;51100000;CompteLib_0031;;;25F118;20250626;EcritureLib_0094;;0,08;0,00;D;;;
BQ;Banque BQ;;20250626;51220000;CompteLib_0019;;;25F118;20250626;EcritureLib_0094;;0,00;0,08;C;;;
BQ;Banque BQ;;20250627;51100000;CompteLib_0031;;;25F120;20250627;EcritureLib_0661;;0,00;60,60;C;;;
BQ;Banque BQ;;20250627;51220000;CompteLib_0019;;;25F120;20250627;EcritureLib_0661;;60,60;0,00;D;;;
BQ;Banque BQ;;20250627;51100000;CompteLib_0031;;;25F121;20250627;EcritureLib_0662;;0,00;14,20;C;;;
BQ;Banque BQ;;20250627;51220000;CompteLib_0019;;;25F121;20250627;EcritureLib_0662;;14,20;0,00;D;;;
BQ;Banque BQ;;20250627;40100000;CompteLib_0012;401LIDL;LIDL;25F122;20250627;EcritureLib_0663;;52,35;0,00;D;;FH;20250710
BQ;Banque BQ;;20250627;51220000;CompteLib_0019;;;25F122;20250627;EcritureLib_0663;;0,00;52,35;C;;;
BQ;Banque BQ;;20250627;51100000;CompteLib_0031;;;25F123;20250627;EcritureLib_0094;;0,47;0,00;D;;;
BQ;Banque BQ;;20250627;51220000;CompteLib_0019;;;25F123;20250627;EcritureLib_0094;;0,00;0,47;C;;;
BQ;Banque BQ;;20250627;51100000;CompteLib_0031;;;25F124;20250627;EcritureLib_0094;;0,04;0,00;D;;;
BQ;Banque BQ;;20250627;51220000;CompteLib_0019;;;25F124;20250627;EcritureLib_0094;;0,00;0,04;C;;;
BQ;Banque BQ;;20250627;62700000;CompteLib_0029;;;25F125;20250627;EcritureLib_0170;;0,00;0,64;C;;;
BQ;Banque BQ;;20250627;51220000;CompteLib_0019;;;25F125;20250627;EcritureLib_0170;;0,64;0,00;D;;;
BQ;Banque BQ;;20250627;62700000;CompteLib_0029;;;25F126;20250627;EcritureLib_0171;;19,43;0,00;D;;;
BQ;Banque BQ;;20250627;51220000;CompteLib_0019;;;25F126;20250627;EcritureLib_0171;;0,00;19,43;C;;;
BQ;Banque BQ;;20250630;51100000;CompteLib_0031;;;25F131;20250630;EcritureLib_0664;;0,00;192,60;C;;;
BQ;Banque BQ;;20250630;51220000;CompteLib_0019;;;25F131;20250630;EcritureLib_0664;;192,60;0,00;D;;;
BQ;Banque BQ;;20250630;51100000;CompteLib_0031;;;25F132;20250630;EcritureLib_0665;;0,00;60,50;C;;;
BQ;Banque BQ;;20250630;51220000;CompteLib_0019;;;25F132;20250630;EcritureLib_0665;;60,50;0,00;D;;;
BQ;Banque BQ;;20250630;51100000;CompteLib_0031;;;25F133;20250630;EcritureLib_0666;;0,00;48,60;C;;;
BQ;Banque BQ;;20250630;51220000;CompteLib_0019;;;25F133;20250630;EcritureLib_0666;;48,60;0,00;D;;;
BQ;Banque BQ;;20250630;51100000;CompteLib_0031;;;25F134;20250630;EcritureLib_0667;;0,00;47,70;C;;;
BQ;Banque BQ;;20250630;51220000;CompteLib_0019;;;25F134;20250630;EcritureLib_0667;;47,70;0,00;D;;;
BQ;Banque BQ;;20250630;40100000;CompteLib_0012;401INTER;INTERESTO;25F135;20250630;EcritureLib_0668;;56,86;0,00;D;;BA;20250710
BQ;Banque BQ;;20250630;51220000;CompteLib_0019;;;25F135;20250630;EcritureLib_0668;;0,00;56,86;C;;;
BQ;Banque BQ;;20250630;40100000;CompteLib_0012;401GRANDF;GRAND FRAIS;25F136;20250630;EcritureLib_0669;;53,15;0,00;D;;AC;20250710
BQ;Banque BQ;;20250630;51220000;CompteLib_0019;;;25F136;20250630;EcritureLib_0669;;0,00;53,15;C;;;
BQ;Banque BQ;;20250630;62601000;CompteLib_0030;;;25F137;20250630;EcritureLib_0096;;40,81;0,00;D;;;
BQ;Banque BQ;;20250630;44566100;CompteLib_0023;;;25F137;20250630;EcritureLib_0096;;8,16;0,00;D;;;
BQ;Banque BQ;;20250630;51220000;CompteLib_0019;;;25F137;20250630;EcritureLib_0096;;0,00;48,97;C;;;
BQ;Banque BQ;;20250630;40100000;CompteLib_0012;401LIDL;LIDL;25F138;20250630;EcritureLib_0670;;48,66;0,00;D;;FK;20250710
BQ;Banque BQ;;20250630;51220000;CompteLib_0019;;;25F138;20250630;EcritureLib_0670;;0,00;48,66;C;;;
BQ;Banque BQ;;20250630;40100000;CompteLib_0012;401LIDL;LIDL;25F139;20250630;EcritureLib_0671;;21,43;0,00;D;;GA;20250710
BQ;Banque BQ;;20250630;51220000;CompteLib_0019;;;25F139;20250630;EcritureLib_0671;;0,00;21,43;C;;;
BQ;Banque BQ;;20250630;51100000;CompteLib_0031;;;25F140;20250630;EcritureLib_0094;;0,99;0,00;D;;;
BQ;Banque BQ;;20250630;51220000;CompteLib_0019;;;25F140;20250630;EcritureLib_0094;;0,00;0,99;C;;;
BQ;Banque BQ;;20250630;51100000;CompteLib_0031;;;25F141;20250630;EcritureLib_0094;;0,47;0,00;D;;;
BQ;Banque BQ;;20250630;51220000;CompteLib_0019;;;25F141;20250630;EcritureLib_0094;;0,00;0,47;C;;;
BQ;Banque BQ;;20250630;51100000;CompteLib_0031;;;25F142;20250630;EcritureLib_0094;;0,21;0,00;D;;;
BQ;Banque BQ;;20250630;51220000;CompteLib_0019;;;25F142;20250630;EcritureLib_0094;;0,00;0,21;C;;;
BQ;Banque BQ;;20250630;51100000;CompteLib_0031;;;25F143;20250630;EcritureLib_0094;;0,17;0,00;D;;;
BQ;Banque BQ;;20250630;51220000;CompteLib_0019;;;25F143;20250630;EcritureLib_0094;;0,00;0,17;C;;;
BQ;Banque BQ;;20250701;62700000;CompteLib_0029;;;25G1;20250701;EcritureLib_0672;;24,02;0,00;D;;;
BQ;Banque BQ;;20250701;51220000;CompteLib_0019;;;25G1;20250701;EcritureLib_0672;;0,00;24,02;C;;;
BQ;Banque BQ;;20250701;62700000;CompteLib_0029;;;25G2;20250701;EcritureLib_0378;;5,25;0,00;D;;;
BQ;Banque BQ;;20250701;51220000;CompteLib_0019;;;25G2;20250701;EcritureLib_0378;;0,00;5,25;C;;;
BQ;Banque BQ;;20250702;40100000;CompteLib_0012;401LIDL;LIDL;25G5;20250702;EcritureLib_0673;;82,07;0,00;D;;FS;20250710
BQ;Banque BQ;;20250702;51220000;CompteLib_0019;;;25G5;20250702;EcritureLib_0673;;0,00;82,07;C;;;
BQ;Banque BQ;;20250702;62601000;CompteLib_0030;;;25G6;20250702;EcritureLib_0096;;10,83;0,00;D;;;
BQ;Banque BQ;;20250702;44566100;CompteLib_0023;;;25G6;20250702;EcritureLib_0096;;2,17;0,00;D;;;
BQ;Banque BQ;;20250702;51220000;CompteLib_0019;;;25G6;20250702;EcritureLib_0096;;0,00;13,00;C;;;
BQ;Banque BQ;;20250702;47100000;CompteLib_0027;;;25G7;20250702;EcritureLib_0145;;2,50;0,00;D;;;
BQ;Banque BQ;;20250702;51220000;CompteLib_0019;;;25G7;20250702;EcritureLib_0145;;0,00;2,50;C;;;
BQ;Banque BQ;;20250703;51100000;CompteLib_0031;;;25G9;20250703;EcritureLib_0674;;0,00;52,80;C;;;
BQ;Banque BQ;;20250703;51220000;CompteLib_0019;;;25G9;20250703;EcritureLib_0674;;52,80;0,00;D;;;
BQ;Banque BQ;;20250703;51180000;CompteLib_0034;;;25G10;20250703;EcritureLib_0138;;0,00;15,50;C;;;
BQ;Banque BQ;;20250703;51220000;CompteLib_0019;;;25G10;20250703;EcritureLib_0138;;15,50;0,00;D;;;
BQ;Banque BQ;;20250703;40100000;CompteLib_0012;401DIVERS;FOURNISSEURS DIVERS;25G11;20250703;EcritureLib_0675;;40,49;0,00;D;;S;20250711
BQ;Banque BQ;;20250703;51220000;CompteLib_0019;;;25G11;20250703;EcritureLib_0675;;0,00;40,49;C;;;
BQ;Banque BQ;;20250703;51100000;CompteLib_0031;;;25G12;20250703;EcritureLib_0094;;0,38;0,00;D;;;
BQ;Banque BQ;;20250703;51220000;CompteLib_0019;;;25G12;20250703;EcritureLib_0094;;0,00;0,38;C;;;
BQ;Banque BQ;;20250704;51100000;CompteLib_0031;;;25G17;20250704;EcritureLib_0676;;0,00;19,00;C;;;
BQ;Banque BQ;;20250704;51220000;CompteLib_0019;;;25G17;20250704;EcritureLib_0676;;19,00;0,00;D;;;
BQ;Banque BQ;;20250704;51100000;CompteLib_0031;;;25G18;20250704;EcritureLib_0677;;0,00;10,47;C;;;
BQ;Banque BQ;;20250704;51220000;CompteLib_0019;;;25G18;20250704;EcritureLib_0677;;10,47;0,00;D;;;
BQ;Banque BQ;;20250704;40100000;CompteLib_0012;401DIVERS;FOURNISSEURS DIVERS;25G19;20250704;EcritureLib_0678;;102,27;0,00;D;;Q;20250710
BQ;Banque BQ;;20250704;51220000;CompteLib_0019;;;25G19;20250704;EcritureLib_0678;;0,00;102,27;C;;;
BQ;Banque BQ;;20250704;40100000;CompteLib_0012;401LIDL;LIDL;25G20;20250704;EcritureLib_0679;;89,74;0,00;D;;FF;20250710
BQ;Banque BQ;;20250704;51220000;CompteLib_0019;;;25G20;20250704;EcritureLib_0679;;0,00;89,74;C;;;
BQ;Banque BQ;;20250704;40100000;CompteLib_0012;401LIDL;LIDL;25G21;20250704;EcritureLib_0679;;57,66;0,00;D;;FG;20250710
BQ;Banque BQ;;20250704;51220000;CompteLib_0019;;;25G21;20250704;EcritureLib_0679;;0,00;57,66;C;;;
BQ;Banque BQ;;20250704;40100000;CompteLib_0012;401GRANDF;GRAND FRAIS;25G22;20250704;EcritureLib_0680;;39,05;0,00;D;;AB;20250710
BQ;Banque BQ;;20250704;51220000;CompteLib_0019;;;25G22;20250704;EcritureLib_0680;;0,00;39,05;C;;;
BQ;Banque BQ;;20250704;51100000;CompteLib_0031;;;25G23;20250704;EcritureLib_0094;;0,06;0,00;D;;;
BQ;Banque BQ;;20250704;51220000;CompteLib_0019;;;25G23;20250704;EcritureLib_0094;;0,00;0,06;C;;;
BQ;Banque BQ;;20250706;40100000;CompteLib_0012;401LOYER;LOYER ET CHARGES;25G26;20250706;EcritureLib_0681;;1361,10;0,00;D;;;
BQ;Banque BQ;;20250706;51220000;CompteLib_0019;;;25G26;20250706;EcritureLib_0681;;0,00;1361,10;C;;;
BQ;Banque BQ;;20250707;51100000;CompteLib_0031;;;25G29;20250707;EcritureLib_0682;;0,00;3,50;C;;;
BQ;Banque BQ;;20250707;51220000;CompteLib_0019;;;25G29;20250707;EcritureLib_0682;;3,50;0,00;D;;;
BQ;Banque BQ;;20250707;40100000;CompteLib_0012;401METRO;METRO;25G30;20250707;EcritureLib_0683;;119,63;0,00;D;;BA;20250726
BQ;Banque BQ;;20250707;51220000;CompteLib_0019;;;25G30;20250707;EcritureLib_0683;;0,00;119,63;C;;;
BQ;Banque BQ;;20250707;61600000;CompteLib_0032;;;25G31;20250707;EcritureLib_0113;;76,89;0,00;D;;;
BQ;Banque BQ;;20250707;51220000;CompteLib_0019;;;25G31;20250707;EcritureLib_0113;;0,00;76,89;C;;;
BQ;Banque BQ;;20250707;40100000;CompteLib_0012;401LIDL;LIDL;25G32;20250707;EcritureLib_0684;;66,69;0,00;D;;GV;20250718
BQ;Banque BQ;;20250707;51220000;CompteLib_0019;;;25G32;20250707;EcritureLib_0684;;0,00;66,69;C;;;
BQ;Banque BQ;;20250707;40100000;CompteLib_0012;401DIVERS;FOURNISSEURS DIVERS;25G33;20250707;EcritureLib_0685;;54,56;0,00;D;;T;20250718
BQ;Banque BQ;;20250707;51220000;CompteLib_0019;;;25G33;20250707;EcritureLib_0685;;0,00;54,56;C;;;
BQ;Banque BQ;;20250707;40100000;CompteLib_0012;401GRANDF;GRAND FRAIS;25G34;20250707;EcritureLib_0686;;51,68;0,00;D;;AD;20250711
BQ;Banque BQ;;20250707;51220000;CompteLib_0019;;;25G34;20250707;EcritureLib_0686;;0,00;51,68;C;;;
BQ;Banque BQ;;20250707;40100000;CompteLib_0012;401DIVERS;FOURNISSEURS DIVERS;25G35;20250707;EcritureLib_0687;;38,50;0,00;D;;;
BQ;Banque BQ;;20250707;51220000;CompteLib_0019;;;25G35;20250707;EcritureLib_0687;;0,00;38,50;C;;;
BQ;Banque BQ;;20250707;51100000;CompteLib_0031;;;25G36;20250707;EcritureLib_0094;;0,01;0,00;D;;;
BQ;Banque BQ;;20250707;51220000;CompteLib_0019;;;25G36;20250707;EcritureLib_0094;;0,00;0,01;C;;;
BQ;Banque BQ;;20250708;51100000;CompteLib_0031;;;25G37;20250708;EcritureLib_0688;;0,00;486,10;C;;;
BQ;Banque BQ;;20250708;51220000;CompteLib_0019;;;25G37;20250708;EcritureLib_0688;;486,10;0,00;D;;;
BQ;Banque BQ;;20250708;51100000;CompteLib_0031;;;25G38;20250708;EcritureLib_0689;;0,00;125,20;C;;;
BQ;Banque BQ;;20250708;51220000;CompteLib_0019;;;25G38;20250708;EcritureLib_0689;;125,20;0,00;D;;;
BQ;Banque BQ;;20250708;51100000;CompteLib_0031;;;25G39;20250708;EcritureLib_0690;;0,00;49,80;C;;;
BQ;Banque BQ;;20250708;51220000;CompteLib_0019;;;25G39;20250708;EcritureLib_0690;;49,80;0,00;D;;;
BQ;Banque BQ;;20250708;51100000;CompteLib_0031;;;25G40;20250708;EcritureLib_0691;;0,00;38,89;C;;;
BQ;Banque BQ;;20250708;51220000;CompteLib_0019;;;25G40;20250708;EcritureLib_0691;;38,89;0,00;D;;;
BQ;Banque BQ;;20250708;51100000;CompteLib_0031;;;25G41;20250708;EcritureLib_0094;;3,64;0,00;D;;;
BQ;Banque BQ;;20250708;51220000;CompteLib_0019;;;25G41;20250708;EcritureLib_0094;;0,00;3,64;C;;;
BQ;Banque BQ;;20250708;51100000;CompteLib_0031;;;25G42;20250708;EcritureLib_0094;;0,79;0,00;D;;;
BQ;Banque BQ;;20250708;51220000;CompteLib_0019;;;25G42;20250708;EcritureLib_0094;;0,00;0,79;C;;;
BQ;Banque BQ;;20250708;51100000;CompteLib_0031;;;25G43;20250708;EcritureLib_0094;;0,17;0,00;D;;;
BQ;Banque BQ;;20250708;51220000;CompteLib_0019;;;25G43;20250708;EcritureLib_0094;;0,00;0,17;C;;;
BQ;Banque BQ;;20250709;51100000;CompteLib_0031;;;25G45;20250709;EcritureLib_0692;;0,00;17,50;C;;;
BQ;Banque BQ;;20250709;51220000;CompteLib_0019;;;25G45;20250709;EcritureLib_0692;;17,50;0,00;D;;;
BQ;Banque BQ;;20250709;40100000;CompteLib_0012;401LIDL;LIDL;25G46;20250709;EcritureLib_0693;;37,88;0,00;D;;GU;20250718
BQ;Banque BQ;;20250709;51220000;CompteLib_0019;;;25G46;20250709;EcritureLib_0693;;0,00;37,88;C;;;
BQ;Banque BQ;;20250709;51100000;CompteLib_0031;;;25G47;20250709;EcritureLib_0094;;0,05;0,00;D;;;
BQ;Banque BQ;;20250709;51220000;CompteLib_0019;;;25G47;20250709;EcritureLib_0094;;0,00;0,05;C;;;
BQ;Banque BQ;;20250710;51100000;CompteLib_0031;;;25G48;20250710;EcritureLib_0694;;0,00;42,90;C;;;
BQ;Banque BQ;;20250710;51220000;CompteLib_0019;;;25G48;20250710;EcritureLib_0694;;42,90;0,00;D;;;
BQ;Banque BQ;;20250710;51100000;CompteLib_0031;;;25G49;20250710;EcritureLib_0695;;0,00;7,27;C;;;
BQ;Banque BQ;;20250710;51220000;CompteLib_0019;;;25G49;20250710;EcritureLib_0695;;7,27;0,00;D;;;
BQ;Banque BQ;;20250710;51100000;CompteLib_0031;;;25G50;20250710;EcritureLib_0094;;0,14;0,00;D;;;
BQ;Banque BQ;;20250710;51220000;CompteLib_0019;;;25G50;20250710;EcritureLib_0094;;0,00;0,14;C;;;
BQ;Banque BQ;;20250711;51100000;CompteLib_0031;;;25G51;20250711;EcritureLib_0696;;0,00;119,30;C;;;
BQ;Banque BQ;;20250711;51220000;CompteLib_0019;;;25G51;20250711;EcritureLib_0696;;119,30;0,00;D;;;
BQ;Banque BQ;;20250711;51100000;CompteLib_0031;;;25G52;20250711;EcritureLib_0094;;0,41;0,00;D;;;
BQ;Banque BQ;;20250711;51220000;CompteLib_0019;;;25G52;20250711;EcritureLib_0094;;0,00;0,41;C;;;
BQ;Banque BQ;;20250715;51100000;CompteLib_0031;;;25G56;20250715;EcritureLib_0697;;0,00;280,10;C;;;
BQ;Banque BQ;;20250715;51220000;CompteLib_0019;;;25G56;20250715;EcritureLib_0697;;280,10;0,00;D;;;
BQ;Banque BQ;;20250715;51100000;CompteLib_0031;;;25G57;20250715;EcritureLib_0698;;0,00;91,10;C;;;
BQ;Banque BQ;;20250715;51220000;CompteLib_0019;;;25G57;20250715;EcritureLib_0698;;91,10;0,00;D;;;
BQ;Banque BQ;;20250715;40100000;CompteLib_0012;401LIDL;LIDL;25G58;20250715;EcritureLib_0699;;151,12;0,00;D;;GX;20250718
BQ;Banque BQ;;20250715;51220000;CompteLib_0019;;;25G58;20250715;EcritureLib_0699;;0,00;151,12;C;;;
BQ;Banque BQ;;20250715;40100000;CompteLib_0012;401LIDL;LIDL;25G59;20250715;EcritureLib_0700;;72,79;0,00;D;;GW;20250718
BQ;Banque BQ;;20250715;51220000;CompteLib_0019;;;25G59;20250715;EcritureLib_0700;;0,00;72,79;C;;;
BQ;Banque BQ;;20250715;62601000;CompteLib_0030;;;25G60;20250715;EcritureLib_0096;;40,00;0,00;D;;;
BQ;Banque BQ;;20250715;44566100;CompteLib_0023;;;25G60;20250715;EcritureLib_0096;;8,00;0,00;D;;;
BQ;Banque BQ;;20250715;51220000;CompteLib_0019;;;25G60;20250715;EcritureLib_0096;;0,00;48,00;C;;;
BQ;Banque BQ;;20250715;40100000;CompteLib_0012;401GRANDF;GRAND FRAIS;25G61;20250715;EcritureLib_0701;;21,42;0,00;D;;AE;20250718
BQ;Banque BQ;;20250715;51220000;CompteLib_0019;;;25G61;20250715;EcritureLib_0701;;0,00;21,42;C;;;
BQ;Banque BQ;;20250715;47100000;CompteLib_0027;;;25G62;20250715;EcritureLib_0702;;7,65;0,00;D;;;
BQ;Banque BQ;;20250715;51220000;CompteLib_0019;;;25G62;20250715;EcritureLib_0702;;0,00;7,65;C;;;
BQ;Banque BQ;;20250715;51100000;CompteLib_0031;;;25G63;20250715;EcritureLib_0094;;1,84;0,00;D;;;
BQ;Banque BQ;;20250715;51220000;CompteLib_0019;;;25G63;20250715;EcritureLib_0094;;0,00;1,84;C;;;
BQ;Banque BQ;;20250715;51100000;CompteLib_0031;;;25G64;20250715;EcritureLib_0094;;0,32;0,00;D;;;
BQ;Banque BQ;;20250715;51220000;CompteLib_0019;;;25G64;20250715;EcritureLib_0094;;0,00;0,32;C;;;
BQ;Banque BQ;;20250716;51100000;CompteLib_0031;;;25G65;20250716;EcritureLib_0703;;0,00;152,60;C;;;
BQ;Banque BQ;;20250716;51220000;CompteLib_0019;;;25G65;20250716;EcritureLib_0703;;152,60;0,00;D;;;
BQ;Banque BQ;;20250716;51100000;CompteLib_0031;;;25G66;20250716;EcritureLib_0704;;0,00;99,50;C;;;
BQ;Banque BQ;;20250716;51220000;CompteLib_0019;;;25G66;20250716;EcritureLib_0704;;99,50;0,00;D;;;
BQ;Banque BQ;;20250716;51100000;CompteLib_0031;;;25G67;20250716;EcritureLib_0094;;0,52;0,00;D;;;
BQ;Banque BQ;;20250716;51220000;CompteLib_0019;;;25G67;20250716;EcritureLib_0094;;0,00;0,52;C;;;
BQ;Banque BQ;;20250716;51100000;CompteLib_0031;;;25G68;20250716;EcritureLib_0094;;0,35;0,00;D;;;
BQ;Banque BQ;;20250716;51220000;CompteLib_0019;;;25G68;20250716;EcritureLib_0094;;0,00;0,35;C;;;
BQ;Banque BQ;;20250717;51100000;CompteLib_0031;;;25G71;20250717;EcritureLib_0705;;0,00;227,40;C;;;
BQ;Banque BQ;;20250717;51220000;CompteLib_0019;;;25G71;20250717;EcritureLib_0705;;227,40;0,00;D;;;
BQ;Banque BQ;;20250717;51100000;CompteLib_0031;;;25G72;20250717;EcritureLib_0706;;0,00;53,94;C;;;
BQ;Banque BQ;;20250717;51220000;CompteLib_0019;;;25G72;20250717;EcritureLib_0706;;53,94;0,00;D;;;
BQ;Banque BQ;;20250717;51100000;CompteLib_0031;;;25G73;20250717;EcritureLib_0707;;0,00;18,40;C;;;
BQ;Banque BQ;;20250717;51220000;CompteLib_0019;;;25G73;20250717;EcritureLib_0707;;18,40;0,00;D;;;
BQ;Banque BQ;;20250717;51100000;CompteLib_0031;;;25G74;20250717;EcritureLib_0708;;0,00;14,55;C;;;
BQ;Banque BQ;;20250717;51220000;CompteLib_0019;;;25G74;20250717;EcritureLib_0708;;14,55;0,00;D;;;
BQ;Banque BQ;;20250717;40100000;CompteLib_0012;401METRO;METRO;25G75;20250717;EcritureLib_0709;;113,52;0,00;D;;;
BQ;Banque BQ;;20250717;51220000;CompteLib_0019;;;25G75;20250717;EcritureLib_0709;;0,00;113,52;C;;;
BQ;Banque BQ;;20250717;47100000;CompteLib_0027;;;25G76;20250717;EcritureLib_0210;;83,13;0,00;D;;;
BQ;Banque BQ;;20250717;51220000;CompteLib_0019;;;25G76;20250717;EcritureLib_0210;;0,00;83,13;C;;;
BQ;Banque BQ;;20250717;40100000;CompteLib_0012;401LECLERC;LECLERC;25G77;20250717;EcritureLib_0710;;60,94;0,00;D;;BN;20250726
BQ;Banque BQ;;20250717;51220000;CompteLib_0019;;;25G77;20250717;EcritureLib_0710;;0,00;60,94;C;;;
BQ;Banque BQ;;20250717;47100000;CompteLib_0027;;;25G78;20250717;EcritureLib_0145;;3,28;0,00;D;;;
BQ;Banque BQ;;20250717;51220000;CompteLib_0019;;;25G78;20250717;EcritureLib_0145;;0,00;3,28;C;;;
BQ;Banque BQ;;20250717;51100000;CompteLib_0031;;;25G79;20250717;EcritureLib_0094;;0,79;0,00;D;;;
BQ;Banque BQ;;20250717;51220000;CompteLib_0019;;;25G79;20250717;EcritureLib_0094;;0,00;0,79;C;;;
BQ;Banque BQ;;20250717;51100000;CompteLib_0031;;;25G80;20250717;EcritureLib_0094;;0,06;0,00;D;;;
BQ;Banque BQ;;20250717;51220000;CompteLib_0019;;;25G80;20250717;EcritureLib_0094;;0,00;0,06;C;;;
BQ;Banque BQ;;20250718;51100000;CompteLib_0031;;;25G81;20250718;EcritureLib_0711;;0,00;184,60;C;;;
BQ;Banque BQ;;20250718;51220000;CompteLib_0019;;;25G81;20250718;EcritureLib_0711;;184,60;0,00;D;;;
BQ;Banque BQ;;20250718;40100000;CompteLib_0012;401HALLES;LES HALLES DU SUD;25G82;20250718;EcritureLib_0712;;125,50;0,00;D;;U;20250726
BQ;Banque BQ;;20250718;51220000;CompteLib_0019;;;25G82;20250718;EcritureLib_0712;;0,00;125,50;C;;;
BQ;Banque BQ;;20250718;40100000;CompteLib_0012;401LIDL;LIDL;25G83;20250718;EcritureLib_0713;;54,13;0,00;D;;;
BQ;Banque BQ;;20250718;51220000;CompteLib_0019;;;25G83;20250718;EcritureLib_0713;;0,00;54,13;C;;;
BQ;Banque BQ;;20250718;51100000;CompteLib_0031;;;25G84;20250718;EcritureLib_0094;;0,97;0,00;D;;;
BQ;Banque BQ;;20250718;51220000;CompteLib_0019;;;25G84;20250718;EcritureLib_0094;;0,00;0,97;C;;;
BQ;Banque BQ;;20250721;51100000;CompteLib_0031;;;25G86;20250721;EcritureLib_0714;;0,00;204,90;C;;;
BQ;Banque BQ;;20250721;51220000;CompteLib_0019;;;25G86;20250721;EcritureLib_0714;;204,90;0,00;D;;;
BQ;Banque BQ;;20250721;51100000;CompteLib_0031;;;25G87;20250721;EcritureLib_0715;;0,00;114,40;C;;;
BQ;Banque BQ;;20250721;51220000;CompteLib_0019;;;25G87;20250721;EcritureLib_0715;;114,40;0,00;D;;;
BQ;Banque BQ;;20250721;51100000;CompteLib_0031;;;25G88;20250721;EcritureLib_0716;;0,00;68,80;C;;;
BQ;Banque BQ;;20250721;51220000;CompteLib_0019;;;25G88;20250721;EcritureLib_0716;;68,80;0,00;D;;;
BQ;Banque BQ;;20250721;61352000;CompteLib_0035;;;25G89;20250721;EcritureLib_0152;;66,62;0,00;D;;;
BQ;Banque BQ;;20250721;44566100;CompteLib_0023;;;25G89;20250721;EcritureLib_0152;;13,32;0,00;D;;;
BQ;Banque BQ;;20250721;51220000;CompteLib_0019;;;25G89;20250721;EcritureLib_0152;;0,00;79,94;C;;;
BQ;Banque BQ;;20250721;51100000;CompteLib_0031;;;25G90;20250721;EcritureLib_0094;;0,88;0,00;D;;;
BQ;Banque BQ;;20250721;51220000;CompteLib_0019;;;25G90;20250721;EcritureLib_0094;;0,00;0,88;C;;;
BQ;Banque BQ;;20250721;51100000;CompteLib_0031;;;25G91;20250721;EcritureLib_0094;;0,65;0,00;D;;;
BQ;Banque BQ;;20250721;51220000;CompteLib_0019;;;25G91;20250721;EcritureLib_0094;;0,00;0,65;C;;;
BQ;Banque BQ;;20250721;51100000;CompteLib_0031;;;25G92;20250721;EcritureLib_0094;;0,34;0,00;D;;;
BQ;Banque BQ;;20250721;51220000;CompteLib_0019;;;25G92;20250721;EcritureLib_0094;;0,00;0,34;C;;;
BQ;Banque BQ;;20250722;40100000;CompteLib_0012;401STC;STC DIGIT;25G93;20250722;EcritureLib_0155;;193,20;0,00;D;;;
BQ;Banque BQ;;20250722;51220000;CompteLib_0019;;;25G93;20250722;EcritureLib_0155;;0,00;193,20;C;;;
BQ;Banque BQ;;20250722;40100000;CompteLib_0012;401LIDL;LIDL;25G94;20250722;EcritureLib_0717;;49,80;0,00;D;;GY;20250726
BQ;Banque BQ;;20250722;51220000;CompteLib_0019;;;25G94;20250722;EcritureLib_0717;;0,00;49,80;C;;;
BQ;Banque BQ;;20250722;47100000;CompteLib_0027;;;25G95;20250722;EcritureLib_0718;;13,30;0,00;D;;;
BQ;Banque BQ;;20250722;51220000;CompteLib_0019;;;25G95;20250722;EcritureLib_0718;;0,00;13,30;C;;;
BQ;Banque BQ;;20250723;51100000;CompteLib_0031;;;25G96;20250723;EcritureLib_0719;;0,00;31,80;C;;;
BQ;Banque BQ;;20250723;51220000;CompteLib_0019;;;25G96;20250723;EcritureLib_0719;;31,80;0,00;D;;;
BQ;Banque BQ;;20250723;40100000;CompteLib_0012;401VANDEN;VANDENBULCKE;25G97;20250723;EcritureLib_0100;;121,03;0,00;D;;AN;20250726
BQ;Banque BQ;;20250723;51220000;CompteLib_0019;;;25G97;20250723;EcritureLib_0100;;0,00;121,03;C;;;
BQ;Banque BQ;;20250723;47100000;CompteLib_0027;;;25G98;20250723;EcritureLib_0720;;7,65;0,00;D;;;
BQ;Banque BQ;;20250723;51220000;CompteLib_0019;;;25G98;20250723;EcritureLib_0720;;0,00;7,65;C;;;
BQ;Banque BQ;;20250723;47100000;CompteLib_0027;;;25G99;20250723;EcritureLib_0720;;7,55;0,00;D;;;
BQ;Banque BQ;;20250723;51220000;CompteLib_0019;;;25G99;20250723;EcritureLib_0720;;0,00;7,55;C;;;
BQ;Banque BQ;;20250723;51100000;CompteLib_0031;;;25G100;20250723;EcritureLib_0094;;0,10;0,00;D;;;
BQ;Banque BQ;;20250723;51220000;CompteLib_0019;;;25G100;20250723;EcritureLib_0094;;0,00;0,10;C;;;
BQ;Banque BQ;;20250724;51100000;CompteLib_0031;;;25G103;20250724;EcritureLib_0721;;0,00;219,70;C;;;
BQ;Banque BQ;;20250724;51220000;CompteLib_0019;;;25G103;20250724;EcritureLib_0721;;219,70;0,00;D;;;
BQ;Banque BQ;;20250724;51180000;CompteLib_0034;;;25G104;20250724;EcritureLib_0138;;0,00;14,18;C;;;
BQ;Banque BQ;;20250724;51220000;CompteLib_0019;;;25G104;20250724;EcritureLib_0138;;14,18;0,00;D;;;
BQ;Banque BQ;;20250724;60700000;CompteLib_0022;;;25G105;20250724;EcritureLib_0722;;55,39;0,00;D;;;
BQ;Banque BQ;;20250724;44566100;CompteLib_0023;;;25G105;20250724;EcritureLib_0722;;11,08;0,00;D;;;
BQ;Banque BQ;;20250724;51220000;CompteLib_0019;;;25G105;20250724;EcritureLib_0722;;0,00;66,47;C;;;
BQ;Banque BQ;;20250724;40100000;CompteLib_0012;401LIDL;LIDL;25G106;20250724;EcritureLib_0723;;32,15;0,00;D;;HC;20250813
BQ;Banque BQ;;20250724;51220000;CompteLib_0019;;;25G106;20250724;EcritureLib_0723;;0,00;32,15;C;;;
BQ;Banque BQ;;20250724;51100000;CompteLib_0031;;;25G107;20250724;EcritureLib_0094;;0,76;0,00;D;;;
BQ;Banque BQ;;20250724;51220000;CompteLib_0019;;;25G107;20250724;EcritureLib_0094;;0,00;0,76;C;;;
BQ;Banque BQ;;20250725;51100000;CompteLib_0031;;;25G109;20250725;EcritureLib_0724;;0,00;172,80;C;;;
BQ;Banque BQ;;20250725;51220000;CompteLib_0019;;;25G109;20250725;EcritureLib_0724;;172,80;0,00;D;;;
BQ;Banque BQ;;20250725;51100000;CompteLib_0031;;;25G110;20250725;EcritureLib_0725;;0,00;61,20;C;;;
BQ;Banque BQ;;20250725;51220000;CompteLib_0019;;;25G110;20250725;EcritureLib_0725;;61,20;0,00;D;;;
BQ;Banque BQ;;20250725;51100000;CompteLib_0031;;;25G111;20250725;EcritureLib_0726;;0,00;40,40;C;;;
BQ;Banque BQ;;20250725;51220000;CompteLib_0019;;;25G111;20250725;EcritureLib_0726;;40,40;0,00;D;;;
BQ;Banque BQ;;20250725;40100000;CompteLib_0012;401LIDL;LIDL;25G112;20250725;EcritureLib_0727;;13,98;0,00;D;;HB;20250813
BQ;Banque BQ;;20250725;51220000;CompteLib_0019;;;25G112;20250725;EcritureLib_0727;;0,00;13,98;C;;;
BQ;Banque BQ;;20250725;51100000;CompteLib_0031;;;25G113;20250725;EcritureLib_0094;;1,07;0,00;D;;;
BQ;Banque BQ;;20250725;51220000;CompteLib_0019;;;25G113;20250725;EcritureLib_0094;;0,00;1,07;C;;;
BQ;Banque BQ;;20250725;51100000;CompteLib_0031;;;25G114;20250725;EcritureLib_0094;;0,21;0,00;D;;;
BQ;Banque BQ;;20250725;51220000;CompteLib_0019;;;25G114;20250725;EcritureLib_0094;;0,00;0,21;C;;;
BQ;Banque BQ;;20250728;51100000;CompteLib_0031;;;25G120;20250728;EcritureLib_0728;;0,00;368,40;C;;;
BQ;Banque BQ;;20250728;51220000;CompteLib_0019;;;25G120;20250728;EcritureLib_0728;;368,40;0,00;D;;;
BQ;Banque BQ;;20250728;51100000;CompteLib_0031;;;25G121;20250728;EcritureLib_0729;;0,00;205,30;C;;;
BQ;Banque BQ;;20250728;51220000;CompteLib_0019;;;25G121;20250728;EcritureLib_0729;;205,30;0,00;D;;;
BQ;Banque BQ;;20250728;51100000;CompteLib_0031;;;25G122;20250728;EcritureLib_0730;;0,00;174,30;C;;;
BQ;Banque BQ;;20250728;51220000;CompteLib_0019;;;25G122;20250728;EcritureLib_0730;;174,30;0,00;D;;;
BQ;Banque BQ;;20250728;51100000;CompteLib_0031;;;25G123;20250728;EcritureLib_0731;;0,00;88,40;C;;;
BQ;Banque BQ;;20250728;51220000;CompteLib_0019;;;25G123;20250728;EcritureLib_0731;;88,40;0,00;D;;;
BQ;Banque BQ;;20250728;51100000;CompteLib_0031;;;25G124;20250728;EcritureLib_0732;;0,00;57,00;C;;;
BQ;Banque BQ;;20250728;51220000;CompteLib_0019;;;25G124;20250728;EcritureLib_0732;;57,00;0,00;D;;;
BQ;Banque BQ;;20250728;40100000;CompteLib_0012;401LIDL;LIDL;25G125;20250728;EcritureLib_0733;;49,81;0,00;D;;HF;20250813
BQ;Banque BQ;;20250728;51220000;CompteLib_0019;;;25G125;20250728;EcritureLib_0733;;0,00;49,81;C;;;
BQ;Banque BQ;;20250728;62601000;CompteLib_0030;;;25G126;20250728;EcritureLib_0096;;40,81;0,00;D;;;
BQ;Banque BQ;;20250728;44566100;CompteLib_0023;;;25G126;20250728;EcritureLib_0096;;8,16;0,00;D;;;
BQ;Banque BQ;;20250728;51220000;CompteLib_0019;;;25G126;20250728;EcritureLib_0096;;0,00;48,97;C;;;
BQ;Banque BQ;;20250728;40100000;CompteLib_0012;401INTER;INTERESTO;25G127;20250728;EcritureLib_0734;;45,79;0,00;D;;BB;20250813
BQ;Banque BQ;;20250728;51220000;CompteLib_0019;;;25G127;20250728;EcritureLib_0734;;0,00;45,79;C;;;
BQ;Banque BQ;;20250728;40100000;CompteLib_0012;401LIDL;LIDL;25G128;20250728;EcritureLib_0735;;39,02;0,00;D;;HG;20250813
BQ;Banque BQ;;20250728;51220000;CompteLib_0019;;;25G128;20250728;EcritureLib_0735;;0,00;39,02;C;;;
BQ;Banque BQ;;20250728;40100000;CompteLib_0012;401LIDL;LIDL;25G129;20250728;EcritureLib_0736;;35,82;0,00;D;;HE;20250813
BQ;Banque BQ;;20250728;51220000;CompteLib_0019;;;25G129;20250728;EcritureLib_0736;;0,00;35,82;C;;;
BQ;Banque BQ;;20250728;40100000;CompteLib_0012;401GRANDF;GRAND FRAIS;25G130;20250728;EcritureLib_0737;;14,47;0,00;D;;AH;20250813
BQ;Banque BQ;;20250728;51220000;CompteLib_0019;;;25G130;20250728;EcritureLib_0737;;0,00;14,47;C;;;
BQ;Banque BQ;;20250728;62700000;CompteLib_0029;;;25G131;20250728;EcritureLib_0224;;5,33;0,00;D;;;
BQ;Banque BQ;;20250728;51220000;CompteLib_0019;;;25G131;20250728;EcritureLib_0224;;0,00;5,33;C;;;
BQ;Banque BQ;;20250728;62700000;CompteLib_0029;;;25G132;20250728;EcritureLib_0225;;5,33;0,00;D;;;
BQ;Banque BQ;;20250728;51220000;CompteLib_0019;;;25G132;20250728;EcritureLib_0225;;0,00;5,33;C;;;
BQ;Banque BQ;;20250728;51100000;CompteLib_0031;;;25G133;20250728;EcritureLib_0094;;1,70;0,00;D;;;
BQ;Banque BQ;;20250728;51220000;CompteLib_0019;;;25G133;20250728;EcritureLib_0094;;0,00;1,70;C;;;
BQ;Banque BQ;;20250728;51100000;CompteLib_0031;;;25G134;20250728;EcritureLib_0094;;1,68;0,00;D;;;
BQ;Banque BQ;;20250728;51220000;CompteLib_0019;;;25G134;20250728;EcritureLib_0094;;0,00;1,68;C;;;
BQ;Banque BQ;;20250728;51100000;CompteLib_0031;;;25G135;20250728;EcritureLib_0094;;0,87;0,00;D;;;
BQ;Banque BQ;;20250728;51220000;CompteLib_0019;;;25G135;20250728;EcritureLib_0094;;0,00;0,87;C;;;
BQ;Banque BQ;;20250728;51100000;CompteLib_0031;;;25G136;20250728;EcritureLib_0094;;0,29;0,00;D;;;
BQ;Banque BQ;;20250728;51220000;CompteLib_0019;;;25G136;20250728;EcritureLib_0094;;0,00;0,29;C;;;
BQ;Banque BQ;;20250728;51100000;CompteLib_0031;;;25G137;20250728;EcritureLib_0094;;0,20;0,00;D;;;
BQ;Banque BQ;;20250728;51220000;CompteLib_0019;;;25G137;20250728;EcritureLib_0094;;0,00;0,20;C;;;
BQ;Banque BQ;;20250728;47100000;CompteLib_0027;;;25G138;20250728;EcritureLib_0738;;0,00;500,00;C;;;
BQ;Banque BQ;;20250728;51220000;CompteLib_0019;;;25G138;20250728;EcritureLib_0738;;500,00;0,00;D;;;
BQ;Banque BQ;;20250729;47100000;CompteLib_0027;;;25G139;20250729;EcritureLib_0739;;1588,00;0,00;D;;;
BQ;Banque BQ;;20250729;51220000;CompteLib_0019;;;25G139;20250729;EcritureLib_0739;;0,00;1588,00;C;;;
BQ;Banque BQ;;20250730;51100000;CompteLib_0031;;;25G142;20250730;EcritureLib_0740;;0,00;176,60;C;;;
BQ;Banque BQ;;20250730;51220000;CompteLib_0019;;;25G142;20250730;EcritureLib_0740;;176,60;0,00;D;;;
BQ;Banque BQ;;20250730;40100000;CompteLib_0012;401LIDL;LIDL;25G143;20250730;EcritureLib_0741;;81,33;0,00;D;;HD;20250813
BQ;Banque BQ;;20250730;51220000;CompteLib_0019;;;25G143;20250730;EcritureLib_0741;;0,00;81,33;C;;;
BQ;Banque BQ;;20250730;40100000;CompteLib_0012;401DIVERS;FOURNISSEURS DIVERS;25G144;20250730;EcritureLib_0742;;30,19;0,00;D;;U;20250813
BQ;Banque BQ;;20250730;51220000;CompteLib_0019;;;25G144;20250730;EcritureLib_0742;;0,00;30,19;C;;;
BQ;Banque BQ;;20250730;51100000;CompteLib_0031;;;25G145;20250730;EcritureLib_0094;;0,60;0,00;D;;;
BQ;Banque BQ;;20250730;51220000;CompteLib_0019;;;25G145;20250730;EcritureLib_0094;;0,00;0,60;C;;;
BQ;Banque BQ;;20250730;62700000;CompteLib_0029;;;25G146;20250730;EcritureLib_0170;;0,00;0,64;C;;;
BQ;Banque BQ;;20250730;51220000;CompteLib_0019;;;25G146;20250730;EcritureLib_0170;;0,64;0,00;D;;;
BQ;Banque BQ;;20250730;62700000;CompteLib_0029;;;25G147;20250730;EcritureLib_0171;;19,43;0,00;D;;;
BQ;Banque BQ;;20250730;51220000;CompteLib_0019;;;25G147;20250730;EcritureLib_0171;;0,00;19,43;C;;;
BQ;Banque BQ;;20250731;51100000;CompteLib_0031;;;25G150;20250731;EcritureLib_0743;;0,00;213,50;C;;;
BQ;Banque BQ;;20250731;51220000;CompteLib_0019;;;25G150;20250731;EcritureLib_0743;;213,50;0,00;D;;;
BQ;Banque BQ;;20250731;51100000;CompteLib_0031;;;25G151;20250731;EcritureLib_0744;;0,00;136,60;C;;;
BQ;Banque BQ;;20250731;51220000;CompteLib_0019;;;25G151;20250731;EcritureLib_0744;;136,60;0,00;D;;;
BQ;Banque BQ;;20250731;40100000;CompteLib_0012;401LIDL;LIDL;25G152;20250731;EcritureLib_0745;;88,19;0,00;D;;GZ;20250813
BQ;Banque BQ;;20250731;51220000;CompteLib_0019;;;25G152;20250731;EcritureLib_0745;;0,00;88,19;C;;;
BQ;Banque BQ;;20250731;61350000;CompteLib_0036;;;25G153;20250731;EcritureLib_0179;;66,30;0,00;D;;;
BQ;Banque BQ;;20250731;44566100;CompteLib_0023;;;25G153;20250731;EcritureLib_0179;;13,26;0,00;D;;;
BQ;Banque BQ;;20250731;51220000;CompteLib_0019;;;25G153;20250731;EcritureLib_0179;;0,00;79,56;C;;;
BQ;Banque BQ;;20250731;40100000;CompteLib_0012;401GRANDF;GRAND FRAIS;25G154;20250731;EcritureLib_0746;;35,93;0,00;D;;;
BQ;Banque BQ;;20250731;51220000;CompteLib_0019;;;25G154;20250731;EcritureLib_0746;;0,00;35,93;C;;;
BQ;Banque BQ;;20250731;51100000;CompteLib_0031;;;25G155;20250731;EcritureLib_0094;;0,87;0,00;D;;;
BQ;Banque BQ;;20250731;51220000;CompteLib_0019;;;25G155;20250731;EcritureLib_0094;;0,00;0,87;C;;;
BQ;Banque BQ;;20250731;51100000;CompteLib_0031;;;25G156;20250731;EcritureLib_0094;;0,48;0,00;D;;;
BQ;Banque BQ;;20250731;51220000;CompteLib_0019;;;25G156;20250731;EcritureLib_0094;;0,00;0,48;C;;;
BQ;Banque BQ;;20250801;51100000;CompteLib_0031;;;25H1;20250801;EcritureLib_0747;;0,00;145,70;C;;;
BQ;Banque BQ;;20250801;51220000;CompteLib_0019;;;25H1;20250801;EcritureLib_0747;;145,70;0,00;D;;;
BQ;Banque BQ;;20250801;51100000;CompteLib_0031;;;25H2;20250801;EcritureLib_0748;;0,00;79,01;C;;;
BQ;Banque BQ;;20250801;51220000;CompteLib_0019;;;25H2;20250801;EcritureLib_0748;;79,01;0,00;D;;;
BQ;Banque BQ;;20250801;51100000;CompteLib_0031;;;25H3;20250801;EcritureLib_0749;;0,00;25,30;C;;;
BQ;Banque BQ;;20250801;51220000;CompteLib_0019;;;25H3;20250801;EcritureLib_0749;;25,30;0,00;D;;;
BQ;Banque BQ;;20250801;51100000;CompteLib_0031;;;25H4;20250801;EcritureLib_0094;;0,48;0,00;D;;;
BQ;Banque BQ;;20250801;51220000;CompteLib_0019;;;25H4;20250801;EcritureLib_0094;;0,00;0,48;C;;;
BQ;Banque BQ;;20250801;51100000;CompteLib_0031;;;25H5;20250801;EcritureLib_0094;;0,09;0,00;D;;;
BQ;Banque BQ;;20250801;51220000;CompteLib_0019;;;25H5;20250801;EcritureLib_0094;;0,00;0,09;C;;;
BQ;Banque BQ;;20250801;62700000;CompteLib_0029;;;25H6;20250801;EcritureLib_0378;;5,25;0,00;D;;;
BQ;Banque BQ;;20250801;51220000;CompteLib_0019;;;25H6;20250801;EcritureLib_0378;;0,00;5,25;C;;;
BQ;Banque BQ;;20250804;51100000;CompteLib_0031;;;25H13;20250804;EcritureLib_0750;;0,00;391,60;C;;;
BQ;Banque BQ;;20250804;51220000;CompteLib_0019;;;25H13;20250804;EcritureLib_0750;;391,60;0,00;D;;;
BQ;Banque BQ;;20250804;51100000;CompteLib_0031;;;25H14;20250804;EcritureLib_0751;;0,00;346,80;C;;;
BQ;Banque BQ;;20250804;51220000;CompteLib_0019;;;25H14;20250804;EcritureLib_0751;;346,80;0,00;D;;;
BQ;Banque BQ;;20250804;51100000;CompteLib_0031;;;25H15;20250804;EcritureLib_0752;;0,00;235,90;C;;;
BQ;Banque BQ;;20250804;51220000;CompteLib_0019;;;25H15;20250804;EcritureLib_0752;;235,90;0,00;D;;;
BQ;Banque BQ;;20250804;51100000;CompteLib_0031;;;25H16;20250804;EcritureLib_0753;;0,00;176,20;C;;;
BQ;Banque BQ;;20250804;51220000;CompteLib_0019;;;25H16;20250804;EcritureLib_0753;;176,20;0,00;D;;;
BQ;Banque BQ;;20250804;51100000;CompteLib_0031;;;25H17;20250804;EcritureLib_0754;;0,00;107,10;C;;;
BQ;Banque BQ;;20250804;51220000;CompteLib_0019;;;25H17;20250804;EcritureLib_0754;;107,10;0,00;D;;;
BQ;Banque BQ;;20250804;51180000;CompteLib_0034;;;25H18;20250804;EcritureLib_0138;;0,00;97,83;C;;;
BQ;Banque BQ;;20250804;51220000;CompteLib_0019;;;25H18;20250804;EcritureLib_0138;;97,83;0,00;D;;;
BQ;Banque BQ;;20250804;40100000;CompteLib_0012;401GRANDF;GRAND FRAIS;25H19;20250804;EcritureLib_0755;;50,38;0,00;D;;AF;20250813
BQ;Banque BQ;;20250804;51220000;CompteLib_0019;;;25H19;20250804;EcritureLib_0755;;0,00;50,38;C;;;
BQ;Banque BQ;;20250804;40100000;CompteLib_0012;401DIVERS;FOURNISSEURS DIVERS;25H20;20250804;EcritureLib_0756;;48,47;0,00;D;;V;20250813
BQ;Banque BQ;;20250804;51220000;CompteLib_0019;;;25H20;20250804;EcritureLib_0756;;0,00;48,47;C;;;
BQ;Banque BQ;;20250804;40100000;CompteLib_0012;401DIVERS;FOURNISSEURS DIVERS;25H21;20250804;EcritureLib_0757;;46,83;0,00;D;;W;20250813
BQ;Banque BQ;;20250804;51220000;CompteLib_0019;;;25H21;20250804;EcritureLib_0757;;0,00;46,83;C;;;
BQ;Banque BQ;;20250804;40100000;CompteLib_0012;401LECLERC;LECLERC;25H22;20250804;EcritureLib_0758;;25,90;0,00;D;;BO;20250813
BQ;Banque BQ;;20250804;51220000;CompteLib_0019;;;25H22;20250804;EcritureLib_0758;;0,00;25,90;C;;;
BQ;Banque BQ;;20250804;40100000;CompteLib_0012;401GRANDF;GRAND FRAIS;25H23;20250804;EcritureLib_0759;;22,15;0,00;D;;AG;20250813
BQ;Banque BQ;;20250804;51220000;CompteLib_0019;;;25H23;20250804;EcritureLib_0759;;0,00;22,15;C;;;
BQ;Banque BQ;;20250804;40100000;CompteLib_0012;401LIDL;LIDL;25H24;20250804;EcritureLib_0760;;19,13;0,00;D;;HA;20250813
BQ;Banque BQ;;20250804;51220000;CompteLib_0019;;;25H24;20250804;EcritureLib_0760;;0,00;19,13;C;;;
BQ;Banque BQ;;20250804;47100000;CompteLib_0027;;;25H25;20250804;EcritureLib_0761;;15,45;0,00;D;;;
BQ;Banque BQ;;20250804;51220000;CompteLib_0019;;;25H25;20250804;EcritureLib_0761;;0,00;15,45;C;;;
BQ;Banque BQ;;20250804;62700000;CompteLib_0029;;;25H26;20250804;EcritureLib_0094;;2,35;0,00;D;;;
BQ;Banque BQ;;20250804;51220000;CompteLib_0019;;;25H26;20250804;EcritureLib_0094;;0,00;2,35;C;;;
BQ;Banque BQ;;20250804;62700000;CompteLib_0029;;;25H27;20250804;EcritureLib_0094;;1,30;0,00;D;;;
BQ;Banque BQ;;20250804;51220000;CompteLib_0019;;;25H27;20250804;EcritureLib_0094;;0,00;1,30;C;;;
BQ;Banque BQ;;20250804;62700000;CompteLib_0029;;;25H28;20250804;EcritureLib_0094;;0,83;0,00;D;;;
BQ;Banque BQ;;20250804;51220000;CompteLib_0019;;;25H28;20250804;EcritureLib_0094;;0,00;0,83;C;;;
BQ;Banque BQ;;20250804;62700000;CompteLib_0029;;;25H29;20250804;EcritureLib_0094;;0,62;0,00;D;;;
BQ;Banque BQ;;20250804;51220000;CompteLib_0019;;;25H29;20250804;EcritureLib_0094;;0,00;0,62;C;;;
BQ;Banque BQ;;20250804;62700000;CompteLib_0029;;;25H30;20250804;EcritureLib_0094;;0,37;0,00;D;;;
BQ;Banque BQ;;20250804;51220000;CompteLib_0019;;;25H30;20250804;EcritureLib_0094;;0,00;0,37;C;;;
BQ;Banque BQ;;20250805;61600000;CompteLib_0032;;;25H31;20250805;EcritureLib_0113;;76,89;0,00;D;;;
BQ;Banque BQ;;20250805;51220000;CompteLib_0019;;;25H31;20250805;EcritureLib_0113;;0,00;76,89;C;;;
BQ;Banque BQ;;20250805;47100000;CompteLib_0027;;;25H32;20250805;EcritureLib_0145;;5,69;0,00;D;;;
BQ;Banque BQ;;20250805;51220000;CompteLib_0019;;;25H32;20250805;EcritureLib_0145;;0,00;5,69;C;;;
BQ;Banque BQ;;20250805;40100000;CompteLib_0012;401LOYER;LOYER ET CHARGES;25H33;20250805;EcritureLib_0681;;1359,00;0,00;D;;;
BQ;Banque BQ;;20250805;51220000;CompteLib_0019;;;25H33;20250805;EcritureLib_0681;;0,00;1359,00;C;;;
BQ;Banque BQ;;20250806;51100000;CompteLib_0031;;;25H34;20250806;EcritureLib_0762;;0,00;18,90;C;;;
BQ;Banque BQ;;20250806;51220000;CompteLib_0019;;;25H34;20250806;EcritureLib_0762;;18,90;0,00;D;;;
BQ;Banque BQ;;20250806;51100000;CompteLib_0031;;;25H35;20250806;EcritureLib_0763;;0,00;15,21;C;;;
BQ;Banque BQ;;20250806;51220000;CompteLib_0019;;;25H35;20250806;EcritureLib_0763;;15,21;0,00;D;;;
BQ;Banque BQ;;20250806;62700000;CompteLib_0029;;;25H36;20250806;EcritureLib_0094;;0,06;0,00;D;;;
BQ;Banque BQ;;20250806;51220000;CompteLib_0019;;;25H36;20250806;EcritureLib_0094;;0,00;0,06;C;;;
BQ;Banque BQ;;20250807;51100000;CompteLib_0031;;;25H37;20250807;EcritureLib_0764;;0,00;224,50;C;;;
BQ;Banque BQ;;20250807;51220000;CompteLib_0019;;;25H37;20250807;EcritureLib_0764;;224,50;0,00;D;;;
BQ;Banque BQ;;20250807;51100000;CompteLib_0031;;;25H38;20250807;EcritureLib_0765;;0,00;23,80;C;;;
BQ;Banque BQ;;20250807;51220000;CompteLib_0019;;;25H38;20250807;EcritureLib_0765;;23,80;0,00;D;;;
BQ;Banque BQ;;20250807;51100000;CompteLib_0031;;;25H39;20250807;EcritureLib_0766;;0,00;19,90;C;;;
BQ;Banque BQ;;20250807;51220000;CompteLib_0019;;;25H39;20250807;EcritureLib_0766;;19,90;0,00;D;;;
BQ;Banque BQ;;20250807;47100000;CompteLib_0027;;;25H40;20250807;EcritureLib_0767;;71,71;0,00;D;;;
BQ;Banque BQ;;20250807;51220000;CompteLib_0019;;;25H40;20250807;EcritureLib_0767;;0,00;71,71;C;;;
BQ;Banque BQ;;20250807;62700000;CompteLib_0029;;;25H41;20250807;EcritureLib_0094;;1,24;0,00;D;;;
BQ;Banque BQ;;20250807;51220000;CompteLib_0019;;;25H41;20250807;EcritureLib_0094;;0,00;1,24;C;;;
BQ;Banque BQ;;20250807;62700000;CompteLib_0029;;;25H42;20250807;EcritureLib_0094;;0,06;0,00;D;;;
BQ;Banque BQ;;20250807;51220000;CompteLib_0019;;;25H42;20250807;EcritureLib_0094;;0,00;0,06;C;;;
BQ;Banque BQ;;20250808;51100000;CompteLib_0031;;;25H46;20250808;EcritureLib_0768;;0,00;125,30;C;;;
BQ;Banque BQ;;20250808;51220000;CompteLib_0019;;;25H46;20250808;EcritureLib_0768;;125,30;0,00;D;;;
BQ;Banque BQ;;20250808;40100000;CompteLib_0012;401LIDL;LIDL;25H47;20250808;EcritureLib_0769;;69,00;0,00;D;;;
BQ;Banque BQ;;20250808;51220000;CompteLib_0019;;;25H47;20250808;EcritureLib_0769;;0,00;69,00;C;;;
BQ;Banque BQ;;20250808;40100000;CompteLib_0012;401METRO;METRO;25H48;20250808;EcritureLib_0770;;68,48;0,00;D;;BB;20250813
BQ;Banque BQ;;20250808;51220000;CompteLib_0019;;;25H48;20250808;EcritureLib_0770;;0,00;68,48;C;;;
BQ;Banque BQ;;20250808;62700000;CompteLib_0029;;;25H49;20250808;EcritureLib_0094;;0,39;0,00;D;;;
BQ;Banque BQ;;20250808;51220000;CompteLib_0019;;;25H49;20250808;EcritureLib_0094;;0,00;0,39;C;;;
BQ;Banque BQ;;20250811;51100000;CompteLib_0031;;;25H52;20250811;EcritureLib_0771;;0,00;415,60;C;;;
BQ;Banque BQ;;20250811;51220000;CompteLib_0019;;;25H52;20250811;EcritureLib_0771;;415,60;0,00;D;;;
BQ;Banque BQ;;20250811;51100000;CompteLib_0031;;;25H53;20250811;EcritureLib_0772;;0,00;285,60;C;;;
BQ;Banque BQ;;20250811;51220000;CompteLib_0019;;;25H53;20250811;EcritureLib_0772;;285,60;0,00;D;;;
BQ;Banque BQ;;20250811;51100000;CompteLib_0031;;;25H54;20250811;EcritureLib_0773;;0,00;129,20;C;;;
BQ;Banque BQ;;20250811;51220000;CompteLib_0019;;;25H54;20250811;EcritureLib_0773;;129,20;0,00;D;;;
BQ;Banque BQ;;20250811;51100000;CompteLib_0031;;;25H55;20250811;EcritureLib_0774;;0,00;51,80;C;;;
BQ;Banque BQ;;20250811;51220000;CompteLib_0019;;;25H55;20250811;EcritureLib_0774;;51,80;0,00;D;;;
BQ;Banque BQ;;20250811;40100000;CompteLib_0012;401LIDL;LIDL;25H56;20250811;EcritureLib_0775;;102,01;0,00;D;;HH;20250924
BQ;Banque BQ;;20250811;51220000;CompteLib_0019;;;25H56;20250811;EcritureLib_0775;;0,00;102,01;C;;;
BQ;Banque BQ;;20250811;40100000;CompteLib_0012;401LIDL;LIDL;25H57;20250811;EcritureLib_0776;;30,28;0,00;D;;HI;20250924
BQ;Banque BQ;;20250811;51220000;CompteLib_0019;;;25H57;20250811;EcritureLib_0776;;0,00;30,28;C;;;
BQ;Banque BQ;;20250811;62700000;CompteLib_0029;;;25H58;20250811;EcritureLib_0094;;4,74;0,00;D;;;
BQ;Banque BQ;;20250811;51220000;CompteLib_0019;;;25H58;20250811;EcritureLib_0094;;0,00;4,74;C;;;
BQ;Banque BQ;;20250811;62700000;CompteLib_0029;;;25H59;20250811;EcritureLib_0094;;0,99;0,00;D;;;
BQ;Banque BQ;;20250811;51220000;CompteLib_0019;;;25H59;20250811;EcritureLib_0094;;0,00;0,99;C;;;
BQ;Banque BQ;;20250811;62700000;CompteLib_0029;;;25H60;20250811;EcritureLib_0094;;0,42;0,00;D;;;
BQ;Banque BQ;;20250811;51220000;CompteLib_0019;;;25H60;20250811;EcritureLib_0094;;0,00;0,42;C;;;
BQ;Banque BQ;;20250811;62700000;CompteLib_0029;;;25H61;20250811;EcritureLib_0094;;0,18;0,00;D;;;
BQ;Banque BQ;;20250811;51220000;CompteLib_0019;;;25H61;20250811;EcritureLib_0094;;0,00;0,18;C;;;
BQ;Banque BQ;;20250812;40100000;CompteLib_0012;401STC;STC DIGIT;25H62;20250812;EcritureLib_0155;;193,20;0,00;D;;;
BQ;Banque BQ;;20250812;51220000;CompteLib_0019;;;25H62;20250812;EcritureLib_0155;;0,00;193,20;C;;;
BQ;Banque BQ;;20250813;51100000;CompteLib_0031;;;25H63;20250813;EcritureLib_0777;;0,00;52,50;C;;;
BQ;Banque BQ;;20250813;51220000;CompteLib_0019;;;25H63;20250813;EcritureLib_0777;;52,50;0,00;D;;;
BQ;Banque BQ;;20250813;40100000;CompteLib_0012;401VANDEN;VANDENBULCKE;25H64;20250813;EcritureLib_0100;;122,72;0,00;D;;AO;20250924
BQ;Banque BQ;;20250813;51220000;CompteLib_0019;;;25H64;20250813;EcritureLib_0100;;0,00;122,72;C;;;
BQ;Banque BQ;;20250813;62700000;CompteLib_0029;;;25H65;20250813;EcritureLib_0094;;0,17;0,00;D;;;
BQ;Banque BQ;;20250813;51220000;CompteLib_0019;;;25H65;20250813;EcritureLib_0094;;0,00;0,17;C;;;
BQ;Banque BQ;;20250814;51100000;CompteLib_0031;;;25H66;20250814;EcritureLib_0778;;0,00;241,90;C;;;
BQ;Banque BQ;;20250814;51220000;CompteLib_0019;;;25H66;20250814;EcritureLib_0778;;241,90;0,00;D;;;
BQ;Banque BQ;;20250814;51100000;CompteLib_0031;;;25H67;20250814;EcritureLib_0779;;0,00;105,60;C;;;
BQ;Banque BQ;;20250814;51220000;CompteLib_0019;;;25H67;20250814;EcritureLib_0779;;105,60;0,00;D;;;
BQ;Banque BQ;;20250814;51180000;CompteLib_0034;;;25H68;20250814;EcritureLib_0138;;0,00;23,66;C;;;
BQ;Banque BQ;;20250814;51220000;CompteLib_0019;;;25H68;20250814;EcritureLib_0138;;23,66;0,00;D;;;
BQ;Banque BQ;;20250814;51100000;CompteLib_0031;;;25H69;20250814;EcritureLib_0780;;0,00;20,09;C;;;
BQ;Banque BQ;;20250814;51220000;CompteLib_0019;;;25H69;20250814;EcritureLib_0780;;20,09;0,00;D;;;
BQ;Banque BQ;;20250814;62700000;CompteLib_0029;;;25H70;20250814;EcritureLib_0094;;0,83;0,00;D;;;
BQ;Banque BQ;;20250814;51220000;CompteLib_0019;;;25H70;20250814;EcritureLib_0094;;0,00;0,83;C;;;
BQ;Banque BQ;;20250814;62700000;CompteLib_0029;;;25H71;20250814;EcritureLib_0094;;0,37;0,00;D;;;
BQ;Banque BQ;;20250814;51220000;CompteLib_0019;;;25H71;20250814;EcritureLib_0094;;0,00;0,37;C;;;
BQ;Banque BQ;;20250818;51100000;CompteLib_0031;;;25H74;20250818;EcritureLib_0781;;0,00;217,00;C;;;
BQ;Banque BQ;;20250818;51220000;CompteLib_0019;;;25H74;20250818;EcritureLib_0781;;217,00;0,00;D;;;
BQ;Banque BQ;;20250818;51100000;CompteLib_0031;;;25H75;20250818;EcritureLib_0782;;0,00;97,40;C;;;
BQ;Banque BQ;;20250818;51220000;CompteLib_0019;;;25H75;20250818;EcritureLib_0782;;97,40;0,00;D;;;
BQ;Banque BQ;;20250818;51100000;CompteLib_0031;;;25H76;20250818;EcritureLib_0783;;0,00;73,60;C;;;
BQ;Banque BQ;;20250818;51220000;CompteLib_0019;;;25H76;20250818;EcritureLib_0783;;73,60;0,00;D;;;
BQ;Banque BQ;;20250818;51100000;CompteLib_0031;;;25H77;20250818;EcritureLib_0784;;0,00;46,80;C;;;
BQ;Banque BQ;;20250818;51220000;CompteLib_0019;;;25H77;20250818;EcritureLib_0784;;46,80;0,00;D;;;
BQ;Banque BQ;;20250818;40100000;CompteLib_0012;401LIDL;LIDL;25H78;20250818;EcritureLib_0785;;87,66;0,00;D;;HK;20250924
BQ;Banque BQ;;20250818;51220000;CompteLib_0019;;;25H78;20250818;EcritureLib_0785;;0,00;87,66;C;;;
BQ;Banque BQ;;20250818;47100000;CompteLib_0027;;;25H79;20250818;EcritureLib_0210;;87,48;0,00;D;;;
BQ;Banque BQ;;20250818;51220000;CompteLib_0019;;;25H79;20250818;EcritureLib_0210;;0,00;87,48;C;;;
BQ;Banque BQ;;20250818;40100000;CompteLib_0012;401INTER;INTERESTO;25H80;20250818;EcritureLib_0786;;66,94;0,00;D;;;
BQ;Banque BQ;;20250818;51220000;CompteLib_0019;;;25H80;20250818;EcritureLib_0786;;0,00;66,94;C;;;
BQ;Banque BQ;;20250818;40100000;CompteLib_0012;401LIDL;LIDL;25H81;20250818;EcritureLib_0787;;64,39;0,00;D;;HJ;20250924
BQ;Banque BQ;;20250818;51220000;CompteLib_0019;;;25H81;20250818;EcritureLib_0787;;0,00;64,39;C;;;
BQ;Banque BQ;;20250818;40100000;CompteLib_0012;401GRANDF;GRAND FRAIS;25H82;20250818;EcritureLib_0788;;28,01;0,00;D;;AI;20250924
BQ;Banque BQ;;20250818;51220000;CompteLib_0019;;;25H82;20250818;EcritureLib_0788;;0,00;28,01;C;;;
BQ;Banque BQ;;20250818;62700000;CompteLib_0029;;;25H83;20250818;EcritureLib_0094;;1,17;0,00;D;;;
BQ;Banque BQ;;20250818;51220000;CompteLib_0019;;;25H83;20250818;EcritureLib_0094;;0,00;1,17;C;;;
BQ;Banque BQ;;20250818;62700000;CompteLib_0029;;;25H84;20250818;EcritureLib_0094;;0,34;0,00;D;;;
BQ;Banque BQ;;20250818;51220000;CompteLib_0019;;;25H84;20250818;EcritureLib_0094;;0,00;0,34;C;;;
BQ;Banque BQ;;20250818;62700000;CompteLib_0029;;;25H85;20250818;EcritureLib_0094;;0,25;0,00;D;;;
BQ;Banque BQ;;20250818;51220000;CompteLib_0019;;;25H85;20250818;EcritureLib_0094;;0,00;0,25;C;;;
BQ;Banque BQ;;20250818;62700000;CompteLib_0029;;;25H86;20250818;EcritureLib_0094;;0,16;0,00;D;;;
BQ;Banque BQ;;20250818;51220000;CompteLib_0019;;;25H86;20250818;EcritureLib_0094;;0,00;0,16;C;;;
BQ;Banque BQ;;20250819;47100000;CompteLib_0027;;;25H87;20250819;EcritureLib_0145;;4,48;0,00;D;;;
BQ;Banque BQ;;20250819;51220000;CompteLib_0019;;;25H87;20250819;EcritureLib_0145;;0,00;4,48;C;;;
BQ;Banque BQ;;20250820;61352000;CompteLib_0035;;;25H88;20250820;EcritureLib_0152;;66,62;0,00;D;;;
BQ;Banque BQ;;20250820;44566100;CompteLib_0023;;;25H88;20250820;EcritureLib_0152;;13,32;0,00;D;;;
BQ;Banque BQ;;20250820;51220000;CompteLib_0019;;;25H88;20250820;EcritureLib_0152;;0,00;79,94;C;;;
BQ;Banque BQ;;20250821;51180000;CompteLib_0034;;;25H89;20250821;EcritureLib_0138;;0,00;47,35;C;;;
BQ;Banque BQ;;20250821;51220000;CompteLib_0019;;;25H89;20250821;EcritureLib_0138;;47,35;0,00;D;;;
BQ;Banque BQ;;20250826;40100000;CompteLib_0012;401LOYER;LOYER ET CHARGES;25H90;20250826;EcritureLib_0789;;1328,20;0,00;D;;P;20251105
BQ;Banque BQ;;20250826;51220000;CompteLib_0019;;;25H90;20250826;EcritureLib_0789;;0,00;1328,20;C;;;
BQ;Banque BQ;;20250826;62700000;CompteLib_0029;;;25H91;20250826;EcritureLib_0224;;5,33;0,00;D;;;
BQ;Banque BQ;;20250826;51220000;CompteLib_0019;;;25H91;20250826;EcritureLib_0224;;0,00;5,33;C;;;
BQ;Banque BQ;;20250826;62700000;CompteLib_0029;;;25H92;20250826;EcritureLib_0225;;5,33;0,00;D;;;
BQ;Banque BQ;;20250826;51220000;CompteLib_0019;;;25H92;20250826;EcritureLib_0225;;0,00;5,33;C;;;
BQ;Banque BQ;;20250827;47100000;CompteLib_0027;;;25H94;20250827;EcritureLib_0790;;58,54;0,00;D;;;
BQ;Banque BQ;;20250827;51220000;CompteLib_0019;;;25H94;20250827;EcritureLib_0790;;0,00;58,54;C;;;
BQ;Banque BQ;;20250828;62601000;CompteLib_0030;;;25H95;20250828;EcritureLib_0096;;40,81;0,00;D;;;
BQ;Banque BQ;;20250828;44566100;CompteLib_0023;;;25H95;20250828;EcritureLib_0096;;8,16;0,00;D;;;
BQ;Banque BQ;;20250828;51220000;CompteLib_0019;;;25H95;20250828;EcritureLib_0096;;0,00;48,97;C;;;
BQ;Banque BQ;;20250828;47100000;CompteLib_0027;;;25H96;20250828;EcritureLib_0791;;33,75;0,00;D;;;
BQ;Banque BQ;;20250828;51220000;CompteLib_0019;;;25H96;20250828;EcritureLib_0791;;0,00;33,75;C;;;
BQ;Banque BQ;;20250828;62700000;CompteLib_0029;;;25H97;20250828;EcritureLib_0170;;0,00;0,64;C;;;
BQ;Banque BQ;;20250828;51220000;CompteLib_0019;;;25H97;20250828;EcritureLib_0170;;0,64;0,00;D;;;
BQ;Banque BQ;;20250828;62700000;CompteLib_0029;;;25H98;20250828;EcritureLib_0171;;19,43;0,00;D;;;
BQ;Banque BQ;;20250828;51220000;CompteLib_0019;;;25H98;20250828;EcritureLib_0171;;0,00;19,43;C;;;
BQ;Banque BQ;;20250830;40100000;CompteLib_0012;401DIVERS;FOURNISSEURS DIVERS;25H101;20250830;EcritureLib_0792;;60,00;0,00;D;;AA;20251105
BQ;Banque BQ;;20250830;51220000;CompteLib_0019;;;25H101;20250830;EcritureLib_0792;;0,00;60,00;C;;;
BQ;Banque BQ;;20250901;51100000;CompteLib_0031;;;25I1;20250901;EcritureLib_0793;;0,00;209,50;C;;;
BQ;Banque BQ;;20250901;51220000;CompteLib_0019;;;25I1;20250901;EcritureLib_0793;;209,50;0,00;D;;;
BQ;Banque BQ;;20250901;51100000;CompteLib_0031;;;25I2;20250901;EcritureLib_0794;;0,00;122,22;C;;;
BQ;Banque BQ;;20250901;51220000;CompteLib_0019;;;25I2;20250901;EcritureLib_0794;;122,22;0,00;D;;;
BQ;Banque BQ;;20250901;40100000;CompteLib_0012;401LIDL;LIDL;25I3;20250901;EcritureLib_0795;;164,39;0,00;D;;HM;20250924
BQ;Banque BQ;;20250901;51220000;CompteLib_0019;;;25I3;20250901;EcritureLib_0795;;0,00;164,39;C;;;
BQ;Banque BQ;;20250901;40100000;CompteLib_0012;401GRANDF;GRAND FRAIS;25I4;20250901;EcritureLib_0796;;85,02;0,00;D;;AK;20250924
BQ;Banque BQ;;20250901;51220000;CompteLib_0019;;;25I4;20250901;EcritureLib_0796;;0,00;85,02;C;;;
BQ;Banque BQ;;20250901;62700000;CompteLib_0029;;;25I5;20250901;EcritureLib_0094;;1,47;0,00;D;;;
BQ;Banque BQ;;20250901;51220000;CompteLib_0019;;;25I5;20250901;EcritureLib_0094;;0,00;1,47;C;;;
BQ;Banque BQ;;20250901;62700000;CompteLib_0029;;;25I6;20250901;EcritureLib_0094;;0,71;0,00;D;;;
BQ;Banque BQ;;20250901;51220000;CompteLib_0019;;;25I6;20250901;EcritureLib_0094;;0,00;0,71;C;;;
BQ;Banque BQ;;20250901;62700000;CompteLib_0029;;;25I7;20250901;EcritureLib_0378;;5,25;0,00;D;;;
BQ;Banque BQ;;20250901;51220000;CompteLib_0019;;;25I7;20250901;EcritureLib_0378;;0,00;5,25;C;;;
BQ;Banque BQ;;20250902;51180000;CompteLib_0034;;;25I10;20250902;EcritureLib_0138;;0,00;23,66;C;;;
BQ;Banque BQ;;20250902;51220000;CompteLib_0019;;;25I10;20250902;EcritureLib_0138;;23,66;0,00;D;;;
BQ;Banque BQ;;20250902;40100000;CompteLib_0012;401INTER;INTERESTO;25I11;20250902;EcritureLib_0797;;45,88;0,00;D;;BC;20250924
BQ;Banque BQ;;20250902;51220000;CompteLib_0019;;;25I11;20250902;EcritureLib_0797;;0,00;45,88;C;;;
BQ;Banque BQ;;20250902;40100000;CompteLib_0012;401GRANDF;GRAND FRAIS;25I12;20250902;EcritureLib_0798;;26,03;0,00;D;;AL;20250924
BQ;Banque BQ;;20250902;51220000;CompteLib_0019;;;25I12;20250902;EcritureLib_0798;;0,00;26,03;C;;;
BQ;Banque BQ;;20250903;51100000;CompteLib_0031;;;25I13;20250903;EcritureLib_0799;;0,00;211,80;C;;;
BQ;Banque BQ;;20250903;51220000;CompteLib_0019;;;25I13;20250903;EcritureLib_0799;;211,80;0,00;D;;;
BQ;Banque BQ;;20250903;51100000;CompteLib_0031;;;25I14;20250903;EcritureLib_0800;;0,00;58,20;C;;;
BQ;Banque BQ;;20250903;51220000;CompteLib_0019;;;25I14;20250903;EcritureLib_0800;;58,20;0,00;D;;;
BQ;Banque BQ;;20250903;62700000;CompteLib_0029;;;25I15;20250903;EcritureLib_0094;;0,93;0,00;D;;;
BQ;Banque BQ;;20250903;51220000;CompteLib_0019;;;25I15;20250903;EcritureLib_0094;;0,00;0,93;C;;;
BQ;Banque BQ;;20250903;62700000;CompteLib_0029;;;25I16;20250903;EcritureLib_0094;;0,65;0,00;D;;;
BQ;Banque BQ;;20250903;51220000;CompteLib_0019;;;25I16;20250903;EcritureLib_0094;;0,00;0,65;C;;;
BQ;Banque BQ;;20250904;51100000;CompteLib_0031;;;25I20;20250904;EcritureLib_0801;;0,00;443,10;C;;;
BQ;Banque BQ;;20250904;51220000;CompteLib_0019;;;25I20;20250904;EcritureLib_0801;;443,10;0,00;D;;;
BQ;Banque BQ;;20250904;40100000;CompteLib_0012;401VANDEN;VANDENBULCKE;25I21;20250904;EcritureLib_0100;;257,12;0,00;D;;AP;20250924
BQ;Banque BQ;;20250904;51220000;CompteLib_0019;;;25I21;20250904;EcritureLib_0100;;0,00;257,12;C;;;
BQ;Banque BQ;;20250904;40100000;CompteLib_0012;401HALLES;LES HALLES DU SUD;25I22;20250904;EcritureLib_0802;;172,00;0,00;D;;V;20250924
BQ;Banque BQ;;20250904;51220000;CompteLib_0019;;;25I22;20250904;EcritureLib_0802;;0,00;172,00;C;;;
BQ;Banque BQ;;20250904;40100000;CompteLib_0012;401LIDL;LIDL;25I23;20250904;EcritureLib_0803;;76,89;0,00;D;;HN;20250924
BQ;Banque BQ;;20250904;51220000;CompteLib_0019;;;25I23;20250904;EcritureLib_0803;;0,00;76,89;C;;;
BQ;Banque BQ;;20250904;40100000;CompteLib_0012;401DIVERS;FOURNISSEURS DIVERS;25I24;20250904;EcritureLib_0804;;38,00;0,00;D;;X;20250924
BQ;Banque BQ;;20250904;51220000;CompteLib_0019;;;25I24;20250904;EcritureLib_0804;;0,00;38,00;C;;;
BQ;Banque BQ;;20250904;62700000;CompteLib_0029;;;25I25;20250904;EcritureLib_0094;;2,21;0,00;D;;;
BQ;Banque BQ;;20250904;51220000;CompteLib_0019;;;25I25;20250904;EcritureLib_0094;;0,00;2,21;C;;;
BQ;Banque BQ;;20250905;51100000;CompteLib_0031;;;25I27;20250905;EcritureLib_0805;;0,00;49,30;C;;;
BQ;Banque BQ;;20250905;51220000;CompteLib_0019;;;25I27;20250905;EcritureLib_0805;;49,30;0,00;D;;;
BQ;Banque BQ;;20250905;40100000;CompteLib_0012;401METRO;METRO;25I28;20250905;EcritureLib_0806;;227,87;0,00;D;;BC;20250924
BQ;Banque BQ;;20250905;51220000;CompteLib_0019;;;25I28;20250905;EcritureLib_0806;;0,00;227,87;C;;;
BQ;Banque BQ;;20250905;61600000;CompteLib_0032;;;25I29;20250905;EcritureLib_0113;;76,89;0,00;D;;;
BQ;Banque BQ;;20250905;51220000;CompteLib_0019;;;25I29;20250905;EcritureLib_0113;;0,00;76,89;C;;;
BQ;Banque BQ;;20250905;62700000;CompteLib_0029;;;25I30;20250905;EcritureLib_0094;;0,17;0,00;D;;;
BQ;Banque BQ;;20250905;51220000;CompteLib_0019;;;25I30;20250905;EcritureLib_0094;;0,00;0,17;C;;;
BQ;Banque BQ;;20250908;51100000;CompteLib_0031;;;25I36;20250908;EcritureLib_0807;;0,00;331,50;C;;;
BQ;Banque BQ;;20250908;51220000;CompteLib_0019;;;25I36;20250908;EcritureLib_0807;;331,50;0,00;D;;;
BQ;Banque BQ;;20250908;51100000;CompteLib_0031;;;25I37;20250908;EcritureLib_0808;;0,00;80,10;C;;;
BQ;Banque BQ;;20250908;51220000;CompteLib_0019;;;25I37;20250908;EcritureLib_0808;;80,10;0,00;D;;;
BQ;Banque BQ;;20250908;51100000;CompteLib_0031;;;25I38;20250908;EcritureLib_0809;;0,00;57,20;C;;;
BQ;Banque BQ;;20250908;51220000;CompteLib_0019;;;25I38;20250908;EcritureLib_0809;;57,20;0,00;D;;;
BQ;Banque BQ;;20250908;51100000;CompteLib_0031;;;25I39;20250908;EcritureLib_0810;;0,00;53,20;C;;;
BQ;Banque BQ;;20250908;51220000;CompteLib_0019;;;25I39;20250908;EcritureLib_0810;;53,20;0,00;D;;;
BQ;Banque BQ;;20250908;40100000;CompteLib_0012;401DIVERS;FOURNISSEURS DIVERS;25I40;20250908;EcritureLib_0811;;56,98;0,00;D;;Y;20250924
BQ;Banque BQ;;20250908;51220000;CompteLib_0019;;;25I40;20250908;EcritureLib_0811;;0,00;56,98;C;;;
BQ;Banque BQ;;20250908;40100000;CompteLib_0012;401LIDL;LIDL;25I41;20250908;EcritureLib_0812;;47,59;0,00;D;;HO;20250924
BQ;Banque BQ;;20250908;51220000;CompteLib_0019;;;25I41;20250908;EcritureLib_0812;;0,00;47,59;C;;;
BQ;Banque BQ;;20250908;40100000;CompteLib_0012;401INTER;INTERESTO;25I42;20250908;EcritureLib_0813;;44,18;0,00;D;;BD;20250924
BQ;Banque BQ;;20250908;51220000;CompteLib_0019;;;25I42;20250908;EcritureLib_0813;;0,00;44,18;C;;;
BQ;Banque BQ;;20250908;40100000;CompteLib_0012;401GRANDF;GRAND FRAIS;25I43;20250908;EcritureLib_0814;;29,21;0,00;D;;AJ;20250924
BQ;Banque BQ;;20250908;51220000;CompteLib_0019;;;25I43;20250908;EcritureLib_0814;;0,00;29,21;C;;;
BQ;Banque BQ;;20250908;40100000;CompteLib_0012;401LIDL;LIDL;25I44;20250908;EcritureLib_0815;;26,42;0,00;D;;HL;20250924
BQ;Banque BQ;;20250908;51220000;CompteLib_0019;;;25I44;20250908;EcritureLib_0815;;0,00;26,42;C;;;
BQ;Banque BQ;;20250908;62700000;CompteLib_0029;;;25I45;20250908;EcritureLib_0094;;1,04;0,00;D;;;
BQ;Banque BQ;;20250908;51220000;CompteLib_0019;;;25I45;20250908;EcritureLib_0094;;0,00;1,04;C;;;
BQ;Banque BQ;;20250908;62700000;CompteLib_0029;;;25I46;20250908;EcritureLib_0094;;0,28;0,00;D;;;
BQ;Banque BQ;;20250908;51220000;CompteLib_0019;;;25I46;20250908;EcritureLib_0094;;0,00;0,28;C;;;
BQ;Banque BQ;;20250908;62700000;CompteLib_0029;;;25I47;20250908;EcritureLib_0094;;0,19;0,00;D;;;
BQ;Banque BQ;;20250908;51220000;CompteLib_0019;;;25I47;20250908;EcritureLib_0094;;0,00;0,19;C;;;
BQ;Banque BQ;;20250908;62700000;CompteLib_0029;;;25I48;20250908;EcritureLib_0094;;0,19;0,00;D;;;
BQ;Banque BQ;;20250908;51220000;CompteLib_0019;;;25I48;20250908;EcritureLib_0094;;0,00;0,19;C;;;
BQ;Banque BQ;;20250910;51100000;CompteLib_0031;;;25I49;20250910;EcritureLib_0816;;0,00;119,70;C;;;
BQ;Banque BQ;;20250910;51220000;CompteLib_0019;;;25I49;20250910;EcritureLib_0816;;119,70;0,00;D;;;
BQ;Banque BQ;;20250910;62700000;CompteLib_0029;;;25I50;20250910;EcritureLib_0094;;1,17;0,00;D;;;
BQ;Banque BQ;;20250910;51220000;CompteLib_0019;;;25I50;20250910;EcritureLib_0094;;0,00;1,17;C;;;
BQ;Banque BQ;;20250911;51100000;CompteLib_0031;;;25I52;20250911;EcritureLib_0817;;0,00;318,60;C;;;
BQ;Banque BQ;;20250911;51220000;CompteLib_0019;;;25I52;20250911;EcritureLib_0817;;318,60;0,00;D;;;
BQ;Banque BQ;;20250911;51180000;CompteLib_0034;;;25I53;20250911;EcritureLib_0138;;0,00;88,61;C;;;
BQ;Banque BQ;;20250911;51220000;CompteLib_0019;;;25I53;20250911;EcritureLib_0138;;88,61;0,00;D;;;
BQ;Banque BQ;;20250911;51100000;CompteLib_0031;;;25I54;20250911;EcritureLib_0818;;0,00;11,34;C;;;
BQ;Banque BQ;;20250911;51220000;CompteLib_0019;;;25I54;20250911;EcritureLib_0818;;11,34;0,00;D;;;
BQ;Banque BQ;;20250911;40100000;CompteLib_0012;401INTER;INTERESTO;25I55;20250911;EcritureLib_0819;;41,54;0,00;D;;BE;20250924
BQ;Banque BQ;;20250911;51220000;CompteLib_0019;;;25I55;20250911;EcritureLib_0819;;0,00;41,54;C;;;
BQ;Banque BQ;;20250911;62700000;CompteLib_0029;;;25I56;20250911;EcritureLib_0094;;1,03;0,00;D;;;
BQ;Banque BQ;;20250911;51220000;CompteLib_0019;;;25I56;20250911;EcritureLib_0094;;0,00;1,03;C;;;
BQ;Banque BQ;;20250912;51100000;CompteLib_0031;;;25I59;20250912;EcritureLib_0820;;0,00;70,00;C;;;
BQ;Banque BQ;;20250912;51220000;CompteLib_0019;;;25I59;20250912;EcritureLib_0820;;70,00;0,00;D;;;
BQ;Banque BQ;;20250912;40100000;CompteLib_0012;401INTER;INTERESTO;25I60;20250912;EcritureLib_0821;;45,79;0,00;D;;BF;20250924
BQ;Banque BQ;;20250912;51220000;CompteLib_0019;;;25I60;20250912;EcritureLib_0821;;0,00;45,79;C;;;
BQ;Banque BQ;;20250912;40100000;CompteLib_0012;401GRANDF;GRAND FRAIS;25I61;20250912;EcritureLib_0822;;14,17;0,00;D;;AM;20250924
BQ;Banque BQ;;20250912;51220000;CompteLib_0019;;;25I61;20250912;EcritureLib_0822;;0,00;14,17;C;;;
BQ;Banque BQ;;20250912;62700000;CompteLib_0029;;;25I62;20250912;EcritureLib_0094;;0,45;0,00;D;;;
BQ;Banque BQ;;20250912;51220000;CompteLib_0019;;;25I62;20250912;EcritureLib_0094;;0,00;0,45;C;;;
BQ;Banque BQ;;20250915;51100000;CompteLib_0031;;;25I67;20250915;EcritureLib_0823;;0,00;150,50;C;;;
BQ;Banque BQ;;20250915;51220000;CompteLib_0019;;;25I67;20250915;EcritureLib_0823;;150,50;0,00;D;;;
BQ;Banque BQ;;20250915;51100000;CompteLib_0031;;;25I68;20250915;EcritureLib_0824;;0,00;64,60;C;;;
BQ;Banque BQ;;20250915;51220000;CompteLib_0019;;;25I68;20250915;EcritureLib_0824;;64,60;0,00;D;;;
BQ;Banque BQ;;20250915;40100000;CompteLib_0012;401LIDL;LIDL;25I69;20250915;EcritureLib_0825;;47,22;0,00;D;;HQ;20250924
BQ;Banque BQ;;20250915;51220000;CompteLib_0019;;;25I69;20250915;EcritureLib_0825;;0,00;47,22;C;;;
BQ;Banque BQ;;20250915;40100000;CompteLib_0012;401DIVERS;FOURNISSEURS DIVERS;25I70;20250915;EcritureLib_0826;;19,03;0,00;D;;Z;20250924
BQ;Banque BQ;;20250915;51220000;CompteLib_0019;;;25I70;20250915;EcritureLib_0826;;0,00;19,03;C;;;
BQ;Banque BQ;;20250915;40100000;CompteLib_0012;401LIDL;LIDL;25I71;20250915;EcritureLib_0827;;15,84;0,00;D;;HP;20250924
BQ;Banque BQ;;20250915;51220000;CompteLib_0019;;;25I71;20250915;EcritureLib_0827;;0,00;15,84;C;;;
BQ;Banque BQ;;20250915;62700000;CompteLib_0029;;;25I72;20250915;EcritureLib_0094;;0,51;0,00;D;;;
BQ;Banque BQ;;20250915;51220000;CompteLib_0019;;;25I72;20250915;EcritureLib_0094;;0,00;0,51;C;;;
BQ;Banque BQ;;20250915;62700000;CompteLib_0029;;;25I73;20250915;EcritureLib_0094;;0,19;0,00;D;;;
BQ;Banque BQ;;20250915;51220000;CompteLib_0019;;;25I73;20250915;EcritureLib_0094;;0,00;0,19;C;;;
BQ;Banque BQ;;20250917;51100000;CompteLib_0031;;;25I74;20250917;EcritureLib_0828;;0,00;161,80;C;;;
BQ;Banque BQ;;20250917;51220000;CompteLib_0019;;;25I74;20250917;EcritureLib_0828;;161,80;0,00;D;;;
BQ;Banque BQ;;20250917;47100000;CompteLib_0027;;;25I75;20250917;EcritureLib_0210;;72,50;0,00;D;;;
BQ;Banque BQ;;20250917;51220000;CompteLib_0019;;;25I75;20250917;EcritureLib_0210;;0,00;72,50;C;;;
BQ;Banque BQ;;20250917;47100000;CompteLib_0027;;;25I76;20250917;EcritureLib_0145;;5,57;0,00;D;;;
BQ;Banque BQ;;20250917;51220000;CompteLib_0019;;;25I76;20250917;EcritureLib_0145;;0,00;5,57;C;;;
BQ;Banque BQ;;20250917;62700000;CompteLib_0029;;;25I77;20250917;EcritureLib_0094;;0,87;0,00;D;;;
BQ;Banque BQ;;20250917;51220000;CompteLib_0019;;;25I77;20250917;EcritureLib_0094;;0,00;0,87;C;;;
BQ;Banque BQ;;20250918;51100000;CompteLib_0031;;;25I80;20250918;EcritureLib_0829;;0,00;138,40;C;;;
BQ;Banque BQ;;20250918;51220000;CompteLib_0019;;;25I80;20250918;EcritureLib_0829;;138,40;0,00;D;;;
BQ;Banque BQ;;20250918;40100000;CompteLib_0012;401GRANDF;GRAND FRAIS;25I81;20250918;EcritureLib_0830;;45,18;0,00;D;;AN;20250924
BQ;Banque BQ;;20250918;51220000;CompteLib_0019;;;25I81;20250918;EcritureLib_0830;;0,00;45,18;C;;;
BQ;Banque BQ;;20250918;40100000;CompteLib_0012;401INTER;INTERESTO;25I82;20250918;EcritureLib_0831;;36,82;0,00;D;;BG;20250924
BQ;Banque BQ;;20250918;51220000;CompteLib_0019;;;25I82;20250918;EcritureLib_0831;;0,00;36,82;C;;;
BQ;Banque BQ;;20250918;62700000;CompteLib_0029;;;25I83;20250918;EcritureLib_0094;;0,46;0,00;D;;;
BQ;Banque BQ;;20250918;51220000;CompteLib_0019;;;25I83;20250918;EcritureLib_0094;;0,00;0,46;C;;;
BQ;Banque BQ;;20250919;51100000;CompteLib_0031;;;25I86;20250919;EcritureLib_0832;;0,00;40,00;C;;;
BQ;Banque BQ;;20250919;51220000;CompteLib_0019;;;25I86;20250919;EcritureLib_0832;;40,00;0,00;D;;;
BQ;Banque BQ;;20250919;40100000;CompteLib_0012;401HALLES;LES HALLES DU SUD;25I87;20250919;EcritureLib_0833;;142,00;0,00;D;;W;20250924
BQ;Banque BQ;;20250919;51220000;CompteLib_0019;;;25I87;20250919;EcritureLib_0833;;0,00;142,00;C;;;
BQ;Banque BQ;;20250919;60700000;CompteLib_0022;;;25I88;20250919;EcritureLib_0834;;88,35;0,00;D;;;
BQ;Banque BQ;;20250919;44566100;CompteLib_0023;;;25I88;20250919;EcritureLib_0834;;4,86;0,00;D;;;
BQ;Banque BQ;;20250919;51220000;CompteLib_0019;;;25I88;20250919;EcritureLib_0834;;0,00;93,21;C;;;
BQ;Banque BQ;;20250919;40100000;CompteLib_0012;401LIDL;LIDL;25I89;20250919;EcritureLib_0835;;41,71;0,00;D;;HR;20250924
BQ;Banque BQ;;20250919;51220000;CompteLib_0019;;;25I89;20250919;EcritureLib_0835;;0,00;41,71;C;;;
BQ;Banque BQ;;20250919;62700000;CompteLib_0029;;;25I90;20250919;EcritureLib_0094;;0,13;0,00;D;;;
BQ;Banque BQ;;20250919;51220000;CompteLib_0019;;;25I90;20250919;EcritureLib_0094;;0,00;0,13;C;;;
BQ;Banque BQ;;20250922;51100000;CompteLib_0031;;;25I91;20250922;EcritureLib_0836;;0,00;189,30;C;;;
BQ;Banque BQ;;20250922;51220000;CompteLib_0019;;;25I91;20250922;EcritureLib_0836;;189,30;0,00;D;;;
BQ;Banque BQ;;20250922;51100000;CompteLib_0031;;;25I92;20250922;EcritureLib_0837;;0,00;114,60;C;;;
BQ;Banque BQ;;20250922;51220000;CompteLib_0019;;;25I92;20250922;EcritureLib_0837;;114,60;0,00;D;;;
BQ;Banque BQ;;20250922;51100000;CompteLib_0031;;;25I93;20250922;EcritureLib_0838;;0,00;82,70;C;;;
BQ;Banque BQ;;20250922;51220000;CompteLib_0019;;;25I93;20250922;EcritureLib_0838;;82,70;0,00;D;;;
BQ;Banque BQ;;20250922;40100000;CompteLib_0012;401STC;STC DIGIT;25I94;20250922;EcritureLib_0155;;193,20;0,00;D;;;
BQ;Banque BQ;;20250922;51220000;CompteLib_0019;;;25I94;20250922;EcritureLib_0155;;0,00;193,20;C;;;
BQ;Banque BQ;;20250922;40100000;CompteLib_0012;401METRO;METRO;25I95;20250922;EcritureLib_0839;;155,38;0,00;D;;;
BQ;Banque BQ;;20250922;51220000;CompteLib_0019;;;25I95;20250922;EcritureLib_0839;;0,00;155,38;C;;;
BQ;Banque BQ;;20250922;61352000;CompteLib_0035;;;25I96;20250922;EcritureLib_0152;;66,62;0,00;D;;;
BQ;Banque BQ;;20250922;44566100;CompteLib_0023;;;25I96;20250922;EcritureLib_0152;;13,32;0,00;D;;;
BQ;Banque BQ;;20250922;51220000;CompteLib_0019;;;25I96;20250922;EcritureLib_0152;;0,00;79,94;C;;;
BQ;Banque BQ;;20250922;40100000;CompteLib_0012;401LIDL;LIDL;25I97;20250922;EcritureLib_0840;;47,06;0,00;D;;;
BQ;Banque BQ;;20250922;51220000;CompteLib_0019;;;25I97;20250922;EcritureLib_0840;;0,00;47,06;C;;;
BQ;Banque BQ;;20250922;40100000;CompteLib_0012;401DIVERS;FOURNISSEURS DIVERS;25I98;20250922;EcritureLib_0841;;35,00;0,00;D;;;
BQ;Banque BQ;;20250922;51220000;CompteLib_0019;;;25I98;20250922;EcritureLib_0841;;0,00;35,00;C;;;
BQ;Banque BQ;;20250922;62700000;CompteLib_0029;;;25I99;20250922;EcritureLib_0094;;0,93;0,00;D;;;
BQ;Banque BQ;;20250922;51220000;CompteLib_0019;;;25I99;20250922;EcritureLib_0094;;0,00;0,93;C;;;
BQ;Banque BQ;;20250922;62700000;CompteLib_0029;;;25I100;20250922;EcritureLib_0094;;0,40;0,00;D;;;
BQ;Banque BQ;;20250922;51220000;CompteLib_0019;;;25I100;20250922;EcritureLib_0094;;0,00;0,40;C;;;
BQ;Banque BQ;;20250922;62700000;CompteLib_0029;;;25I101;20250922;EcritureLib_0094;;0,29;0,00;D;;;
BQ;Banque BQ;;20250922;51220000;CompteLib_0019;;;25I101;20250922;EcritureLib_0094;;0,00;0,29;C;;;
BQ;Banque BQ;;20250924;51100000;CompteLib_0031;;;25I102;20250924;EcritureLib_0842;;0,00;127,80;C;;;
BQ;Banque BQ;;20250924;51220000;CompteLib_0019;;;25I102;20250924;EcritureLib_0842;;127,80;0,00;D;;;
BQ;Banque BQ;;20250924;51100000;CompteLib_0031;;;25I103;20250924;EcritureLib_0843;;0,00;61,50;C;;;
BQ;Banque BQ;;20250924;51220000;CompteLib_0019;;;25I103;20250924;EcritureLib_0843;;61,50;0,00;D;;;
BQ;Banque BQ;;20250924;40100000;CompteLib_0012;401VANDEN;VANDENBULCKE;25I104;20250924;EcritureLib_0100;;117,48;0,00;D;;;
BQ;Banque BQ;;20250924;51220000;CompteLib_0019;;;25I104;20250924;EcritureLib_0100;;0,00;117,48;C;;;
BQ;Banque BQ;;20250924;62700000;CompteLib_0029;;;25I105;20250924;EcritureLib_0094;;0,40;0,00;D;;;
BQ;Banque BQ;;20250924;51220000;CompteLib_0019;;;25I105;20250924;EcritureLib_0094;;0,00;0,40;C;;;
BQ;Banque BQ;;20250924;62700000;CompteLib_0029;;;25I106;20250924;EcritureLib_0094;;0,21;0,00;D;;;
BQ;Banque BQ;;20250924;51220000;CompteLib_0019;;;25I106;20250924;EcritureLib_0094;;0,00;0,21;C;;;
BQ;Banque BQ;;20250925;51100000;CompteLib_0031;;;25I107;20250925;EcritureLib_0844;;0,00;93,20;C;;;
BQ;Banque BQ;;20250925;51220000;CompteLib_0019;;;25I107;20250925;EcritureLib_0844;;93,20;0,00;D;;;
BQ;Banque BQ;;20250925;51100000;CompteLib_0031;;;25I108;20250925;EcritureLib_0845;;0,00;58,10;C;;;
BQ;Banque BQ;;20250925;51220000;CompteLib_0019;;;25I108;20250925;EcritureLib_0845;;58,10;0,00;D;;;
BQ;Banque BQ;;20250925;51100000;CompteLib_0031;;;25I109;20250925;EcritureLib_0846;;0,00;47,68;C;;;
BQ;Banque BQ;;20250925;51220000;CompteLib_0019;;;25I109;20250925;EcritureLib_0846;;47,68;0,00;D;;;
BQ;Banque BQ;;20250925;51100000;CompteLib_0031;;;25I110;20250925;EcritureLib_0847;;0,00;12,37;C;;;
BQ;Banque BQ;;20250925;51220000;CompteLib_0019;;;25I110;20250925;EcritureLib_0847;;12,37;0,00;D;;;
BQ;Banque BQ;;20250925;51180000;CompteLib_0034;;;25I111;20250925;EcritureLib_0138;;0,00;7,65;C;;;
BQ;Banque BQ;;20250925;51220000;CompteLib_0019;;;25I111;20250925;EcritureLib_0138;;7,65;0,00;D;;;
BQ;Banque BQ;;20250925;62700000;CompteLib_0029;;;25I112;20250925;EcritureLib_0094;;0,33;0,00;D;;;
BQ;Banque BQ;;20250925;51220000;CompteLib_0019;;;25I112;20250925;EcritureLib_0094;;0,00;0,33;C;;;
BQ;Banque BQ;;20250925;62700000;CompteLib_0029;;;25I113;20250925;EcritureLib_0094;;0,17;0,00;D;;;
BQ;Banque BQ;;20250925;51220000;CompteLib_0019;;;25I113;20250925;EcritureLib_0094;;0,00;0,17;C;;;
BQ;Banque BQ;;20250925;62700000;CompteLib_0029;;;25I114;20250925;EcritureLib_0224;;5,33;0,00;D;;;
BQ;Banque BQ;;20250925;51220000;CompteLib_0019;;;25I114;20250925;EcritureLib_0224;;0,00;5,33;C;;;
BQ;Banque BQ;;20250925;62700000;CompteLib_0029;;;25I115;20250925;EcritureLib_0225;;5,33;0,00;D;;;
BQ;Banque BQ;;20250925;51220000;CompteLib_0019;;;25I115;20250925;EcritureLib_0225;;0,00;5,33;C;;;
BQ;Banque BQ;;20250926;51100000;CompteLib_0031;;;25I117;20250926;EcritureLib_0848;;0,00;90,90;C;;;
BQ;Banque BQ;;20250926;51220000;CompteLib_0019;;;25I117;20250926;EcritureLib_0848;;90,90;0,00;D;;;
BQ;Banque BQ;;20250926;51100000;CompteLib_0031;;;25I118;20250926;EcritureLib_0849;;0,00;9,90;C;;;
BQ;Banque BQ;;20250926;51220000;CompteLib_0019;;;25I118;20250926;EcritureLib_0849;;9,90;0,00;D;;;
BQ;Banque BQ;;20250926;62700000;CompteLib_0029;;;25I119;20250926;EcritureLib_0094;;0,52;0,00;D;;;
BQ;Banque BQ;;20250926;51220000;CompteLib_0019;;;25I119;20250926;EcritureLib_0094;;0,00;0,52;C;;;
BQ;Banque BQ;;20250926;62700000;CompteLib_0029;;;25I120;20250926;EcritureLib_0094;;0,03;0,00;D;;;
BQ;Banque BQ;;20250926;51220000;CompteLib_0019;;;25I120;20250926;EcritureLib_0094;;0,00;0,03;C;;;
BQ;Banque BQ;;20250928;40100000;CompteLib_0012;401LOYER;LOYER ET CHARGES;25I122;20250928;EcritureLib_0850;;1328,60;0,00;D;;O;20251105
BQ;Banque BQ;;20250928;51220000;CompteLib_0019;;;25I122;20250928;EcritureLib_0850;;0,00;1328,60;C;;;
BQ;Banque BQ;;20250929;51100000;CompteLib_0031;;;25I124;20250929;EcritureLib_0851;;0,00;53,40;C;;;
BQ;Banque BQ;;20250929;51220000;CompteLib_0019;;;25I124;20250929;EcritureLib_0851;;53,40;0,00;D;;;
BQ;Banque BQ;;20250929;51100000;CompteLib_0031;;;25I125;20250929;EcritureLib_0852;;0,00;22,80;C;;;
BQ;Banque BQ;;20250929;51220000;CompteLib_0019;;;25I125;20250929;EcritureLib_0852;;22,80;0,00;D;;;
BQ;Banque BQ;;20250929;51100000;CompteLib_0031;;;25I126;20250929;EcritureLib_0853;;0,00;11,90;C;;;
BQ;Banque BQ;;20250929;51220000;CompteLib_0019;;;25I126;20250929;EcritureLib_0853;;11,90;0,00;D;;;
BQ;Banque BQ;;20250929;62601000;CompteLib_0030;;;25I127;20250929;EcritureLib_0096;;40,81;0,00;D;;;
BQ;Banque BQ;;20250929;44566100;CompteLib_0023;;;25I127;20250929;EcritureLib_0096;;8,16;0,00;D;;;
BQ;Banque BQ;;20250929;51220000;CompteLib_0019;;;25I127;20250929;EcritureLib_0096;;0,00;48,97;C;;;
BQ;Banque BQ;;20250929;40100000;CompteLib_0012;401LIDL;LIDL;25I128;20250929;EcritureLib_0854;;40,07;0,00;D;;HZ;20251106
BQ;Banque BQ;;20250929;51220000;CompteLib_0019;;;25I128;20250929;EcritureLib_0854;;0,00;40,07;C;;;
BQ;Banque BQ;;20250929;40100000;CompteLib_0012;401ALDI;ALDI;25I129;20250929;EcritureLib_0855;;32,47;0,00;D;;AI;20251106
BQ;Banque BQ;;20250929;51220000;CompteLib_0019;;;25I129;20250929;EcritureLib_0855;;0,00;32,47;C;;;
BQ;Banque BQ;;20250929;62700000;CompteLib_0029;;;25I130;20250929;EcritureLib_0094;;0,39;0,00;D;;;
BQ;Banque BQ;;20250929;51220000;CompteLib_0019;;;25I130;20250929;EcritureLib_0094;;0,00;0,39;C;;;
BQ;Banque BQ;;20250929;62700000;CompteLib_0029;;;25I131;20250929;EcritureLib_0094;;0,08;0,00;D;;;
BQ;Banque BQ;;20250929;51220000;CompteLib_0019;;;25I131;20250929;EcritureLib_0094;;0,00;0,08;C;;;
BQ;Banque BQ;;20250929;62700000;CompteLib_0029;;;25I132;20250929;EcritureLib_0094;;0,04;0,00;D;;;
BQ;Banque BQ;;20250929;51220000;CompteLib_0019;;;25I132;20250929;EcritureLib_0094;;0,00;0,04;C;;;
BQ;Banque BQ;;20250929;62700000;CompteLib_0029;;;25I133;20250929;EcritureLib_0170;;0,00;0,64;C;;;
BQ;Banque BQ;;20250929;51220000;CompteLib_0019;;;25I133;20250929;EcritureLib_0170;;0,64;0,00;D;;;
BQ;Banque BQ;;20250929;62700000;CompteLib_0029;;;25I134;20250929;EcritureLib_0171;;19,43;0,00;D;;;
BQ;Banque BQ;;20250929;51220000;CompteLib_0019;;;25I134;20250929;EcritureLib_0171;;0,00;19,43;C;;;
EX;Extourne;;20241001;48600000;CompteLib_0018;;;24J4;20241001;EcritureLib_0856;;0,00;85,00;C;;;
EX;Extourne;;20241001;61321000;CompteLib_0024;;;24J4;20241001;EcritureLib_0856;;85,00;0,00;D;;;
