JournalCode;JournalLib;EcritureNum;EcritureDate;CompteNum;CompteLib;CompAuxNum;CompAuxLib;PieceRef;PieceDate;EcritureLib;ValidDate;MontantDebit;MontantCredit;Sens;RefEcriture;EcritureLet;DateLet
AO;A Nouveau;AO/1;20221001;10130000;CompteLib_0001;;;22J110;20221001;EcritureLib_0001;20240228;0,00;100,00;C;AO/1;;
AO;A Nouveau;AO/1;20221001;10611000;CompteLib_0002;;;22J110;20221001;EcritureLib_0002;20240228;0,00;10,00;C;AO/1;;
AO;A Nouveau;AO/1;20221001;10680000;CompteLib_0003;;;22J110;20221001;EcritureLib_0003;20240228;0,00;25066,92;C;AO/1;;
AO;A Nouveau;AO/1;20221001;20700000;CompteLib_0004;;;22J110;20221001;EcritureLib_0004;20240228;12750,00;0,00;D;AO/1;;
AO;A Nouveau;AO/1;20221001;21540000;CompteLib_0005;;;22J110;20221001;EcritureLib_0005;20240228;7250,00;0,00;D;AO/1;;
AO;A Nouveau;AO/1;20221001;21810000;CompteLib_0006;;;22J110;20221001;EcritureLib_0006;20240228;8000,00;0,00;D;AO/1;;
AO;A Nouveau;AO/1;20221001;27500000;CompteLib_0007;;;22J110;20221001;EcritureLib_0007;20240228;6000,00;0,00;D;AO/1;;
AO;A Nouveau;AO/1;20221001;28154000;CompteLib_0008;;;22J110;20221001;EcritureLib_0008;20240228;0,00;2269,35;C;AO/1;;
AO;A Nouveau;AO/1;20221001;28181000;CompteLib_0009;;;22J110;20221001;EcritureLib_0009;20240228;0,00;1703,01;C;AO/1;;
AO;A Nouveau;AO/1;20221001;37000000;CompteLib_0010;;;22J110;20221001;EcritureLib_0010;20240228;2382,17;0,00;D;AO/1;;
AO;A Nouveau;AO/1;20221001;40104012;CompteLib_0011;;;22J110;20221001;EcritureLib_0011;20240228;0,00;1195,00;C;AO/1;A;20240227
AO;A Nouveau;AO/1;20221001;40840000;CompteLib_0012;;;22J110;20221001;EcritureLib_0012;20240228;0,00;112,37;C;AO/1;;
AO;A Nouveau;AO/1;20221001;42100000;CompteLib_0013;;;22J110;20221001;EcritureLib_0013;20240228;0,00;2724,18;C;AO/1;;
AO;A Nouveau;AO/1;20221001;43702000;CompteLib_0014;;;22J110;20221001;EcritureLib_0014;20240228;0,00;0,72;C;AO/1;B;20240227
AO;A Nouveau;AO/1;20221001;43703000;CompteLib_0015;;;22J110;20221001;EcritureLib_0015;20240228;0,00;0,03;C;AO/1;B;20240227
AO;A Nouveau;AO/1;20221001;43708000;CompteLib_0016;;;22J110;20221001;EcritureLib_0016;20240228;0,00;1,46;C;AO/1;A;20240227
AO;A Nouveau;AO/1;20221001;44551000;CompteLib_0017;;;22J110;20221001;EcritureLib_0017;20240228;0,00;679,00;C;AO/1;;
AO;A Nouveau;AO/1;20221001;44566100;CompteLib_0018;;;22J110;20221001;EcritureLib_0018;20240228;0,30;0,00;D;AO/1;A;20240227
AO;A Nouveau;AO/1;20221001;44571200;CompteLib_0019;;;22J110;20221001;EcritureLib_0019;20240228;0,00;3,52;C;AO/1;A;20240227
AO;A Nouveau;AO/1;20221001;44571800;CompteLib_0020;;;22J110;20221001;EcritureLib_0020;20240228;0,00;0,07;C;AO/1;A;20240227
AO;A Nouveau;AO/1;20221001;44586000;CompteLib_0021;;;22J110;20221001;EcritureLib_0021;20240228;10,28;0,00;D;AO/1;;
AO;A Nouveau;AO/1;20221001;44860000;CompteLib_0022;;;22J110;20221001;EcritureLib_0022;20240228;0,00;432,00;C;AO/1;A;20241127
AO;A Nouveau;AO/1;20221001;45500000;CompteLib_0023;;;22J110;20221001;EcritureLib_0023;20240228;0,00;11414,74;C;AO/1;;
AO;A Nouveau;AO/1;20221001;51100000;CompteLib_0024;;;22J110;20221001;EcritureLib_0024;20240228;138,00;0,00;D;AO/1;;
AO;A Nouveau;AO/1;20221001;51120000;CompteLib_0025;;;22J110;20221001;EcritureLib_0025;20240228;27,40;0,00;D;AO/1;;
AO;A Nouveau;AO/1;20221001;51210000;CompteLib_0026;;;22J110;20221001;EcritureLib_0026;20240228;3527,72;0,00;D;AO/1;;
AO;A Nouveau;AO/1;20221001;51810000;CompteLib_0027;;;22J110;20221001;EcritureLib_0027;20240228;0,00;17,78;C;AO/1;;
AO;A Nouveau;AO/1;20221001;53000000;CompteLib_0028;;;22J110;20221001;EcritureLib_0028;20240228;45,00;0,00;D;AO/1;;
AO;A Nouveau;AO/1;20221001;12900000;CompteLib_0029;;;22J110;20221001;EcritureLib_0029;20240228;5599,28;0,00;D;AO/1;A;20241126
BQ;Banque BQ;BQ/1;20221003;62700000;CompteLib_0030;;;22J2;20221003;EcritureLib_0030;20240228;4,10;0,00;D;BQ/1;;
BQ;Banque BQ;BQ/1;20221003;51220000;CompteLib_0026;;;22J2;20221003;EcritureLib_0030;20240228;0,00;4,10;C;BQ/1;;
BQ;Banque BQ;BQ/2;20221003;62700000;CompteLib_0030;;;22J3;20221003;EcritureLib_0031;20240228;0,41;0,00;D;BQ/2;;
BQ;Banque BQ;BQ/2;20221003;51220000;CompteLib_0026;;;22J3;20221003;EcritureLib_0031;20240228;0,00;0,41;C;BQ/2;;
BQ;Banque BQ;BQ/3;20221003;51100000;CompteLib_0024;;;22J4;20221003;EcritureLib_0032;20240228;0,00;138,00;C;BQ/3;;
BQ;Banque BQ;BQ/3;20221003;51220000;CompteLib_0026;;;22J4;20221003;EcritureLib_0032;20240228;138,00;0,00;D;BQ/3;;
BQ;Banque BQ;BQ/4;20221003;62700000;CompteLib_0030;;;22J117;20221003;EcritureLib_0033;20240228;17,78;0,00;D;BQ/4;;
BQ;Banque BQ;BQ/4;20221003;51220000;CompteLib_0026;;;22J117;20221003;EcritureLib_0033;20240228;0,00;17,78;C;BQ/4;;
BQ;Banque BQ;BQ/5;20221004;51100000;CompteLib_0024;;;22J7;20221004;EcritureLib_0034;20240228;0,00;117,80;C;BQ/5;;
BQ;Banque BQ;BQ/5;20221004;51220000;CompteLib_0026;;;22J7;20221004;EcritureLib_0034;20240228;117,80;0,00;D;BQ/5;;
BQ;Banque BQ;BQ/6;20221004;60700000;CompteLib_0031;;;22J5;20221004;EcritureLib_0035;20240228;20,00;0,00;D;BQ/6;;
BQ;Banque BQ;BQ/6;20221004;51220000;CompteLib_0026;;;22J5;20221004;EcritureLib_0035;20240228;0,00;20,00;C;BQ/6;;
BQ;Banque BQ;BQ/7;20221004;62700000;CompteLib_0030;;;22J6;20221004;EcritureLib_0031;20240228;0,36;0,00;D;BQ/7;;
BQ;Banque BQ;BQ/7;20221004;51220000;CompteLib_0026;;;22J6;20221004;EcritureLib_0031;20240228;0,00;0,36;C;BQ/7;;
BQ;Banque BQ;BQ/8;20221005;60630000;CompteLib_0032;;;22J118;20221005;EcritureLib_0036;20240228;12,68;0,00;D;BQ/8;;
BQ;Banque BQ;BQ/8;20221005;44566100;CompteLib_0018;;;22J118;20221005;EcritureLib_0036;20240228;2,54;0,00;D;BQ/8;A;20240227
BQ;Banque BQ;BQ/8;20221005;51220000;CompteLib_0026;;;22J118;20221005;EcritureLib_0036;20240228;0,00;15,22;C;BQ/8;;
BQ;Banque BQ;BQ/8;20221005;60700000;CompteLib_0031;;;22J118;20221005;EcritureLib_0036;20240228;156,26;0,00;D;BQ/8;;
BQ;Banque BQ;BQ/8;20221005;44566100;CompteLib_0018;;;22J118;20221005;EcritureLib_0036;20240228;8,59;0,00;D;BQ/8;A;20240227
BQ;Banque BQ;BQ/8;20221005;51220000;CompteLib_0026;;;22J118;20221005;EcritureLib_0036;20240228;0,00;164,85;C;BQ/8;;
BQ;Banque BQ;BQ/9;20221005;51100000;CompteLib_0024;;;22J15;20221005;EcritureLib_0037;20240228;0,00;64,00;C;BQ/9;;
BQ;Banque BQ;BQ/9;20221005;51220000;CompteLib_0026;;;22J15;20221005;EcritureLib_0037;20240228;64,00;0,00;D;BQ/9;;
BQ;Banque BQ;BQ/10;20221005;60700000;CompteLib_0031;;;22J8;20221005;EcritureLib_0038;20240228;23,45;0,00;D;BQ/10;;
BQ;Banque BQ;BQ/10;20221005;51220000;CompteLib_0026;;;22J8;20221005;EcritureLib_0038;20240228;0,00;23,45;C;BQ/10;;
BQ;Banque BQ;BQ/11;20221005;62700000;CompteLib_0030;;;22J10;20221005;EcritureLib_0031;20240228;0,19;0,00;D;BQ/11;;
BQ;Banque BQ;BQ/11;20221005;51220000;CompteLib_0026;;;22J10;20221005;EcritureLib_0031;20240228;0,00;0,19;C;BQ/11;;
BQ;Banque BQ;BQ/12;20221005;65160000;CompteLib_0033;;;22J119;20221005;EcritureLib_0039;20240228;37,83;0,00;D;BQ/12;;
BQ;Banque BQ;BQ/12;20221005;44566100;CompteLib_0018;;;22J119;20221005;EcritureLib_0039;20240228;3,74;0,00;D;BQ/12;A;20240227
BQ;Banque BQ;BQ/12;20221005;51220000;CompteLib_0026;;;22J119;20221005;EcritureLib_0039;20240228;0,00;41,57;C;BQ/12;;
BQ;Banque BQ;BQ/13;20221005;51120000;CompteLib_0025;;;22J11;20221005;EcritureLib_0040;20240228;0,00;20,81;C;BQ/13;;
BQ;Banque BQ;BQ/13;20221005;51220000;CompteLib_0026;;;22J11;20221005;EcritureLib_0040;20240228;20,81;0,00;D;BQ/13;;
BQ;Banque BQ;BQ/14;20221005;61600000;CompteLib_0034;;;22J12;20221005;EcritureLib_0041;20240228;64,12;0,00;D;BQ/14;;
BQ;Banque BQ;BQ/14;20221005;51220000;CompteLib_0026;;;22J12;20221005;EcritureLib_0041;20240228;0,00;64,12;C;BQ/14;;
BQ;Banque BQ;BQ/15;20221005;51120000;CompteLib_0025;;;22J16;20221005;EcritureLib_0042;20240228;0,00;6,59;C;BQ/15;;
BQ;Banque BQ;BQ/15;20221005;51220000;CompteLib_0026;;;22J16;20221005;EcritureLib_0042;20240228;6,59;0,00;D;BQ/15;;
BQ;Banque BQ;BQ/16;20221005;65160000;CompteLib_0033;;;22J14;20221005;EcritureLib_0043;20240228;30,24;0,00;D;BQ/16;;
BQ;Banque BQ;BQ/16;20221005;51220000;CompteLib_0026;;;22J14;20221005;EcritureLib_0043;20240228;0,00;30,24;C;BQ/16;;
BQ;Banque BQ;BQ/17;20221006;51100000;CompteLib_0024;;;22J23;20221006;EcritureLib_0044;20240228;0,00;13,60;C;BQ/17;;
BQ;Banque BQ;BQ/17;20221006;51220000;CompteLib_0026;;;22J23;20221006;EcritureLib_0044;20240228;13,60;0,00;D;BQ/17;;
BQ;Banque BQ;BQ/18;20221006;62700000;CompteLib_0030;;;22J19;20221006;EcritureLib_0031;20240228;0,60;0,00;D;BQ/18;;
BQ;Banque BQ;BQ/18;20221006;51220000;CompteLib_0026;;;22J19;20221006;EcritureLib_0031;20240228;0,00;0,60;C;BQ/18;;
BQ;Banque BQ;BQ/19;20221006;60700000;CompteLib_0031;;;22J121;20221006;EcritureLib_0045;20240228;126,72;0,00;D;BQ/19;;
BQ;Banque BQ;BQ/19;20221006;44566100;CompteLib_0018;;;22J121;20221006;EcritureLib_0045;20240228;6,97;0,00;D;BQ/19;A;20240227
BQ;Banque BQ;BQ/19;20221006;51220000;CompteLib_0026;;;22J121;20221006;EcritureLib_0045;20240228;0,00;53,69;C;BQ/19;;
BQ;Banque BQ;BQ/19;20221006;45500000;CompteLib_0023;;;22J121;20221006;EcritureLib_0046;20240228;0,00;80,00;C;BQ/19;;
BQ;Banque BQ;BQ/20;20221006;62700000;CompteLib_0030;;;22J20;20221006;EcritureLib_0031;20240228;0,04;0,00;D;BQ/20;;
BQ;Banque BQ;BQ/20;20221006;51220000;CompteLib_0026;;;22J20;20221006;EcritureLib_0031;20240228;0,00;0,04;C;BQ/20;;
BQ;Banque BQ;BQ/21;20221006;51120000;CompteLib_0025;;;22J21;20221006;EcritureLib_0047;20240228;0,00;37,85;C;BQ/21;;
BQ;Banque BQ;BQ/21;20221006;51220000;CompteLib_0026;;;22J21;20221006;EcritureLib_0047;20240228;37,85;0,00;D;BQ/21;;
BQ;Banque BQ;BQ/22;20221006;51100000;CompteLib_0024;;;22J22;20221006;EcritureLib_0048;20240228;0,00;199,95;C;BQ/22;;
BQ;Banque BQ;BQ/22;20221006;51220000;CompteLib_0026;;;22J22;20221006;EcritureLib_0048;20240228;199,95;0,00;D;BQ/22;;
BQ;Banque BQ;BQ/23;20221006;60700000;CompteLib_0031;;;22J120;20221006;EcritureLib_0049;20240228;43,38;0,00;D;BQ/23;;
BQ;Banque BQ;BQ/23;20221006;44566100;CompteLib_0018;;;22J120;20221006;EcritureLib_0049;20240228;2,39;0,00;D;BQ/23;A;20240227
BQ;Banque BQ;BQ/23;20221006;51220000;CompteLib_0026;;;22J120;20221006;EcritureLib_0049;20240228;0,00;45,77;C;BQ/23;;
BQ;Banque BQ;BQ/24;20221007;51100000;CompteLib_0024;;;22J27;20221007;EcritureLib_0050;20240228;0,00;188,90;C;BQ/24;;
BQ;Banque BQ;BQ/24;20221007;51220000;CompteLib_0026;;;22J27;20221007;EcritureLib_0050;20240228;188,90;0,00;D;BQ/24;;
BQ;Banque BQ;BQ/25;20221007;60630000;CompteLib_0032;;;22J122;20221007;EcritureLib_0051;20240228;2,09;0,00;D;BQ/25;;
BQ;Banque BQ;BQ/25;20221007;44566100;CompteLib_0018;;;22J122;20221007;EcritureLib_0051;20240228;0,42;0,00;D;BQ/25;A;20240227
BQ;Banque BQ;BQ/25;20221007;51220000;CompteLib_0026;;;22J122;20221007;EcritureLib_0051;20240228;0,00;2,51;C;BQ/25;;
BQ;Banque BQ;BQ/25;20221007;60700000;CompteLib_0031;;;22J122;20221007;EcritureLib_0051;20240228;62,44;0,00;D;BQ/25;;
BQ;Banque BQ;BQ/25;20221007;44566100;CompteLib_0018;;;22J122;20221007;EcritureLib_0051;20240228;3,43;0,00;D;BQ/25;A;20240227
BQ;Banque BQ;BQ/25;20221007;51220000;CompteLib_0026;;;22J122;20221007;EcritureLib_0051;20240228;0,00;65,87;C;BQ/25;;
BQ;Banque BQ;BQ/26;20221007;62700000;CompteLib_0030;;;22J26;20221007;EcritureLib_0031;20240228;0,58;0,00;D;BQ/26;;
BQ;Banque BQ;BQ/26;20221007;51220000;CompteLib_0026;;;22J26;20221007;EcritureLib_0031;20240228;0,00;0,58;C;BQ/26;;
BQ;Banque BQ;BQ/27;20221007;60700000;CompteLib_0031;;;22J25;20221007;EcritureLib_0052;20240228;26,53;0,00;D;BQ/27;;
BQ;Banque BQ;BQ/27;20221007;51220000;CompteLib_0026;;;22J25;20221007;EcritureLib_0052;20240228;0,00;26,53;C;BQ/27;;
BQ;Banque BQ;BQ/28;20221010;44566100;CompteLib_0018;;;22J29;20221010;EcritureLib_0053;20240228;4,64;0,00;D;BQ/28;A;20240227
BQ;Banque BQ;BQ/28;20221010;60700000;CompteLib_0031;;;22J29;20221010;EcritureLib_0053;20240228;23,21;0,00;D;BQ/28;;
BQ;Banque BQ;BQ/28;20221010;51220000;CompteLib_0026;;;22J29;20221010;EcritureLib_0053;20240228;0,00;27,85;C;BQ/28;;
BQ;Banque BQ;BQ/29;20221010;62600000;CompteLib_0035;;;22J30;20221010;EcritureLib_0054;20240228;15,37;0,00;D;BQ/29;;
BQ;Banque BQ;BQ/29;20221010;44566100;CompteLib_0018;;;22J30;20221010;EcritureLib_0054;20240228;3,08;0,00;D;BQ/29;A;20240227
BQ;Banque BQ;BQ/29;20221010;51220000;CompteLib_0026;;;22J30;20221010;EcritureLib_0054;20240228;0,00;18,45;C;BQ/29;;
BQ;Banque BQ;BQ/30;20221010;42100000;CompteLib_0013;;;22J32;20221010;EcritureLib_0055;20240228;1003,83;0,00;D;BQ/30;;
BQ;Banque BQ;BQ/30;20221010;51220000;CompteLib_0026;;;22J32;20221010;EcritureLib_0055;20240228;0,00;1003,83;C;BQ/30;;
BQ;Banque BQ;BQ/31;20221010;60700000;CompteLib_0031;;;22J123;20221010;EcritureLib_0056;20240228;44,79;0,00;D;BQ/31;;
BQ;Banque BQ;BQ/31;20221010;44566100;CompteLib_0018;;;22J123;20221010;EcritureLib_0056;20240228;2,46;0,00;D;BQ/31;A;20240227
BQ;Banque BQ;BQ/31;20221010;51220000;CompteLib_0026;;;22J123;20221010;EcritureLib_0056;20240228;0,00;47,25;C;BQ/31;;
BQ;Banque BQ;BQ/32;20221010;60700000;CompteLib_0031;;;22J124;20221010;EcritureLib_0057;20240228;86,29;0,00;D;BQ/32;;
BQ;Banque BQ;BQ/32;20221010;51220000;CompteLib_0026;;;22J124;20221010;EcritureLib_0057;20240228;0,00;91,04;C;BQ/32;;
BQ;Banque BQ;BQ/32;20221010;44566100;CompteLib_0018;;;22J124;20221010;EcritureLib_0057;20240228;4,75;0,00;D;BQ/32;A;20240227
BQ;Banque BQ;BQ/33;20221011;62700000;CompteLib_0030;;;22J33;20221011;EcritureLib_0031;20240228;1,03;0,00;D;BQ/33;;
BQ;Banque BQ;BQ/33;20221011;51220000;CompteLib_0026;;;22J33;20221011;EcritureLib_0031;20240228;0,00;1,03;C;BQ/33;;
BQ;Banque BQ;BQ/34;20221011;62700000;CompteLib_0030;;;22J34;20221011;EcritureLib_0031;20240228;0,04;0,00;D;BQ/34;;
BQ;Banque BQ;BQ/34;20221011;51220000;CompteLib_0026;;;22J34;20221011;EcritureLib_0031;20240228;0,00;0,04;C;BQ/34;;
BQ;Banque BQ;BQ/35;20221011;51100000;CompteLib_0024;;;22J35;20221011;EcritureLib_0058;20240228;0,00;341,90;C;BQ/35;;
BQ;Banque BQ;BQ/35;20221011;51220000;CompteLib_0026;;;22J35;20221011;EcritureLib_0058;20240228;341,90;0,00;D;BQ/35;;
BQ;Banque BQ;BQ/36;20221011;51100000;CompteLib_0024;;;22J36;20221011;EcritureLib_0059;20240228;0,00;14,00;C;BQ/36;;
BQ;Banque BQ;BQ/36;20221011;51220000;CompteLib_0026;;;22J36;20221011;EcritureLib_0059;20240228;14,00;0,00;D;BQ/36;;
BQ;Banque BQ;BQ/37;20221011;44566100;CompteLib_0018;;;22J37;20221011;EcritureLib_0060;20240228;1,72;0,00;D;BQ/37;A;20240227
BQ;Banque BQ;BQ/37;20221011;60700000;CompteLib_0031;;;22J37;20221011;EcritureLib_0060;20240228;31,28;0,00;D;BQ/37;;
BQ;Banque BQ;BQ/37;20221011;51220000;CompteLib_0026;;;22J37;20221011;EcritureLib_0060;20240228;0,00;33,00;C;BQ/37;;
BQ;Banque BQ;BQ/38;20221011;62700000;CompteLib_0030;;;22J38;20221011;EcritureLib_0031;20240228;1,03;0,00;D;BQ/38;;
BQ;Banque BQ;BQ/38;20221011;51220000;CompteLib_0026;;;22J38;20221011;EcritureLib_0031;20240228;0,00;1,03;C;BQ/38;;
BQ;Banque BQ;BQ/39;20221011;62700000;CompteLib_0030;;;22J39;20221011;EcritureLib_0031;20240228;0,66;0,00;D;BQ/39;;
BQ;Banque BQ;BQ/39;20221011;51220000;CompteLib_0026;;;22J39;20221011;EcritureLib_0031;20240228;0,00;0,66;C;BQ/39;;
BQ;Banque BQ;BQ/40;20221011;62700000;CompteLib_0030;;;22J40;20221011;EcritureLib_0031;20240228;0,04;0,00;D;BQ/40;;
BQ;Banque BQ;BQ/40;20221011;51220000;CompteLib_0026;;;22J40;20221011;EcritureLib_0031;20240228;0,00;0,04;C;BQ/40;;
BQ;Banque BQ;BQ/41;20221011;62700000;CompteLib_0030;;;22J41;20221011;EcritureLib_0031;20240228;0,00;0,04;C;BQ/41;;
BQ;Banque BQ;BQ/41;20221011;51220000;CompteLib_0026;;;22J41;20221011;EcritureLib_0031;20240228;0,04;0,00;D;BQ/41;;
BQ;Banque BQ;BQ/42;20221011;62700000;CompteLib_0030;;;22J42;20221011;EcritureLib_0031;20240228;0,00;1,03;C;BQ/42;;
BQ;Banque BQ;BQ/42;20221011;51220000;CompteLib_0026;;;22J42;20221011;EcritureLib_0031;20240228;1,03;0,00;D;BQ/42;;
BQ;Banque BQ;BQ/43;20221011;51100000;CompteLib_0024;;;22J43;20221011;EcritureLib_0058;20240228;341,90;0,00;D;BQ/43;;
BQ;Banque BQ;BQ/43;20221011;51220000;CompteLib_0026;;;22J43;20221011;EcritureLib_0058;20240228;0,00;341,90;C;BQ/43;;
BQ;Banque BQ;BQ/44;20221011;51100000;CompteLib_0024;;;22J44;20221011;EcritureLib_0058;20240228;0,00;341,90;C;BQ/44;;
BQ;Banque BQ;BQ/44;20221011;51220000;CompteLib_0026;;;22J44;20221011;EcritureLib_0058;20240228;341,90;0,00;D;BQ/44;;
BQ;Banque BQ;BQ/45;20221011;51100000;CompteLib_0024;;;22J45;20221011;EcritureLib_0059;20240228;14,00;0,00;D;BQ/45;;
BQ;Banque BQ;BQ/45;20221011;51220000;CompteLib_0026;;;22J45;20221011;EcritureLib_0059;20240228;0,00;14,00;C;BQ/45;;
BQ;Banque BQ;BQ/46;20221011;51100000;CompteLib_0024;;;22J46;20221011;EcritureLib_0059;20240228;0,00;14,00;C;BQ/46;;
BQ;Banque BQ;BQ/46;20221011;51220000;CompteLib_0026;;;22J46;20221011;EcritureLib_0059;20240228;14,00;0,00;D;BQ/46;;
BQ;Banque BQ;BQ/47;20221011;51100000;CompteLib_0024;;;22J47;20221011;EcritureLib_0061;20240228;0,00;212,70;C;BQ/47;;
BQ;Banque BQ;BQ/47;20221011;51220000;CompteLib_0026;;;22J47;20221011;EcritureLib_0061;20240228;212,70;0,00;D;BQ/47;;
BQ;Banque BQ;BQ/48;20221011;51120000;CompteLib_0025;;;22J48;20221011;EcritureLib_0042;20240228;0,00;25,50;C;BQ/48;;
BQ;Banque BQ;BQ/48;20221011;51220000;CompteLib_0026;;;22J48;20221011;EcritureLib_0042;20240228;25,50;0,00;D;BQ/48;;
BQ;Banque BQ;BQ/49;20221012;62700000;CompteLib_0030;;;22J49;20221012;EcritureLib_0031;20240228;0,68;0,00;D;BQ/49;;
BQ;Banque BQ;BQ/49;20221012;51220000;CompteLib_0026;;;22J49;20221012;EcritureLib_0031;20240228;0,00;0,68;C;BQ/49;;
BQ;Banque BQ;BQ/50;20221012;51100000;CompteLib_0024;;;22J50;20221012;EcritureLib_0062;20240228;0,00;221,80;C;BQ/50;;
BQ;Banque BQ;BQ/50;20221012;51220000;CompteLib_0026;;;22J50;20221012;EcritureLib_0062;20240228;221,80;0,00;D;BQ/50;;
BQ;Banque BQ;BQ/51;20221013;62700000;CompteLib_0030;;;22J51;20221013;EcritureLib_0031;20240228;0,60;0,00;D;BQ/51;;
BQ;Banque BQ;BQ/51;20221013;51220000;CompteLib_0026;;;22J51;20221013;EcritureLib_0031;20240228;0,00;0,60;C;BQ/51;;
BQ;Banque BQ;BQ/52;20221013;51100000;CompteLib_0024;;;22J55;20221013;EcritureLib_0063;20240228;0,00;31,70;C;BQ/52;;
BQ;Banque BQ;BQ/52;20221013;51220000;CompteLib_0026;;;22J55;20221013;EcritureLib_0063;20240228;31,70;0,00;D;BQ/52;;
BQ;Banque BQ;BQ/53;20221013;51100000;CompteLib_0024;;;22J54;20221013;EcritureLib_0064;20240228;0,00;192,30;C;BQ/53;;
BQ;Banque BQ;BQ/53;20221013;51220000;CompteLib_0026;;;22J54;20221013;EcritureLib_0064;20240228;192,30;0,00;D;BQ/53;;
BQ;Banque BQ;BQ/54;20221013;51120000;CompteLib_0025;;;22J53;20221013;EcritureLib_0065;20240228;0,00;81,91;C;BQ/54;;
BQ;Banque BQ;BQ/54;20221013;51220000;CompteLib_0026;;;22J53;20221013;EcritureLib_0065;20240228;81,91;0,00;D;BQ/54;;
BQ;Banque BQ;BQ/55;20221013;62700000;CompteLib_0030;;;22J52;20221013;EcritureLib_0031;20240228;0,11;0,00;D;BQ/55;;
BQ;Banque BQ;BQ/55;20221013;51220000;CompteLib_0026;;;22J52;20221013;EcritureLib_0031;20240228;0,00;0,11;C;BQ/55;;
BQ;Banque BQ;BQ/56;20221014;44566100;CompteLib_0018;;;22J59;20221014;EcritureLib_0066;20240228;13,26;0,00;D;BQ/56;A;20240227
BQ;Banque BQ;BQ/56;20221014;61350000;CompteLib_0036;;;22J59;20221014;EcritureLib_0066;20240228;66,30;0,00;D;BQ/56;;
BQ;Banque BQ;BQ/56;20221014;51220000;CompteLib_0026;;;22J59;20221014;EcritureLib_0066;20240228;0,00;79,56;C;BQ/56;;
BQ;Banque BQ;BQ/57;20221014;51100000;CompteLib_0024;;;22J60;20221014;EcritureLib_0067;20240228;0,00;255,10;C;BQ/57;;
BQ;Banque BQ;BQ/57;20221014;51220000;CompteLib_0026;;;22J60;20221014;EcritureLib_0067;20240228;255,10;0,00;D;BQ/57;;
BQ;Banque BQ;BQ/58;20221014;51100000;CompteLib_0024;;;22J61;20221014;EcritureLib_0068;20240228;0,00;14,00;C;BQ/58;;
BQ;Banque BQ;BQ/58;20221014;51220000;CompteLib_0026;;;22J61;20221014;EcritureLib_0068;20240228;14,00;0,00;D;BQ/58;;
BQ;Banque BQ;BQ/59;20221014;60700000;CompteLib_0031;;;22J125;20221014;EcritureLib_0069;20240228;126,33;0,00;D;BQ/59;;
BQ;Banque BQ;BQ/59;20221014;44566100;CompteLib_0018;;;22J125;20221014;EcritureLib_0069;20240228;7,22;0,00;D;BQ/59;A;20240227
BQ;Banque BQ;BQ/59;20221014;51220000;CompteLib_0026;;;22J125;20221014;EcritureLib_0069;20240228;0,00;130,27;C;BQ/59;;
BQ;Banque BQ;BQ/59;20221014;75800000;CompteLib_0037;;;22J125;20221014;EcritureLib_0069;20240228;0,00;3,28;C;BQ/59;;
BQ;Banque BQ;BQ/60;20221014;62700000;CompteLib_0030;;;22J57;20221014;EcritureLib_0031;20240228;0,78;0,00;D;BQ/60;;
BQ;Banque BQ;BQ/60;20221014;51220000;CompteLib_0026;;;22J57;20221014;EcritureLib_0031;20240228;0,00;0,78;C;BQ/60;;
BQ;Banque BQ;BQ/61;20221014;62700000;CompteLib_0030;;;22J58;20221014;EcritureLib_0031;20240228;0,04;0,00;D;BQ/61;;
BQ;Banque BQ;BQ/61;20221014;51220000;CompteLib_0026;;;22J58;20221014;EcritureLib_0031;20240228;0,00;0,04;C;BQ/61;;
BQ;Banque BQ;BQ/62;20221017;62700000;CompteLib_0030;;;22J63;20221017;EcritureLib_0031;20240228;0,73;0,00;D;BQ/62;;
BQ;Banque BQ;BQ/62;20221017;51220000;CompteLib_0026;;;22J63;20221017;EcritureLib_0031;20240228;0,00;0,73;C;BQ/62;;
BQ;Banque BQ;BQ/63;20221017;51100000;CompteLib_0024;;;22J66;20221017;EcritureLib_0070;20240228;0,00;237,50;C;BQ/63;;
BQ;Banque BQ;BQ/63;20221017;51220000;CompteLib_0026;;;22J66;20221017;EcritureLib_0070;20240228;237,50;0,00;D;BQ/63;;
BQ;Banque BQ;BQ/64;20221017;60700000;CompteLib_0031;;;22J126;20221017;EcritureLib_0071;20240228;0,00;58,79;C;BQ/64;;
BQ;Banque BQ;BQ/64;20221017;44566100;CompteLib_0018;;;22J126;20221017;EcritureLib_0071;20240228;0,00;3,23;C;BQ/64;A;20240227
BQ;Banque BQ;BQ/64;20221017;51220000;CompteLib_0026;;;22J126;20221017;EcritureLib_0071;20240228;62,02;0,00;D;BQ/64;;
BQ;Banque BQ;BQ/65;20221017;44566100;CompteLib_0018;;;22J65;20221017;EcritureLib_0072;20240228;17,06;0,00;D;BQ/65;A;20240227
BQ;Banque BQ;BQ/65;20221017;60610000;CompteLib_0038;;;22J65;20221017;EcritureLib_0072;20240228;102,09;0,00;D;BQ/65;;
BQ;Banque BQ;BQ/65;20221017;51220000;CompteLib_0026;;;22J65;20221017;EcritureLib_0072;20240228;0,00;119,15;C;BQ/65;;
BQ;Banque BQ;BQ/66;20221017;44566100;CompteLib_0018;;;22J62;20221017;EcritureLib_0073;20240228;2,12;0,00;D;BQ/66;A;20240227
BQ;Banque BQ;BQ/66;20221017;60700000;CompteLib_0031;;;22J62;20221017;EcritureLib_0073;20240228;38,49;0,00;D;BQ/66;;
BQ;Banque BQ;BQ/66;20221017;51220000;CompteLib_0026;;;22J62;20221017;EcritureLib_0073;20240228;0,00;40,61;C;BQ/66;;
BQ;Banque BQ;BQ/67;20221018;60700000;CompteLib_0031;;;22J67;20221018;EcritureLib_0074;20240228;18,00;0,00;D;BQ/67;;
BQ;Banque BQ;BQ/67;20221018;51220000;CompteLib_0026;;;22J67;20221018;EcritureLib_0074;20240228;0,00;18,00;C;BQ/67;;
BQ;Banque BQ;BQ/68;20221018;62700000;CompteLib_0030;;;22J68;20221018;EcritureLib_0031;20240228;0,74;0,00;D;BQ/68;;
BQ;Banque BQ;BQ/68;20221018;51220000;CompteLib_0026;;;22J68;20221018;EcritureLib_0031;20240228;0,00;0,74;C;BQ/68;;
BQ;Banque BQ;BQ/69;20221018;51100000;CompteLib_0024;;;22J69;20221018;EcritureLib_0075;20240228;0,00;241,60;C;BQ/69;;
BQ;Banque BQ;BQ/69;20221018;51220000;CompteLib_0026;;;22J69;20221018;EcritureLib_0075;20240228;241,60;0,00;D;BQ/69;;
BQ;Banque BQ;BQ/70;20221019;51100000;CompteLib_0024;;;22J74;20221019;EcritureLib_0076;20240228;0,00;187,80;C;BQ/70;;
BQ;Banque BQ;BQ/70;20221019;51220000;CompteLib_0026;;;22J74;20221019;EcritureLib_0076;20240228;187,80;0,00;D;BQ/70;;
BQ;Banque BQ;BQ/71;20221019;51100000;CompteLib_0024;;;22J75;20221019;EcritureLib_0077;20240228;0,00;12,50;C;BQ/71;;
BQ;Banque BQ;BQ/71;20221019;51220000;CompteLib_0026;;;22J75;20221019;EcritureLib_0077;20240228;12,50;0,00;D;BQ/71;;
BQ;Banque BQ;BQ/72;20221019;60700000;CompteLib_0031;;;22J71;20221019;EcritureLib_0078;20240228;101,12;0,00;D;BQ/72;;
BQ;Banque BQ;BQ/72;20221019;44566100;CompteLib_0018;;;22J71;20221019;EcritureLib_0078;20240228;5,56;0,00;D;BQ/72;A;20240227
BQ;Banque BQ;BQ/72;20221019;51220000;CompteLib_0026;;;22J71;20221019;EcritureLib_0078;20240228;0,00;106,68;C;BQ/72;;
BQ;Banque BQ;BQ/73;20221019;51100000;CompteLib_0024;;;22J127;20221019;EcritureLib_0079;20240228;0,00;2060,40;C;BQ/73;;
BQ;Banque BQ;BQ/73;20221019;51220000;CompteLib_0026;;;22J127;20221019;EcritureLib_0079;20240228;2060,40;0,00;D;BQ/73;;
BQ;Banque BQ;BQ/74;20221019;62700000;CompteLib_0030;;;22J72;20221019;EcritureLib_0031;20240228;0,58;0,00;D;BQ/74;;
BQ;Banque BQ;BQ/74;20221019;51220000;CompteLib_0026;;;22J72;20221019;EcritureLib_0031;20240228;0,00;0,58;C;BQ/74;;
BQ;Banque BQ;BQ/75;20221019;62700000;CompteLib_0030;;;22J73;20221019;EcritureLib_0031;20240228;0,04;0,00;D;BQ/75;;
BQ;Banque BQ;BQ/75;20221019;51220000;CompteLib_0026;;;22J73;20221019;EcritureLib_0031;20240228;0,00;0,04;C;BQ/75;;
BQ;Banque BQ;BQ/76;20221020;62700000;CompteLib_0030;;;22J76;20221020;EcritureLib_0031;20240228;0,68;0,00;D;BQ/76;;
BQ;Banque BQ;BQ/76;20221020;51220000;CompteLib_0026;;;22J76;20221020;EcritureLib_0031;20240228;0,00;0,68;C;BQ/76;;
BQ;Banque BQ;BQ/77;20221020;62700000;CompteLib_0030;;;22J77;20221020;EcritureLib_0031;20240228;0,05;0,00;D;BQ/77;;
BQ;Banque BQ;BQ/77;20221020;51220000;CompteLib_0026;;;22J77;20221020;EcritureLib_0031;20240228;0,00;0,05;C;BQ/77;;
BQ;Banque BQ;BQ/78;20221020;51120000;CompteLib_0025;;;22J78;20221020;EcritureLib_0080;20240228;0,00;78,54;C;BQ/78;;
BQ;Banque BQ;BQ/78;20221020;51220000;CompteLib_0026;;;22J78;20221020;EcritureLib_0080;20240228;78,54;0,00;D;BQ/78;;
BQ;Banque BQ;BQ/79;20221020;51120000;CompteLib_0025;;;22J79;20221020;EcritureLib_0081;20240228;0,00;38,00;C;BQ/79;;
BQ;Banque BQ;BQ/79;20221020;51220000;CompteLib_0026;;;22J79;20221020;EcritureLib_0081;20240228;38,00;0,00;D;BQ/79;;
BQ;Banque BQ;BQ/80;20221020;44566100;CompteLib_0018;;;22J81;20221020;EcritureLib_0082;20240228;29,80;0,00;D;BQ/80;A;20240227
BQ;Banque BQ;BQ/80;20221020;62260000;CompteLib_0039;;;22J81;20221020;EcritureLib_0082;20240228;149,00;0,00;D;BQ/80;;
BQ;Banque BQ;BQ/80;20221020;51220000;CompteLib_0026;;;22J81;20221020;EcritureLib_0082;20240228;0,00;178,80;C;BQ/80;;
BQ;Banque BQ;BQ/81;20221020;51100000;CompteLib_0024;;;22J83;20221020;EcritureLib_0083;20240228;0,00;217,80;C;BQ/81;;
BQ;Banque BQ;BQ/81;20221020;51220000;CompteLib_0026;;;22J83;20221020;EcritureLib_0083;20240228;217,80;0,00;D;BQ/81;;
BQ;Banque BQ;BQ/82;20221020;51100000;CompteLib_0024;;;22J84;20221020;EcritureLib_0084;20240228;0,00;16,40;C;BQ/82;;
BQ;Banque BQ;BQ/82;20221020;51220000;CompteLib_0026;;;22J84;20221020;EcritureLib_0084;20240228;16,40;0,00;D;BQ/82;;
BQ;Banque BQ;BQ/83;20221020;51120000;CompteLib_0025;;;22J86;20221020;EcritureLib_0042;20240228;0,00;20,73;C;BQ/83;;
BQ;Banque BQ;BQ/83;20221020;51220000;CompteLib_0026;;;22J86;20221020;EcritureLib_0042;20240228;20,73;0,00;D;BQ/83;;
BQ;Banque BQ;BQ/84;20221020;61321000;CompteLib_0040;;;22J85;20221020;EcritureLib_0085;20240228;1135,00;0,00;D;BQ/84;;
BQ;Banque BQ;BQ/84;20221020;51220000;CompteLib_0026;;;22J85;20221020;EcritureLib_0085;20240228;0,00;1135,00;C;BQ/84;;
BQ;Banque BQ;BQ/84;20221020;61400000;CompteLib_0041;;;22J85;20221020;EcritureLib_0085;20240228;60,00;0,00;D;BQ/84;;
BQ;Banque BQ;BQ/84;20221020;51220000;CompteLib_0026;;;22J85;20221020;EcritureLib_0085;20240228;0,00;60,00;C;BQ/84;;
BQ;Banque BQ;BQ/85;20221020;60700000;CompteLib_0031;;;22J129;20221020;EcritureLib_0057;20240228;90,42;0,00;D;BQ/85;;
BQ;Banque BQ;BQ/85;20221020;44566100;CompteLib_0018;;;22J129;20221020;EcritureLib_0057;20240228;4,97;0,00;D;BQ/85;A;20240227
BQ;Banque BQ;BQ/85;20221020;51220000;CompteLib_0026;;;22J129;20221020;EcritureLib_0057;20240228;0,00;95,39;C;BQ/85;;
BQ;Banque BQ;BQ/86;20221020;61350000;CompteLib_0036;;;22J128;20221020;EcritureLib_0086;20240228;67,14;0,00;D;BQ/86;;
BQ;Banque BQ;BQ/86;20221020;44566100;CompteLib_0018;;;22J128;20221020;EcritureLib_0086;20240228;12,80;0,00;D;BQ/86;A;20240227
BQ;Banque BQ;BQ/86;20221020;51220000;CompteLib_0026;;;22J128;20221020;EcritureLib_0086;20240228;0,00;79,94;C;BQ/86;;
BQ;Banque BQ;BQ/87;20221021;51100000;CompteLib_0024;;;22J91;20221021;EcritureLib_0087;20240228;0,00;248,40;C;BQ/87;;
BQ;Banque BQ;BQ/87;20221021;51220000;CompteLib_0026;;;22J91;20221021;EcritureLib_0087;20240228;248,40;0,00;D;BQ/87;;
BQ;Banque BQ;BQ/88;20221021;60700000;CompteLib_0031;;;22J131;20221021;EcritureLib_0088;20240228;111,13;0,00;D;BQ/88;;
BQ;Banque BQ;BQ/88;20221021;44566100;CompteLib_0018;;;22J131;20221021;EcritureLib_0088;20240228;6,11;0,00;D;BQ/88;A;20240227
BQ;Banque BQ;BQ/88;20221021;51220000;CompteLib_0026;;;22J131;20221021;EcritureLib_0088;20240228;0,00;117,24;C;BQ/88;;
BQ;Banque BQ;BQ/89;20221021;44566100;CompteLib_0018;;;22J89;20221021;EcritureLib_0089;20240228;1,80;0,00;D;BQ/89;A;20240227
BQ;Banque BQ;BQ/89;20221021;60700000;CompteLib_0031;;;22J89;20221021;EcritureLib_0089;20240228;32,70;0,00;D;BQ/89;;
BQ;Banque BQ;BQ/89;20221021;51220000;CompteLib_0026;;;22J89;20221021;EcritureLib_0089;20240228;0,00;34,50;C;BQ/89;;
BQ;Banque BQ;BQ/90;20221021;51100000;CompteLib_0024;;;22J130;20221021;EcritureLib_0090;20240228;0,00;5,73;C;BQ/90;;
BQ;Banque BQ;BQ/90;20221021;51220000;CompteLib_0026;;;22J130;20221021;EcritureLib_0090;20240228;5,73;0,00;D;BQ/90;;
BQ;Banque BQ;BQ/91;20221021;62700000;CompteLib_0030;;;22J90;20221021;EcritureLib_0031;20240228;0,75;0,00;D;BQ/91;;
BQ;Banque BQ;BQ/91;20221021;51220000;CompteLib_0026;;;22J90;20221021;EcritureLib_0031;20240228;0,00;0,75;C;BQ/91;;
BQ;Banque BQ;BQ/92;20221024;51100000;CompteLib_0024;;;22J98;20221024;EcritureLib_0091;20240228;0,00;52,40;C;BQ/92;;
BQ;Banque BQ;BQ/92;20221024;51220000;CompteLib_0026;;;22J98;20221024;EcritureLib_0091;20240228;52,40;0,00;D;BQ/92;;
BQ;Banque BQ;BQ/93;20221024;60700000;CompteLib_0031;;;22J132;20221024;EcritureLib_0092;20240228;12,34;0,00;D;BQ/93;;
BQ;Banque BQ;BQ/93;20221024;44566100;CompteLib_0018;;;22J132;20221024;EcritureLib_0092;20240228;0,68;0,00;D;BQ/93;A;20240227
BQ;Banque BQ;BQ/93;20221024;51220000;CompteLib_0026;;;22J132;20221024;EcritureLib_0092;20240228;0,00;13,02;C;BQ/93;;
BQ;Banque BQ;BQ/93;20221024;60630000;CompteLib_0032;;;22J132;20221024;EcritureLib_0092;20240228;23,90;0,00;D;BQ/93;;
BQ;Banque BQ;BQ/93;20221024;44566100;CompteLib_0018;;;22J132;20221024;EcritureLib_0092;20240228;4,78;0,00;D;BQ/93;A;20240227
BQ;Banque BQ;BQ/93;20221024;51220000;CompteLib_0026;;;22J132;20221024;EcritureLib_0092;20240228;0,00;28,68;C;BQ/93;;
BQ;Banque BQ;BQ/94;20221024;51100000;CompteLib_0024;;;22J97;20221024;EcritureLib_0093;20240228;0,00;190,20;C;BQ/94;;
BQ;Banque BQ;BQ/94;20221024;51220000;CompteLib_0026;;;22J97;20221024;EcritureLib_0093;20240228;190,20;0,00;D;BQ/94;;
BQ;Banque BQ;BQ/95;20221024;44566100;CompteLib_0018;;;22J93;20221024;EcritureLib_0092;20240228;1,27;0,00;D;BQ/95;A;20240227
BQ;Banque BQ;BQ/95;20221024;60700000;CompteLib_0031;;;22J93;20221024;EcritureLib_0092;20240228;23,00;0,00;D;BQ/95;;
BQ;Banque BQ;BQ/95;20221024;51220000;CompteLib_0026;;;22J93;20221024;EcritureLib_0092;20240228;0,00;24,27;C;BQ/95;;
BQ;Banque BQ;BQ/96;20221024;51120000;CompteLib_0025;;;22J133;20221024;EcritureLib_0094;20240228;0,00;6,22;C;BQ/96;;
BQ;Banque BQ;BQ/96;20221024;51220000;CompteLib_0026;;;22J133;20221024;EcritureLib_0094;20240228;6,22;0,00;D;BQ/96;;
BQ;Banque BQ;BQ/97;20221024;62700000;CompteLib_0030;;;22J94;20221024;EcritureLib_0031;20240228;0,57;0,00;D;BQ/97;;
BQ;Banque BQ;BQ/97;20221024;51220000;CompteLib_0026;;;22J94;20221024;EcritureLib_0031;20240228;0,00;0,57;C;BQ/97;;
BQ;Banque BQ;BQ/98;20221024;62700000;CompteLib_0030;;;22J95;20221024;EcritureLib_0031;20240228;0,18;0,00;D;BQ/98;;
BQ;Banque BQ;BQ/98;20221024;51220000;CompteLib_0026;;;22J95;20221024;EcritureLib_0031;20240228;0,00;0,18;C;BQ/98;;
BQ;Banque BQ;BQ/99;20221025;51120000;CompteLib_0025;;;22J99;20221025;EcritureLib_0095;20240228;0,00;99,21;C;BQ/99;;
BQ;Banque BQ;BQ/99;20221025;51220000;CompteLib_0026;;;22J99;20221025;EcritureLib_0095;20240228;99,21;0,00;D;BQ/99;;
BQ;Banque BQ;BQ/100;20221025;51120000;CompteLib_0025;;;22J100;20221025;EcritureLib_0096;20240228;0,00;15,57;C;BQ/100;;
BQ;Banque BQ;BQ/100;20221025;51220000;CompteLib_0026;;;22J100;20221025;EcritureLib_0096;20240228;15,57;0,00;D;BQ/100;;
BQ;Banque BQ;BQ/101;20221026;51120000;CompteLib_0025;;;22J101;20221026;EcritureLib_0097;20240228;0,00;19,49;C;BQ/101;;
BQ;Banque BQ;BQ/101;20221026;51220000;CompteLib_0026;;;22J101;20221026;EcritureLib_0097;20240228;19,49;0,00;D;BQ/101;;
BQ;Banque BQ;BQ/102;20221026;61321000;CompteLib_0040;;;22J102;20221026;EcritureLib_0085;20240228;1135,00;0,00;D;BQ/102;;
BQ;Banque BQ;BQ/102;20221026;51220000;CompteLib_0026;;;22J102;20221026;EcritureLib_0085;20240228;0,00;1135,00;C;BQ/102;;
BQ;Banque BQ;BQ/102;20221026;61400000;CompteLib_0041;;;22J102;20221026;EcritureLib_0085;20240228;60,00;0,00;D;BQ/102;;
BQ;Banque BQ;BQ/102;20221026;51220000;CompteLib_0026;;;22J102;20221026;EcritureLib_0085;20240228;0,00;60,00;C;BQ/102;;
BQ;Banque BQ;BQ/103;20221026;62700000;CompteLib_0030;;;22J103;20221026;EcritureLib_0098;20240228;5,08;0,00;D;BQ/103;;
BQ;Banque BQ;BQ/103;20221026;51220000;CompteLib_0026;;;22J103;20221026;EcritureLib_0098;20240228;0,00;5,08;C;BQ/103;;
BQ;Banque BQ;BQ/104;20221026;62700000;CompteLib_0030;;;22J104;20221026;EcritureLib_0099;20240228;5,08;0,00;D;BQ/104;;
BQ;Banque BQ;BQ/104;20221026;51220000;CompteLib_0026;;;22J104;20221026;EcritureLib_0099;20240228;0,00;5,08;C;BQ/104;;
BQ;Banque BQ;BQ/105;20221028;51120000;CompteLib_0025;;;22J106;20221028;EcritureLib_0100;20240228;0,00;18,55;C;BQ/105;;
BQ;Banque BQ;BQ/105;20221028;51220000;CompteLib_0026;;;22J106;20221028;EcritureLib_0100;20240228;18,55;0,00;D;BQ/105;;
BQ;Banque BQ;BQ/106;20221028;62700000;CompteLib_0030;;;22J105;20221028;EcritureLib_0101;20240228;18,10;0,00;D;BQ/106;;
BQ;Banque BQ;BQ/106;20221028;51220000;CompteLib_0026;;;22J105;20221028;EcritureLib_0101;20240228;0,00;18,10;C;BQ/106;;
BQ;Banque BQ;BQ/107;20221028;62700000;CompteLib_0030;;;22J107;20221028;EcritureLib_0102;20240228;0,00;0,57;C;BQ/107;;
BQ;Banque BQ;BQ/107;20221028;51220000;CompteLib_0026;;;22J107;20221028;EcritureLib_0102;20240228;0,57;0,00;D;BQ/107;;
BQ;Banque BQ;BQ/108;20221028;44566100;CompteLib_0018;;;22J108;20221028;EcritureLib_0103;20240228;6,33;0,00;D;BQ/108;A;20240227
BQ;Banque BQ;BQ/108;20221028;62600000;CompteLib_0035;;;22J108;20221028;EcritureLib_0103;20240228;31,66;0,00;D;BQ/108;;
BQ;Banque BQ;BQ/108;20221028;51220000;CompteLib_0026;;;22J108;20221028;EcritureLib_0103;20240228;0,00;37,99;C;BQ/108;;
BQ;Banque BQ;BQ/109;20221031;60700000;CompteLib_0031;;;22J109;20221031;EcritureLib_0057;20240228;37,06;0,00;D;BQ/109;;
BQ;Banque BQ;BQ/109;20221031;51220000;CompteLib_0026;;;22J109;20221031;EcritureLib_0057;20240228;0,00;37,06;C;BQ/109;;
BQ;Banque BQ;BQ/110;20221102;62700000;CompteLib_0030;;;22K1;20221102;EcritureLib_0030;20240228;4,10;0,00;D;BQ/110;;
BQ;Banque BQ;BQ/110;20221102;51220000;CompteLib_0026;;;22K1;20221102;EcritureLib_0030;20240228;0,00;4,10;C;BQ/110;;
BQ;Banque BQ;BQ/111;20221102;60630000;CompteLib_0032;;;22K105;20221102;EcritureLib_0104;20240228;47,02;0,00;D;BQ/111;;
BQ;Banque BQ;BQ/111;20221102;44566100;CompteLib_0018;;;22K105;20221102;EcritureLib_0104;20240228;9,41;0,00;D;BQ/111;A;20240227
BQ;Banque BQ;BQ/111;20221102;51220000;CompteLib_0026;;;22K105;20221102;EcritureLib_0104;20240228;0,00;56,43;C;BQ/111;;
BQ;Banque BQ;BQ/111;20221102;60700000;CompteLib_0031;;;22K105;20221102;EcritureLib_0104;20240228;137,75;0,00;D;BQ/111;;
BQ;Banque BQ;BQ/111;20221102;44566100;CompteLib_0018;;;22K105;20221102;EcritureLib_0104;20240228;7,58;0,00;D;BQ/111;A;20240227
BQ;Banque BQ;BQ/111;20221102;51220000;CompteLib_0026;;;22K105;20221102;EcritureLib_0104;20240228;0,00;145,33;C;BQ/111;;
BQ;Banque BQ;BQ/112;20221102;65160000;CompteLib_0033;;;22K106;20221102;EcritureLib_0039;20240228;37,83;0,00;D;BQ/112;;
BQ;Banque BQ;BQ/112;20221102;44566100;CompteLib_0018;;;22K106;20221102;EcritureLib_0039;20240228;3,74;0,00;D;BQ/112;A;20240227
BQ;Banque BQ;BQ/112;20221102;51220000;CompteLib_0026;;;22K106;20221102;EcritureLib_0039;20240228;0,00;41,57;C;BQ/112;;
BQ;Banque BQ;BQ/113;20221102;65160000;CompteLib_0033;;;22K4;20221102;EcritureLib_0043;20240228;24,58;0,00;D;BQ/113;;
BQ;Banque BQ;BQ/113;20221102;51220000;CompteLib_0026;;;22K4;20221102;EcritureLib_0043;20240228;0,00;24,58;C;BQ/113;;
BQ;Banque BQ;BQ/114;20221103;60700000;CompteLib_0031;;;22K6;20221103;EcritureLib_0105;20240228;35,15;0,00;D;BQ/114;;
BQ;Banque BQ;BQ/114;20221103;51220000;CompteLib_0026;;;22K6;20221103;EcritureLib_0105;20240228;0,00;35,15;C;BQ/114;;
BQ;Banque BQ;BQ/115;20221103;60700000;CompteLib_0031;;;22K107;20221103;EcritureLib_0106;20240228;6,07;0,00;D;BQ/115;;
BQ;Banque BQ;BQ/115;20221103;44566100;CompteLib_0018;;;22K107;20221103;EcritureLib_0106;20240228;0,33;0,00;D;BQ/115;A;20240227
BQ;Banque BQ;BQ/115;20221103;51220000;CompteLib_0026;;;22K107;20221103;EcritureLib_0106;20240228;0,00;6,40;C;BQ/115;;
BQ;Banque BQ;BQ/115;20221103;60630000;CompteLib_0032;;;22K107;20221103;EcritureLib_0106;20240228;12,47;0,00;D;BQ/115;;
BQ;Banque BQ;BQ/115;20221103;44566100;CompteLib_0018;;;22K107;20221103;EcritureLib_0106;20240228;2,49;0,00;D;BQ/115;A;20240227
BQ;Banque BQ;BQ/115;20221103;51220000;CompteLib_0026;;;22K107;20221103;EcritureLib_0106;20240228;0,00;14,96;C;BQ/115;;
BQ;Banque BQ;BQ/116;20221104;60700000;CompteLib_0031;;;22K108;20221104;EcritureLib_0107;20240228;318,72;0,00;D;BQ/116;;
BQ;Banque BQ;BQ/116;20221104;44566100;CompteLib_0018;;;22K108;20221104;EcritureLib_0107;20240228;17,53;0,00;D;BQ/116;A;20240227
BQ;Banque BQ;BQ/116;20221104;51220000;CompteLib_0026;;;22K108;20221104;EcritureLib_0107;20240228;0,00;336,25;C;BQ/116;;
BQ;Banque BQ;BQ/116;20221104;60630000;CompteLib_0032;;;22K108;20221104;EcritureLib_0107;20240228;29,32;0,00;D;BQ/116;;
BQ;Banque BQ;BQ/116;20221104;44566100;CompteLib_0018;;;22K108;20221104;EcritureLib_0107;20240228;5,86;0,00;D;BQ/116;A;20240227
BQ;Banque BQ;BQ/116;20221104;51220000;CompteLib_0026;;;22K108;20221104;EcritureLib_0107;20240228;0,00;35,18;C;BQ/116;;
BQ;Banque BQ;BQ/117;20221104;60700000;CompteLib_0031;;;22K7;20221104;EcritureLib_0108;20240228;52,60;0,00;D;BQ/117;;
BQ;Banque BQ;BQ/117;20221104;44566100;CompteLib_0018;;;22K7;20221104;EcritureLib_0108;20240228;2,89;0,00;D;BQ/117;A;20240227
BQ;Banque BQ;BQ/117;20221104;51220000;CompteLib_0026;;;22K7;20221104;EcritureLib_0108;20240228;0,00;55,49;C;BQ/117;;
BQ;Banque BQ;BQ/118;20221104;51120000;CompteLib_0025;;;22K9;20221104;EcritureLib_0042;20240228;0,00;13,65;C;BQ/118;;
BQ;Banque BQ;BQ/118;20221104;51220000;CompteLib_0026;;;22K9;20221104;EcritureLib_0042;20240228;13,65;0,00;D;BQ/118;;
BQ;Banque BQ;BQ/119;20221107;44566100;CompteLib_0018;;;22K13;20221107;EcritureLib_0109;20240228;1,61;0,00;D;BQ/119;A;20240227
BQ;Banque BQ;BQ/119;20221107;60700000;CompteLib_0031;;;22K13;20221107;EcritureLib_0109;20240228;29,34;0,00;D;BQ/119;;
BQ;Banque BQ;BQ/119;20221107;51220000;CompteLib_0026;;;22K13;20221107;EcritureLib_0109;20240228;0,00;30,95;C;BQ/119;;
BQ;Banque BQ;BQ/120;20221107;62700000;CompteLib_0030;;;22K10;20221107;EcritureLib_0031;20240228;0,20;0,00;D;BQ/120;;
BQ;Banque BQ;BQ/120;20221107;51220000;CompteLib_0026;;;22K10;20221107;EcritureLib_0031;20240228;0,00;0,20;C;BQ/120;;
BQ;Banque BQ;BQ/121;20221107;61600000;CompteLib_0034;;;22K11;20221107;EcritureLib_0041;20240228;64,12;0,00;D;BQ/121;;
BQ;Banque BQ;BQ/121;20221107;51220000;CompteLib_0026;;;22K11;20221107;EcritureLib_0041;20240228;0,00;64,12;C;BQ/121;;
BQ;Banque BQ;BQ/122;20221107;51100000;CompteLib_0024;;;22K12;20221107;EcritureLib_0110;20240228;0,00;65,30;C;BQ/122;;
BQ;Banque BQ;BQ/122;20221107;51220000;CompteLib_0026;;;22K12;20221107;EcritureLib_0110;20240228;65,30;0,00;D;BQ/122;;
BQ;Banque BQ;BQ/123;20221108;60700000;CompteLib_0031;;;22K14;20221108;EcritureLib_0111;20240228;60,00;0,00;D;BQ/123;;
BQ;Banque BQ;BQ/123;20221108;51220000;CompteLib_0026;;;22K14;20221108;EcritureLib_0111;20240228;0,00;60,00;C;BQ/123;;
BQ;Banque BQ;BQ/124;20221109;62700000;CompteLib_0030;;;22K18;20221109;EcritureLib_0031;20240228;0,69;0,00;D;BQ/124;;
BQ;Banque BQ;BQ/124;20221109;51220000;CompteLib_0026;;;22K18;20221109;EcritureLib_0031;20240228;0,00;0,69;C;BQ/124;;
BQ;Banque BQ;BQ/125;20221109;60700000;CompteLib_0031;;;22K110;20221109;EcritureLib_0112;20240228;107,10;0,00;D;BQ/125;;
BQ;Banque BQ;BQ/125;20221109;51220000;CompteLib_0026;;;22K110;20221109;EcritureLib_0112;20240228;0,00;112,99;C;BQ/125;;
BQ;Banque BQ;BQ/125;20221109;44566100;CompteLib_0018;;;22K110;20221109;EcritureLib_0112;20240228;5,89;0,00;D;BQ/125;A;20240227
BQ;Banque BQ;BQ/126;20221109;44566100;CompteLib_0018;;;22K17;20221109;EcritureLib_0113;20240228;1,88;0,00;D;BQ/126;A;20240227
BQ;Banque BQ;BQ/126;20221109;60700000;CompteLib_0031;;;22K17;20221109;EcritureLib_0113;20240228;34,12;0,00;D;BQ/126;;
BQ;Banque BQ;BQ/126;20221109;51220000;CompteLib_0026;;;22K17;20221109;EcritureLib_0113;20240228;0,00;36,00;C;BQ/126;;
BQ;Banque BQ;BQ/127;20221109;60700000;CompteLib_0031;;;22K109;20221109;EcritureLib_0114;20240228;17,71;0,00;D;BQ/127;;
BQ;Banque BQ;BQ/127;20221109;44566100;CompteLib_0018;;;22K109;20221109;EcritureLib_0114;20240228;0,97;0,00;D;BQ/127;A;20240227
BQ;Banque BQ;BQ/127;20221109;51220000;CompteLib_0026;;;22K109;20221109;EcritureLib_0114;20240228;0,00;18,68;C;BQ/127;;
BQ;Banque BQ;BQ/127;20221109;60630000;CompteLib_0032;;;22K109;20221109;EcritureLib_0114;20240228;3,78;0,00;D;BQ/127;;
BQ;Banque BQ;BQ/127;20221109;44566100;CompteLib_0018;;;22K109;20221109;EcritureLib_0114;20240228;0,76;0,00;D;BQ/127;A;20240227
BQ;Banque BQ;BQ/127;20221109;51220000;CompteLib_0026;;;22K109;20221109;EcritureLib_0114;20240228;0,00;4,54;C;BQ/127;;
BQ;Banque BQ;BQ/128;20221109;51100000;CompteLib_0024;;;22K20;20221109;EcritureLib_0115;20240228;0,00;230,90;C;BQ/128;;
BQ;Banque BQ;BQ/128;20221109;51220000;CompteLib_0026;;;22K20;20221109;EcritureLib_0115;20240228;230,90;0,00;D;BQ/128;;
BQ;Banque BQ;BQ/129;20221109;62600000;CompteLib_0035;;;22K19;20221109;EcritureLib_0054;20240228;15,00;0,00;D;BQ/129;;
BQ;Banque BQ;BQ/129;20221109;44566100;CompteLib_0018;;;22K19;20221109;EcritureLib_0054;20240228;3,00;0,00;D;BQ/129;A;20240227
BQ;Banque BQ;BQ/129;20221109;51220000;CompteLib_0026;;;22K19;20221109;EcritureLib_0054;20240228;0,00;18,00;C;BQ/129;;
BQ;Banque BQ;BQ/130;20221110;62700000;CompteLib_0030;;;22K25;20221110;EcritureLib_0031;20240228;0,03;0,00;D;BQ/130;;
BQ;Banque BQ;BQ/130;20221110;51220000;CompteLib_0026;;;22K25;20221110;EcritureLib_0031;20240228;0,00;0,03;C;BQ/130;;
BQ;Banque BQ;BQ/131;20221110;60700000;CompteLib_0031;;;22K112;20221110;EcritureLib_0057;20240228;95,32;0,00;D;BQ/131;;
BQ;Banque BQ;BQ/131;20221110;51220000;CompteLib_0026;;;22K112;20221110;EcritureLib_0057;20240228;0,00;100,56;C;BQ/131;;
BQ;Banque BQ;BQ/131;20221110;44566100;CompteLib_0018;;;22K112;20221110;EcritureLib_0057;20240228;5,24;0,00;D;BQ/131;A;20240227
BQ;Banque BQ;BQ/132;20221110;51100000;CompteLib_0024;;;22K28;20221110;EcritureLib_0116;20240228;0,00;192,60;C;BQ/132;;
BQ;Banque BQ;BQ/132;20221110;51220000;CompteLib_0026;;;22K28;20221110;EcritureLib_0116;20240228;192,60;0,00;D;BQ/132;;
BQ;Banque BQ;BQ/133;20221110;61350000;CompteLib_0036;;;22K111;20221110;EcritureLib_0117;20240228;310,07;0,00;D;BQ/133;;
BQ;Banque BQ;BQ/133;20221110;44566100;CompteLib_0018;;;22K111;20221110;EcritureLib_0117;20240228;62,01;0,00;D;BQ/133;A;20240227
BQ;Banque BQ;BQ/133;20221110;51220000;CompteLib_0026;;;22K111;20221110;EcritureLib_0117;20240228;0,00;372,08;C;BQ/133;;
BQ;Banque BQ;BQ/134;20221110;51130000;CompteLib_0042;;;22K32;20221110;EcritureLib_0118;20240228;0,00;44,44;C;BQ/134;;
BQ;Banque BQ;BQ/134;20221110;51220000;CompteLib_0026;;;22K32;20221110;EcritureLib_0118;20240228;44,44;0,00;D;BQ/134;;
BQ;Banque BQ;BQ/135;20221110;51100000;CompteLib_0024;;;22K31;20221110;EcritureLib_0119;20240228;0,00;8,50;C;BQ/135;;
BQ;Banque BQ;BQ/135;20221110;51220000;CompteLib_0026;;;22K31;20221110;EcritureLib_0119;20240228;8,50;0,00;D;BQ/135;;
BQ;Banque BQ;BQ/136;20221110;62700000;CompteLib_0030;;;22K24;20221110;EcritureLib_0031;20240228;0,59;0,00;D;BQ/136;;
BQ;Banque BQ;BQ/136;20221110;51220000;CompteLib_0026;;;22K24;20221110;EcritureLib_0031;20240228;0,00;0,59;C;BQ/136;;
BQ;Banque BQ;BQ/137;20221110;62700000;CompteLib_0030;;;22K23;20221110;EcritureLib_0031;20240228;0,64;0,00;D;BQ/137;;
BQ;Banque BQ;BQ/137;20221110;51220000;CompteLib_0026;;;22K23;20221110;EcritureLib_0031;20240228;0,00;0,64;C;BQ/137;;
BQ;Banque BQ;BQ/138;20221110;62700000;CompteLib_0030;;;22K22;20221110;EcritureLib_0031;20240228;0,65;0,00;D;BQ/138;;
BQ;Banque BQ;BQ/138;20221110;51220000;CompteLib_0026;;;22K22;20221110;EcritureLib_0031;20240228;0,00;0,65;C;BQ/138;;
BQ;Banque BQ;BQ/139;20221110;51120000;CompteLib_0025;;;22K26;20221110;EcritureLib_0120;20240228;0,00;18,51;C;BQ/139;;
BQ;Banque BQ;BQ/139;20221110;51220000;CompteLib_0026;;;22K26;20221110;EcritureLib_0120;20240228;18,51;0,00;D;BQ/139;;
BQ;Banque BQ;BQ/140;20221110;51100000;CompteLib_0024;;;22K29;20221110;EcritureLib_0121;20240228;0,00;123,20;C;BQ/140;;
BQ;Banque BQ;BQ/140;20221110;51220000;CompteLib_0026;;;22K29;20221110;EcritureLib_0121;20240228;123,20;0,00;D;BQ/140;;
BQ;Banque BQ;BQ/141;20221110;51100000;CompteLib_0024;;;22K30;20221110;EcritureLib_0122;20240228;0,00;210,30;C;BQ/141;;
BQ;Banque BQ;BQ/141;20221110;51220000;CompteLib_0026;;;22K30;20221110;EcritureLib_0122;20240228;210,30;0,00;D;BQ/141;;
BQ;Banque BQ;BQ/142;20221114;60261000;CompteLib_0043;;;22K38;20221114;EcritureLib_0123;20240228;196,00;0,00;D;BQ/142;;
BQ;Banque BQ;BQ/142;20221114;51220000;CompteLib_0026;;;22K38;20221114;EcritureLib_0123;20240228;0,00;196,00;C;BQ/142;;
BQ;Banque BQ;BQ/143;20221114;60700000;CompteLib_0031;;;22K33;20221114;EcritureLib_0124;20240228;35,33;0,00;D;BQ/143;;
BQ;Banque BQ;BQ/143;20221114;44566100;CompteLib_0018;;;22K33;20221114;EcritureLib_0124;20240228;1,94;0,00;D;BQ/143;A;20240227
BQ;Banque BQ;BQ/143;20221114;51220000;CompteLib_0026;;;22K33;20221114;EcritureLib_0124;20240228;0,00;37,27;C;BQ/143;;
BQ;Banque BQ;BQ/143;20221114;60700000;CompteLib_0031;;;22K33;20221114;EcritureLib_0124;20240228;10,99;0,00;D;BQ/143;;
BQ;Banque BQ;BQ/143;20221114;44566100;CompteLib_0018;;;22K33;20221114;EcritureLib_0124;20240228;2,20;0,00;D;BQ/143;A;20240227
BQ;Banque BQ;BQ/143;20221114;51220000;CompteLib_0026;;;22K33;20221114;EcritureLib_0124;20240228;0,00;13,19;C;BQ/143;;
BQ;Banque BQ;BQ/144;20221114;51100000;CompteLib_0024;;;22K39;20221114;EcritureLib_0125;20240228;0,00;372,08;C;BQ/144;;
BQ;Banque BQ;BQ/144;20221114;51220000;CompteLib_0026;;;22K39;20221114;EcritureLib_0125;20240228;372,08;0,00;D;BQ/144;;
BQ;Banque BQ;BQ/145;20221114;51100000;CompteLib_0024;;;22K37;20221114;EcritureLib_0126;20240228;0,00;45,40;C;BQ/145;;
BQ;Banque BQ;BQ/145;20221114;51220000;CompteLib_0026;;;22K37;20221114;EcritureLib_0126;20240228;45,40;0,00;D;BQ/145;;
BQ;Banque BQ;BQ/146;20221114;51100000;CompteLib_0024;;;22K36;20221114;EcritureLib_0127;20240228;0,00;202,60;C;BQ/146;;
BQ;Banque BQ;BQ/146;20221114;51220000;CompteLib_0026;;;22K36;20221114;EcritureLib_0127;20240228;202,60;0,00;D;BQ/146;;
BQ;Banque BQ;BQ/147;20221114;62700000;CompteLib_0030;;;22K35;20221114;EcritureLib_0031;20240228;0,15;0,00;D;BQ/147;;
BQ;Banque BQ;BQ/147;20221114;51220000;CompteLib_0026;;;22K35;20221114;EcritureLib_0031;20240228;0,00;0,15;C;BQ/147;;
BQ;Banque BQ;BQ/148;20221114;62700000;CompteLib_0030;;;22K34;20221114;EcritureLib_0031;20240228;0,62;0,00;D;BQ/148;;
BQ;Banque BQ;BQ/148;20221114;51220000;CompteLib_0026;;;22K34;20221114;EcritureLib_0031;20240228;0,00;0,62;C;BQ/148;;
BQ;Banque BQ;BQ/149;20221115;51100000;CompteLib_0024;;;22K43;20221115;EcritureLib_0128;20240228;0,00;304,70;C;BQ/149;;
BQ;Banque BQ;BQ/149;20221115;51220000;CompteLib_0026;;;22K43;20221115;EcritureLib_0128;20240228;304,70;0,00;D;BQ/149;;
BQ;Banque BQ;BQ/150;20221115;60630000;CompteLib_0032;;;22K45;20221115;EcritureLib_0123;20240228;161,40;0,00;D;BQ/150;;
BQ;Banque BQ;BQ/150;20221115;51220000;CompteLib_0026;;;22K45;20221115;EcritureLib_0123;20240228;0,00;161,40;C;BQ/150;;
BQ;Banque BQ;BQ/151;20221115;62700000;CompteLib_0030;;;22K41;20221115;EcritureLib_0031;20240228;0,91;0,00;D;BQ/151;;
BQ;Banque BQ;BQ/151;20221115;51220000;CompteLib_0026;;;22K41;20221115;EcritureLib_0031;20240228;0,00;0,91;C;BQ/151;;
BQ;Banque BQ;BQ/152;20221115;62700000;CompteLib_0030;;;22K42;20221115;EcritureLib_0031;20240228;0,15;0,00;D;BQ/152;;
BQ;Banque BQ;BQ/152;20221115;51220000;CompteLib_0026;;;22K42;20221115;EcritureLib_0031;20240228;0,00;0,15;C;BQ/152;;
BQ;Banque BQ;BQ/153;20221115;51100000;CompteLib_0024;;;22K44;20221115;EcritureLib_0129;20240228;0,00;50,80;C;BQ/153;;
BQ;Banque BQ;BQ/153;20221115;51220000;CompteLib_0026;;;22K44;20221115;EcritureLib_0129;20240228;50,80;0,00;D;BQ/153;;
BQ;Banque BQ;BQ/154;20221115;51120000;CompteLib_0025;;;22K46;20221115;EcritureLib_0042;20240228;0,00;8,02;C;BQ/154;;
BQ;Banque BQ;BQ/154;20221115;51220000;CompteLib_0026;;;22K46;20221115;EcritureLib_0042;20240228;8,02;0,00;D;BQ/154;;
BQ;Banque BQ;BQ/155;20221115;60700000;CompteLib_0031;;;22K40;20221115;EcritureLib_0130;20240228;5,00;0,00;D;BQ/155;;
BQ;Banque BQ;BQ/155;20221115;51220000;CompteLib_0026;;;22K40;20221115;EcritureLib_0130;20240228;0,00;5,00;C;BQ/155;;
BQ;Banque BQ;BQ/156;20221116;51100000;CompteLib_0024;;;22K53;20221116;EcritureLib_0131;20240228;0,00;21,40;C;BQ/156;;
BQ;Banque BQ;BQ/156;20221116;51220000;CompteLib_0026;;;22K53;20221116;EcritureLib_0131;20240228;21,40;0,00;D;BQ/156;;
BQ;Banque BQ;BQ/157;20221116;44566100;CompteLib_0018;;;22K47;20221116;EcritureLib_0132;20240228;1,55;0,00;D;BQ/157;A;20240227
BQ;Banque BQ;BQ/157;20221116;60700000;CompteLib_0031;;;22K47;20221116;EcritureLib_0132;20240228;28,20;0,00;D;BQ/157;;
BQ;Banque BQ;BQ/157;20221116;51220000;CompteLib_0026;;;22K47;20221116;EcritureLib_0132;20240228;0,00;29,75;C;BQ/157;;
BQ;Banque BQ;BQ/158;20221116;60630000;CompteLib_0032;;;22K113;20221116;EcritureLib_0133;20240228;522,51;0,00;D;BQ/158;;
BQ;Banque BQ;BQ/158;20221116;51220000;CompteLib_0026;;;22K113;20221116;EcritureLib_0133;20240228;0,00;627,02;C;BQ/158;;
BQ;Banque BQ;BQ/158;20221116;44566100;CompteLib_0018;;;22K113;20221116;EcritureLib_0133;20240228;104,51;0,00;D;BQ/158;A;20240227
BQ;Banque BQ;BQ/159;20221116;62700000;CompteLib_0030;;;22K49;20221116;EcritureLib_0031;20240228;0,56;0,00;D;BQ/159;;
BQ;Banque BQ;BQ/159;20221116;51220000;CompteLib_0026;;;22K49;20221116;EcritureLib_0031;20240228;0,00;0,56;C;BQ/159;;
BQ;Banque BQ;BQ/160;20221116;62700000;CompteLib_0030;;;22K50;20221116;EcritureLib_0031;20240228;0,06;0,00;D;BQ/160;;
BQ;Banque BQ;BQ/160;20221116;51220000;CompteLib_0026;;;22K50;20221116;EcritureLib_0031;20240228;0,00;0,06;C;BQ/160;;
BQ;Banque BQ;BQ/161;20221116;44566100;CompteLib_0018;;;22K51;20221116;EcritureLib_0082;20240228;29,80;0,00;D;BQ/161;A;20240227
BQ;Banque BQ;BQ/161;20221116;62260000;CompteLib_0039;;;22K51;20221116;EcritureLib_0082;20240228;149,00;0,00;D;BQ/161;;
BQ;Banque BQ;BQ/161;20221116;51220000;CompteLib_0026;;;22K51;20221116;EcritureLib_0082;20240228;0,00;178,80;C;BQ/161;;
BQ;Banque BQ;BQ/162;20221116;51100000;CompteLib_0024;;;22K52;20221116;EcritureLib_0134;20240228;0,00;186,90;C;BQ/162;;
BQ;Banque BQ;BQ/162;20221116;51220000;CompteLib_0026;;;22K52;20221116;EcritureLib_0134;20240228;186,90;0,00;D;BQ/162;;
BQ;Banque BQ;BQ/163;20221117;62700000;CompteLib_0030;;;22K55;20221117;EcritureLib_0031;20240228;0,03;0,00;D;BQ/163;;
BQ;Banque BQ;BQ/163;20221117;51220000;CompteLib_0026;;;22K55;20221117;EcritureLib_0031;20240228;0,00;0,03;C;BQ/163;;
BQ;Banque BQ;BQ/164;20221117;44566100;CompteLib_0018;;;22K57;20221117;EcritureLib_0072;20240228;18,46;0,00;D;BQ/164;A;20240227
BQ;Banque BQ;BQ/164;20221117;60610000;CompteLib_0038;;;22K57;20221117;EcritureLib_0072;20240228;109,00;0,00;D;BQ/164;;
BQ;Banque BQ;BQ/164;20221117;51220000;CompteLib_0026;;;22K57;20221117;EcritureLib_0072;20240228;0,00;127,46;C;BQ/164;;
BQ;Banque BQ;BQ/165;20221117;62700000;CompteLib_0030;;;22K54;20221117;EcritureLib_0031;20240228;1,00;0,00;D;BQ/165;;
BQ;Banque BQ;BQ/165;20221117;51220000;CompteLib_0026;;;22K54;20221117;EcritureLib_0031;20240228;0,00;1,00;C;BQ/165;;
BQ;Banque BQ;BQ/166;20221117;51100000;CompteLib_0024;;;22K58;20221117;EcritureLib_0135;20240228;0,00;320,50;C;BQ/166;;
BQ;Banque BQ;BQ/166;20221117;51220000;CompteLib_0026;;;22K58;20221117;EcritureLib_0135;20240228;320,50;0,00;D;BQ/166;;
BQ;Banque BQ;BQ/167;20221117;51120000;CompteLib_0025;;;22K56;20221117;EcritureLib_0136;20240228;0,00;14,19;C;BQ/167;;
BQ;Banque BQ;BQ/167;20221117;51220000;CompteLib_0026;;;22K56;20221117;EcritureLib_0136;20240228;14,19;0,00;D;BQ/167;;
BQ;Banque BQ;BQ/168;20221117;51100000;CompteLib_0024;;;22K59;20221117;EcritureLib_0137;20240228;0,00;9,90;C;BQ/168;;
BQ;Banque BQ;BQ/168;20221117;51220000;CompteLib_0026;;;22K59;20221117;EcritureLib_0137;20240228;9,90;0,00;D;BQ/168;;
BQ;Banque BQ;BQ/169;20221118;51120000;CompteLib_0025;;;22K60;20221118;EcritureLib_0138;20240228;0,00;17,91;C;BQ/169;;
BQ;Banque BQ;BQ/169;20221118;51220000;CompteLib_0026;;;22K60;20221118;EcritureLib_0138;20240228;17,91;0,00;D;BQ/169;;
BQ;Banque BQ;BQ/170;20221121;51100000;CompteLib_0024;;;22K67;20221121;EcritureLib_0139;20240228;0,00;21,00;C;BQ/170;;
BQ;Banque BQ;BQ/170;20221121;51220000;CompteLib_0026;;;22K67;20221121;EcritureLib_0139;20240228;21,00;0,00;D;BQ/170;;
BQ;Banque BQ;BQ/171;20221121;62700000;CompteLib_0030;;;22K63;20221121;EcritureLib_0031;20240228;0,06;0,00;D;BQ/171;;
BQ;Banque BQ;BQ/171;20221121;51220000;CompteLib_0026;;;22K63;20221121;EcritureLib_0031;20240228;0,00;0,06;C;BQ/171;;
BQ;Banque BQ;BQ/172;20221121;62700000;CompteLib_0030;;;22K62;20221121;EcritureLib_0031;20240228;2,20;0,00;D;BQ/172;;
BQ;Banque BQ;BQ/172;20221121;51220000;CompteLib_0026;;;22K62;20221121;EcritureLib_0031;20240228;0,00;2,20;C;BQ/172;;
BQ;Banque BQ;BQ/173;20221121;60700000;CompteLib_0031;;;22K61;20221121;EcritureLib_0140;20240228;151,94;0,00;D;BQ/173;;
BQ;Banque BQ;BQ/173;20221121;44566100;CompteLib_0018;;;22K61;20221121;EcritureLib_0140;20240228;8,36;0,00;D;BQ/173;A;20240227
BQ;Banque BQ;BQ/173;20221121;51220000;CompteLib_0026;;;22K61;20221121;EcritureLib_0140;20240228;0,00;160,30;C;BQ/173;;
BQ;Banque BQ;BQ/174;20221121;61350000;CompteLib_0036;;;22K114;20221121;EcritureLib_0086;20240228;67,14;0,00;D;BQ/174;;
BQ;Banque BQ;BQ/174;20221121;44566100;CompteLib_0018;;;22K114;20221121;EcritureLib_0086;20240228;12,80;0,00;D;BQ/174;A;20240227
BQ;Banque BQ;BQ/174;20221121;51220000;CompteLib_0026;;;22K114;20221121;EcritureLib_0086;20240228;0,00;79,94;C;BQ/174;;
BQ;Banque BQ;BQ/175;20221121;60700000;CompteLib_0031;;;22K65;20221121;EcritureLib_0057;20240228;197,17;0,00;D;BQ/175;;
BQ;Banque BQ;BQ/175;20221121;51220000;CompteLib_0026;;;22K65;20221121;EcritureLib_0057;20240228;0,00;197,17;C;BQ/175;;
BQ;Banque BQ;BQ/176;20221121;51100000;CompteLib_0024;;;22K66;20221121;EcritureLib_0141;20240228;0,00;724,10;C;BQ/176;;
BQ;Banque BQ;BQ/176;20221121;51220000;CompteLib_0026;;;22K66;20221121;EcritureLib_0141;20240228;724,10;0,00;D;BQ/176;;
BQ;Banque BQ;BQ/177;20221122;60630000;CompteLib_0032;;;22K115;20221122;EcritureLib_0142;20240228;122,30;0,00;D;BQ/177;;
BQ;Banque BQ;BQ/177;20221122;51220000;CompteLib_0026;;;22K115;20221122;EcritureLib_0142;20240228;0,00;135,36;C;BQ/177;;
BQ;Banque BQ;BQ/177;20221122;44566100;CompteLib_0018;;;22K115;20221122;EcritureLib_0142;20240228;13,06;0,00;D;BQ/177;A;20240227
BQ;Banque BQ;BQ/178;20221122;51100000;CompteLib_0024;;;22K71;20221122;EcritureLib_0143;20240228;0,00;244,20;C;BQ/178;;
BQ;Banque BQ;BQ/178;20221122;51220000;CompteLib_0026;;;22K71;20221122;EcritureLib_0143;20240228;244,20;0,00;D;BQ/178;;
BQ;Banque BQ;BQ/179;20221122;62700000;CompteLib_0030;;;22K70;20221122;EcritureLib_0031;20240228;0,12;0,00;D;BQ/179;;
BQ;Banque BQ;BQ/179;20221122;51220000;CompteLib_0026;;;22K70;20221122;EcritureLib_0031;20240228;0,00;0,12;C;BQ/179;;
BQ;Banque BQ;BQ/180;20221122;62700000;CompteLib_0030;;;22K69;20221122;EcritureLib_0031;20240228;1,13;0,00;D;BQ/180;;
BQ;Banque BQ;BQ/180;20221122;51220000;CompteLib_0026;;;22K69;20221122;EcritureLib_0031;20240228;0,00;1,13;C;BQ/180;;
BQ;Banque BQ;BQ/181;20221122;51100000;CompteLib_0024;;;22K72;20221122;EcritureLib_0144;20240228;0,00;35,50;C;BQ/181;;
BQ;Banque BQ;BQ/181;20221122;51220000;CompteLib_0026;;;22K72;20221122;EcritureLib_0144;20240228;35,50;0,00;D;BQ/181;;
BQ;Banque BQ;BQ/182;20221123;60700000;CompteLib_0031;;;22K116;20221123;EcritureLib_0145;20240228;143,98;0,00;D;BQ/182;;
BQ;Banque BQ;BQ/182;20221123;44566100;CompteLib_0018;;;22K116;20221123;EcritureLib_0145;20240228;7,92;0,00;D;BQ/182;A;20240227
BQ;Banque BQ;BQ/182;20221123;51220000;CompteLib_0026;;;22K116;20221123;EcritureLib_0145;20240228;0,00;151,90;C;BQ/182;;
BQ;Banque BQ;BQ/183;20221123;51120000;CompteLib_0025;;;22K79;20221123;EcritureLib_0042;20240228;0,00;26,07;C;BQ/183;;
BQ;Banque BQ;BQ/183;20221123;51220000;CompteLib_0026;;;22K79;20221123;EcritureLib_0042;20240228;26,07;0,00;D;BQ/183;;
BQ;Banque BQ;BQ/184;20221123;62700000;CompteLib_0030;;;22K76;20221123;EcritureLib_0031;20240228;0,03;0,00;D;BQ/184;;
BQ;Banque BQ;BQ/184;20221123;51220000;CompteLib_0026;;;22K76;20221123;EcritureLib_0031;20240228;0,00;0,03;C;BQ/184;;
BQ;Banque BQ;BQ/185;20221123;62700000;CompteLib_0030;;;22K75;20221123;EcritureLib_0031;20240228;0,32;0,00;D;BQ/185;;
BQ;Banque BQ;BQ/185;20221123;51220000;CompteLib_0026;;;22K75;20221123;EcritureLib_0031;20240228;0,00;0,32;C;BQ/185;;
BQ;Banque BQ;BQ/186;20221123;44566100;CompteLib_0018;;;22K74;20221123;EcritureLib_0146;20240228;1,69;0,00;D;BQ/186;A;20240227
BQ;Banque BQ;BQ/186;20221123;60700000;CompteLib_0031;;;22K74;20221123;EcritureLib_0146;20240228;30,80;0,00;D;BQ/186;;
BQ;Banque BQ;BQ/186;20221123;51220000;CompteLib_0026;;;22K74;20221123;EcritureLib_0146;20240228;0,00;32,49;C;BQ/186;;
BQ;Banque BQ;BQ/187;20221123;51100000;CompteLib_0024;;;22K77;20221123;EcritureLib_0147;20240228;0,00;106,40;C;BQ/187;;
BQ;Banque BQ;BQ/187;20221123;51220000;CompteLib_0026;;;22K77;20221123;EcritureLib_0147;20240228;106,40;0,00;D;BQ/187;;
BQ;Banque BQ;BQ/188;20221123;51100000;CompteLib_0024;;;22K78;20221123;EcritureLib_0148;20240228;0,00;10,50;C;BQ/188;;
BQ;Banque BQ;BQ/188;20221123;51220000;CompteLib_0026;;;22K78;20221123;EcritureLib_0148;20240228;10,50;0,00;D;BQ/188;;
BQ;Banque BQ;BQ/189;20221124;62700000;CompteLib_0030;;;22K83;20221124;EcritureLib_0031;20240228;0,97;0,00;D;BQ/189;;
BQ;Banque BQ;BQ/189;20221124;51220000;CompteLib_0026;;;22K83;20221124;EcritureLib_0031;20240228;0,00;0,97;C;BQ/189;;
BQ;Banque BQ;BQ/190;20221124;51120000;CompteLib_0025;;;22K82;20221124;EcritureLib_0149;20240228;0,00;1,14;C;BQ/190;;
BQ;Banque BQ;BQ/190;20221124;51220000;CompteLib_0026;;;22K82;20221124;EcritureLib_0149;20240228;1,14;0,00;D;BQ/190;;
BQ;Banque BQ;BQ/191;20221124;60700000;CompteLib_0031;;;22K81;20221124;EcritureLib_0150;20240228;33,51;0,00;D;BQ/191;;
BQ;Banque BQ;BQ/191;20221124;44566100;CompteLib_0018;;;22K81;20221124;EcritureLib_0150;20240228;1,84;0,00;D;BQ/191;A;20240227
BQ;Banque BQ;BQ/191;20221124;51220000;CompteLib_0026;;;22K81;20221124;EcritureLib_0150;20240228;0,00;35,35;C;BQ/191;;
BQ;Banque BQ;BQ/192;20221124;44566100;CompteLib_0018;;;22K80;20221124;EcritureLib_0151;20240228;1,21;0,00;D;BQ/192;A;20240227
BQ;Banque BQ;BQ/192;20221124;60700000;CompteLib_0031;;;22K80;20221124;EcritureLib_0151;20240228;21,92;0,00;D;BQ/192;;
BQ;Banque BQ;BQ/192;20221124;51220000;CompteLib_0026;;;22K80;20221124;EcritureLib_0151;20240228;0,00;23,13;C;BQ/192;;
BQ;Banque BQ;BQ/193;20221124;51100000;CompteLib_0024;;;22K84;20221124;EcritureLib_0152;20240228;0,00;201,50;C;BQ/193;;
BQ;Banque BQ;BQ/193;20221124;51220000;CompteLib_0026;;;22K84;20221124;EcritureLib_0152;20240228;201,50;0,00;D;BQ/193;;
BQ;Banque BQ;BQ/194;20221125;51120000;CompteLib_0025;;;22K87;20221125;EcritureLib_0153;20240228;0,00;14,71;C;BQ/194;;
BQ;Banque BQ;BQ/194;20221125;51220000;CompteLib_0026;;;22K87;20221125;EcritureLib_0153;20240228;14,71;0,00;D;BQ/194;;
BQ;Banque BQ;BQ/195;20221125;62700000;CompteLib_0030;;;22K86;20221125;EcritureLib_0031;20240228;0,12;0,00;D;BQ/195;;
BQ;Banque BQ;BQ/195;20221125;51220000;CompteLib_0026;;;22K86;20221125;EcritureLib_0031;20240228;0,00;0,12;C;BQ/195;;
BQ;Banque BQ;BQ/196;20221125;51100000;CompteLib_0024;;;22K88;20221125;EcritureLib_0154;20240228;0,00;40,40;C;BQ/196;;
BQ;Banque BQ;BQ/196;20221125;51220000;CompteLib_0026;;;22K88;20221125;EcritureLib_0154;20240228;40,40;0,00;D;BQ/196;;
BQ;Banque BQ;BQ/197;20221125;62700000;CompteLib_0030;;;22K89;20221125;EcritureLib_0098;20240228;5,08;0,00;D;BQ/197;;
BQ;Banque BQ;BQ/197;20221125;51220000;CompteLib_0026;;;22K89;20221125;EcritureLib_0098;20240228;0,00;5,08;C;BQ/197;;
BQ;Banque BQ;BQ/198;20221125;62700000;CompteLib_0030;;;22K90;20221125;EcritureLib_0099;20240228;5,08;0,00;D;BQ/198;;
BQ;Banque BQ;BQ/198;20221125;51220000;CompteLib_0026;;;22K90;20221125;EcritureLib_0099;20240228;0,00;5,08;C;BQ/198;;
BQ;Banque BQ;BQ/199;20221125;60700000;CompteLib_0031;;;22K117;20221125;EcritureLib_0155;20240228;104,32;0,00;D;BQ/199;;
BQ;Banque BQ;BQ/199;20221125;44566100;CompteLib_0018;;;22K117;20221125;EcritureLib_0155;20240228;5,74;0,00;D;BQ/199;A;20240227
BQ;Banque BQ;BQ/199;20221125;51220000;CompteLib_0026;;;22K117;20221125;EcritureLib_0155;20240228;0,00;94,36;C;BQ/199;;
BQ;Banque BQ;BQ/199;20221125;60630000;CompteLib_0032;;;22K117;20221125;EcritureLib_0155;20240228;3,58;0,00;D;BQ/199;;
BQ;Banque BQ;BQ/199;20221125;44566100;CompteLib_0018;;;22K117;20221125;EcritureLib_0155;20240228;0,72;0,00;D;BQ/199;A;20240227
BQ;Banque BQ;BQ/199;20221125;45500000;CompteLib_0023;;;22K117;20221125;EcritureLib_0156;20240228;0,00;20,00;C;BQ/199;;
BQ;Banque BQ;BQ/200;20221128;44566100;CompteLib_0018;;;22K95;20221128;EcritureLib_0103;20240228;6,00;0,00;D;BQ/200;A;20240227
BQ;Banque BQ;BQ/200;20221128;62600000;CompteLib_0035;;;22K95;20221128;EcritureLib_0103;20240228;30,00;0,00;D;BQ/200;;
BQ;Banque BQ;BQ/200;20221128;51220000;CompteLib_0026;;;22K95;20221128;EcritureLib_0103;20240228;0,00;36,00;C;BQ/200;;
BQ;Banque BQ;BQ/201;20221128;62700000;CompteLib_0030;;;22K94;20221128;EcritureLib_0031;20240228;0,03;0,00;D;BQ/201;;
BQ;Banque BQ;BQ/201;20221128;51220000;CompteLib_0026;;;22K94;20221128;EcritureLib_0031;20240228;0,00;0,03;C;BQ/201;;
BQ;Banque BQ;BQ/202;20221128;62700000;CompteLib_0030;;;22K93;20221128;EcritureLib_0031;20240228;0,23;0,00;D;BQ/202;;
BQ;Banque BQ;BQ/202;20221128;51220000;CompteLib_0026;;;22K93;20221128;EcritureLib_0031;20240228;0,00;0,23;C;BQ/202;;
BQ;Banque BQ;BQ/203;20221128;60630000;CompteLib_0032;;;22K92;20221128;EcritureLib_0157;20240228;88,88;0,00;D;BQ/203;;
BQ;Banque BQ;BQ/203;20221128;51220000;CompteLib_0026;;;22K92;20221128;EcritureLib_0157;20240228;0,00;88,88;C;BQ/203;;
BQ;Banque BQ;BQ/204;20221128;60700000;CompteLib_0031;;;22K118;20221128;EcritureLib_0158;20240228;212,38;0,00;D;BQ/204;;
BQ;Banque BQ;BQ/204;20221128;44566100;CompteLib_0018;;;22K118;20221128;EcritureLib_0158;20240228;11,68;0,00;D;BQ/204;A;20240227
BQ;Banque BQ;BQ/204;20221128;51220000;CompteLib_0026;;;22K118;20221128;EcritureLib_0158;20240228;0,00;224,06;C;BQ/204;;
BQ;Banque BQ;BQ/204;20221128;60630000;CompteLib_0032;;;22K118;20221128;EcritureLib_0158;20240228;15,04;0,00;D;BQ/204;;
BQ;Banque BQ;BQ/204;20221128;44566100;CompteLib_0018;;;22K118;20221128;EcritureLib_0158;20240228;3,01;0,00;D;BQ/204;A;20240227
BQ;Banque BQ;BQ/204;20221128;51220000;CompteLib_0026;;;22K118;20221128;EcritureLib_0158;20240228;0,00;18,05;C;BQ/204;;
BQ;Banque BQ;BQ/205;20221128;44566100;CompteLib_0018;;;22K98;20221128;EcritureLib_0159;20240228;125,42;0,00;D;BQ/205;A;20240227
BQ;Banque BQ;BQ/205;20221128;63513000;CompteLib_0044;;;22K98;20221128;EcritureLib_0159;20240228;627,08;0,00;D;BQ/205;;
BQ;Banque BQ;BQ/205;20221128;51220000;CompteLib_0026;;;22K98;20221128;EcritureLib_0159;20240228;0,00;752,50;C;BQ/205;;
BQ;Banque BQ;BQ/206;20221128;51100000;CompteLib_0024;;;22K97;20221128;EcritureLib_0160;20240228;0,00;66,30;C;BQ/206;;
BQ;Banque BQ;BQ/206;20221128;51220000;CompteLib_0026;;;22K97;20221128;EcritureLib_0160;20240228;66,30;0,00;D;BQ/206;;
BQ;Banque BQ;BQ/207;20221128;51100000;CompteLib_0024;;;22K96;20221128;EcritureLib_0161;20240228;0,00;10,50;C;BQ/207;;
BQ;Banque BQ;BQ/207;20221128;51220000;CompteLib_0026;;;22K96;20221128;EcritureLib_0161;20240228;10,50;0,00;D;BQ/207;;
BQ;Banque BQ;BQ/208;20221129;51120000;CompteLib_0025;;;22K101;20221129;EcritureLib_0162;20240228;0,00;20,30;C;BQ/208;;
BQ;Banque BQ;BQ/208;20221129;51220000;CompteLib_0026;;;22K101;20221129;EcritureLib_0162;20240228;20,30;0,00;D;BQ/208;;
BQ;Banque BQ;BQ/209;20221129;62700000;CompteLib_0030;;;22K100;20221129;EcritureLib_0102;20240228;0,00;0,57;C;BQ/209;;
BQ;Banque BQ;BQ/209;20221129;51220000;CompteLib_0026;;;22K100;20221129;EcritureLib_0102;20240228;0,57;0,00;D;BQ/209;;
BQ;Banque BQ;BQ/210;20221129;62700000;CompteLib_0030;;;22K99;20221129;EcritureLib_0101;20240228;18,10;0,00;D;BQ/210;;
BQ;Banque BQ;BQ/210;20221129;51220000;CompteLib_0026;;;22K99;20221129;EcritureLib_0101;20240228;0,00;18,10;C;BQ/210;;
BQ;Banque BQ;BQ/211;20221129;51120000;CompteLib_0025;;;22K102;20221129;EcritureLib_0042;20240228;0,00;86,04;C;BQ/211;;
BQ;Banque BQ;BQ/211;20221129;51220000;CompteLib_0026;;;22K102;20221129;EcritureLib_0042;20240228;86,04;0,00;D;BQ/211;;
BQ;Banque BQ;BQ/212;20221130;60700000;CompteLib_0031;;;22K119;20221130;EcritureLib_0163;20240228;59,22;0,00;D;BQ/212;;
BQ;Banque BQ;BQ/212;20221130;44566100;CompteLib_0018;;;22K119;20221130;EcritureLib_0163;20240228;3,26;0,00;D;BQ/212;A;20240227
BQ;Banque BQ;BQ/212;20221130;51220000;CompteLib_0026;;;22K119;20221130;EcritureLib_0163;20240228;0,00;62,48;C;BQ/212;;
BQ;Banque BQ;BQ/213;20221130;44566100;CompteLib_0018;;;22K104;20221130;EcritureLib_0057;20240228;2,63;0,00;D;BQ/213;A;20240227
BQ;Banque BQ;BQ/213;20221130;60700000;CompteLib_0031;;;22K104;20221130;EcritureLib_0057;20240228;47,90;0,00;D;BQ/213;;
BQ;Banque BQ;BQ/213;20221130;51220000;CompteLib_0026;;;22K104;20221130;EcritureLib_0057;20240228;0,00;50,53;C;BQ/213;;
BQ;Banque BQ;BQ/214;20221201;62700000;CompteLib_0030;;;22L1;20221201;EcritureLib_0030;20240228;4,10;0,00;D;BQ/214;;
BQ;Banque BQ;BQ/214;20221201;51220000;CompteLib_0026;;;22L1;20221201;EcritureLib_0030;20240228;0,00;4,10;C;BQ/214;;
BQ;Banque BQ;BQ/215;20221201;51120000;CompteLib_0025;;;22L2;20221201;EcritureLib_0164;20240228;0,00;15,46;C;BQ/215;;
BQ;Banque BQ;BQ/215;20221201;51220000;CompteLib_0026;;;22L2;20221201;EcritureLib_0164;20240228;15,46;0,00;D;BQ/215;;
BQ;Banque BQ;BQ/216;20221202;51100000;CompteLib_0024;;;22L6;20221202;EcritureLib_0165;20240228;0,00;20,00;C;BQ/216;;
BQ;Banque BQ;BQ/216;20221202;51220000;CompteLib_0026;;;22L6;20221202;EcritureLib_0165;20240228;20,00;0,00;D;BQ/216;;
BQ;Banque BQ;BQ/217;20221202;62700000;CompteLib_0030;;;22L4;20221202;EcritureLib_0031;20240228;0,06;0,00;D;BQ/217;;
BQ;Banque BQ;BQ/217;20221202;51220000;CompteLib_0026;;;22L4;20221202;EcritureLib_0031;20240228;0,00;0,06;C;BQ/217;;
BQ;Banque BQ;BQ/218;20221202;62700000;CompteLib_0030;;;22L3;20221202;EcritureLib_0031;20240228;0,16;0,00;D;BQ/218;;
BQ;Banque BQ;BQ/218;20221202;51220000;CompteLib_0026;;;22L3;20221202;EcritureLib_0031;20240228;0,00;0,16;C;BQ/218;;
BQ;Banque BQ;BQ/219;20221202;51100000;CompteLib_0024;;;22L5;20221202;EcritureLib_0166;20240228;0,00;54,80;C;BQ/219;;
BQ;Banque BQ;BQ/219;20221202;51220000;CompteLib_0026;;;22L5;20221202;EcritureLib_0166;20240228;54,80;0,00;D;BQ/219;;
BQ;Banque BQ;BQ/220;20221205;62700000;CompteLib_0030;;;22L10;20221205;EcritureLib_0031;20240228;0,38;0,00;D;BQ/220;;
BQ;Banque BQ;BQ/220;20221205;51220000;CompteLib_0026;;;22L10;20221205;EcritureLib_0031;20240228;0,00;0,38;C;BQ/220;;
BQ;Banque BQ;BQ/221;20221205;60700000;CompteLib_0031;;;22L84;20221205;EcritureLib_0167;20240228;43,26;0,00;D;BQ/221;;
BQ;Banque BQ;BQ/221;20221205;44566100;CompteLib_0018;;;22L84;20221205;EcritureLib_0167;20240228;2,38;0,00;D;BQ/221;A;20240227
BQ;Banque BQ;BQ/221;20221205;51220000;CompteLib_0026;;;22L84;20221205;EcritureLib_0167;20240228;0,00;45,64;C;BQ/221;;
BQ;Banque BQ;BQ/221;20221205;60630000;CompteLib_0032;;;22L84;20221205;EcritureLib_0167;20240228;5,30;0,00;D;BQ/221;;
BQ;Banque BQ;BQ/221;20221205;44566100;CompteLib_0018;;;22L84;20221205;EcritureLib_0167;20240228;1,06;0,00;D;BQ/221;A;20240227
BQ;Banque BQ;BQ/221;20221205;51220000;CompteLib_0026;;;22L84;20221205;EcritureLib_0167;20240228;0,00;6,36;C;BQ/221;;
BQ;Banque BQ;BQ/222;20221205;60700000;CompteLib_0031;;;22L83;20221205;EcritureLib_0168;20240228;81,40;0,00;D;BQ/222;;
BQ;Banque BQ;BQ/222;20221205;44566100;CompteLib_0018;;;22L83;20221205;EcritureLib_0168;20240228;4,48;0,00;D;BQ/222;A;20240227
BQ;Banque BQ;BQ/222;20221205;51220000;CompteLib_0026;;;22L83;20221205;EcritureLib_0168;20240228;0,00;85,88;C;BQ/222;;
BQ;Banque BQ;BQ/222;20221205;60630000;CompteLib_0032;;;22L83;20221205;EcritureLib_0168;20240228;12,20;0,00;D;BQ/222;;
BQ;Banque BQ;BQ/222;20221205;44566100;CompteLib_0018;;;22L83;20221205;EcritureLib_0168;20240228;2,44;0,00;D;BQ/222;A;20240227
BQ;Banque BQ;BQ/222;20221205;51220000;CompteLib_0026;;;22L83;20221205;EcritureLib_0168;20240228;0,00;14,64;C;BQ/222;;
BQ;Banque BQ;BQ/223;20221205;62700000;CompteLib_0030;;;22L11;20221205;EcritureLib_0031;20240228;0,03;0,00;D;BQ/223;;
BQ;Banque BQ;BQ/223;20221205;51220000;CompteLib_0026;;;22L11;20221205;EcritureLib_0031;20240228;0,00;0,03;C;BQ/223;;
BQ;Banque BQ;BQ/224;20221205;61600000;CompteLib_0034;;;22L12;20221205;EcritureLib_0041;20240228;64,14;0,00;D;BQ/224;;
BQ;Banque BQ;BQ/224;20221205;51220000;CompteLib_0026;;;22L12;20221205;EcritureLib_0041;20240228;0,00;64,14;C;BQ/224;;
BQ;Banque BQ;BQ/225;20221205;51100000;CompteLib_0024;;;22L13;20221205;EcritureLib_0169;20240228;0,00;122,60;C;BQ/225;;
BQ;Banque BQ;BQ/225;20221205;51220000;CompteLib_0026;;;22L13;20221205;EcritureLib_0169;20240228;122,60;0,00;D;BQ/225;;
BQ;Banque BQ;BQ/226;20221205;51100000;CompteLib_0024;;;22L14;20221205;EcritureLib_0170;20240228;0,00;8,90;C;BQ/226;;
BQ;Banque BQ;BQ/226;20221205;51220000;CompteLib_0026;;;22L14;20221205;EcritureLib_0170;20240228;8,90;0,00;D;BQ/226;;
BQ;Banque BQ;BQ/227;20221205;60700000;CompteLib_0031;;;22L7;20221205;EcritureLib_0171;20240228;76,47;0,00;D;BQ/227;;
BQ;Banque BQ;BQ/227;20221205;44566100;CompteLib_0018;;;22L7;20221205;EcritureLib_0171;20240228;4,21;0,00;D;BQ/227;A;20240227
BQ;Banque BQ;BQ/227;20221205;51220000;CompteLib_0026;;;22L7;20221205;EcritureLib_0171;20240228;0,00;80,68;C;BQ/227;;
BQ;Banque BQ;BQ/228;20221206;62700000;CompteLib_0030;;;22L15;20221206;EcritureLib_0031;20240228;0,29;0,00;D;BQ/228;;
BQ;Banque BQ;BQ/228;20221206;51220000;CompteLib_0026;;;22L15;20221206;EcritureLib_0031;20240228;0,00;0,29;C;BQ/228;;
BQ;Banque BQ;BQ/229;20221206;51100000;CompteLib_0024;;;22L16;20221206;EcritureLib_0172;20240228;0,00;90,70;C;BQ/229;;
BQ;Banque BQ;BQ/229;20221206;51220000;CompteLib_0026;;;22L16;20221206;EcritureLib_0172;20240228;90,70;0,00;D;BQ/229;;
BQ;Banque BQ;BQ/230;20221206;61321000;CompteLib_0040;;;22L17;20221206;EcritureLib_0085;20240228;1135,00;0,00;D;BQ/230;;
BQ;Banque BQ;BQ/230;20221206;51220000;CompteLib_0026;;;22L17;20221206;EcritureLib_0085;20240228;0,00;1135,00;C;BQ/230;;
BQ;Banque BQ;BQ/230;20221206;61400000;CompteLib_0041;;;22L17;20221206;EcritureLib_0085;20240228;60,00;0,00;D;BQ/230;;
BQ;Banque BQ;BQ/230;20221206;51220000;CompteLib_0026;;;22L17;20221206;EcritureLib_0085;20240228;0,00;60,00;C;BQ/230;;
BQ;Banque BQ;BQ/231;20221207;65160000;CompteLib_0033;;;22L21;20221207;EcritureLib_0043;20240228;122,85;0,00;D;BQ/231;;
BQ;Banque BQ;BQ/231;20221207;51220000;CompteLib_0026;;;22L21;20221207;EcritureLib_0043;20240228;0,00;122,85;C;BQ/231;;
BQ;Banque BQ;BQ/232;20221207;51100000;CompteLib_0024;;;22L22;20221207;EcritureLib_0173;20240228;0,00;67,70;C;BQ/232;;
BQ;Banque BQ;BQ/232;20221207;51220000;CompteLib_0026;;;22L22;20221207;EcritureLib_0173;20240228;67,70;0,00;D;BQ/232;;
BQ;Banque BQ;BQ/233;20221207;51100000;CompteLib_0024;;;22L23;20221207;EcritureLib_0174;20240228;0,00;10,00;C;BQ/233;;
BQ;Banque BQ;BQ/233;20221207;51220000;CompteLib_0026;;;22L23;20221207;EcritureLib_0174;20240228;10,00;0,00;D;BQ/233;;
BQ;Banque BQ;BQ/234;20221207;65160000;CompteLib_0033;;;22L85;20221207;EcritureLib_0039;20240228;37,84;0,00;D;BQ/234;;
BQ;Banque BQ;BQ/234;20221207;44566100;CompteLib_0018;;;22L85;20221207;EcritureLib_0039;20240228;3,74;0,00;D;BQ/234;A;20240227
BQ;Banque BQ;BQ/234;20221207;51220000;CompteLib_0026;;;22L85;20221207;EcritureLib_0039;20240228;0,00;41,58;C;BQ/234;;
BQ;Banque BQ;BQ/235;20221207;51120000;CompteLib_0025;;;22L24;20221207;EcritureLib_0042;20240228;0,00;20,81;C;BQ/235;;
BQ;Banque BQ;BQ/235;20221207;51220000;CompteLib_0026;;;22L24;20221207;EcritureLib_0042;20240228;20,81;0,00;D;BQ/235;;
BQ;Banque BQ;BQ/236;20221207;62700000;CompteLib_0030;;;22L18;20221207;EcritureLib_0031;20240228;0,20;0,00;D;BQ/236;;
BQ;Banque BQ;BQ/236;20221207;51220000;CompteLib_0026;;;22L18;20221207;EcritureLib_0031;20240228;0,00;0,20;C;BQ/236;;
BQ;Banque BQ;BQ/237;20221207;62700000;CompteLib_0030;;;22L19;20221207;EcritureLib_0031;20240228;0,03;0,00;D;BQ/237;;
BQ;Banque BQ;BQ/237;20221207;51220000;CompteLib_0026;;;22L19;20221207;EcritureLib_0031;20240228;0,00;0,03;C;BQ/237;;
BQ;Banque BQ;BQ/238;20221208;51100000;CompteLib_0024;;;22L29;20221208;EcritureLib_0175;20240228;0,00;87,20;C;BQ/238;;
BQ;Banque BQ;BQ/238;20221208;51220000;CompteLib_0026;;;22L29;20221208;EcritureLib_0175;20240228;87,20;0,00;D;BQ/238;;
BQ;Banque BQ;BQ/239;20221208;62700000;CompteLib_0030;;;22L25;20221208;EcritureLib_0031;20240228;0,26;0,00;D;BQ/239;;
BQ;Banque BQ;BQ/239;20221208;51220000;CompteLib_0026;;;22L25;20221208;EcritureLib_0031;20240228;0,00;0,26;C;BQ/239;;
BQ;Banque BQ;BQ/240;20221208;62700000;CompteLib_0030;;;22L26;20221208;EcritureLib_0031;20240228;0,07;0,00;D;BQ/240;;
BQ;Banque BQ;BQ/240;20221208;51220000;CompteLib_0026;;;22L26;20221208;EcritureLib_0031;20240228;0,00;0,07;C;BQ/240;;
BQ;Banque BQ;BQ/241;20221208;51120000;CompteLib_0025;;;22L27;20221208;EcritureLib_0176;20240228;0,00;56,64;C;BQ/241;;
BQ;Banque BQ;BQ/241;20221208;51220000;CompteLib_0026;;;22L27;20221208;EcritureLib_0176;20240228;56,64;0,00;D;BQ/241;;
BQ;Banque BQ;BQ/242;20221208;51120000;CompteLib_0025;;;22L28;20221208;EcritureLib_0177;20240228;0,00;10,45;C;BQ/242;;
BQ;Banque BQ;BQ/242;20221208;51220000;CompteLib_0026;;;22L28;20221208;EcritureLib_0177;20240228;10,45;0,00;D;BQ/242;;
BQ;Banque BQ;BQ/243;20221208;60700000;CompteLib_0031;;;22L86;20221208;EcritureLib_0178;20240228;0,00;23,03;C;BQ/243;;
BQ;Banque BQ;BQ/243;20221208;44566100;CompteLib_0018;;;22L86;20221208;EcritureLib_0178;20240228;0,00;1,27;C;BQ/243;A;20240227
BQ;Banque BQ;BQ/243;20221208;51220000;CompteLib_0026;;;22L86;20221208;EcritureLib_0178;20240228;24,30;0,00;D;BQ/243;;
BQ;Banque BQ;BQ/244;20221209;51100000;CompteLib_0024;;;22L36;20221209;EcritureLib_0179;20240228;0,00;14,90;C;BQ/244;;
BQ;Banque BQ;BQ/244;20221209;51220000;CompteLib_0026;;;22L36;20221209;EcritureLib_0179;20240228;14,90;0,00;D;BQ/244;;
BQ;Banque BQ;BQ/245;20221209;62700000;CompteLib_0030;;;22L32;20221209;EcritureLib_0031;20240228;0,31;0,00;D;BQ/245;;
BQ;Banque BQ;BQ/245;20221209;51220000;CompteLib_0026;;;22L32;20221209;EcritureLib_0031;20240228;0,00;0,31;C;BQ/245;;
BQ;Banque BQ;BQ/246;20221209;62700000;CompteLib_0030;;;22L33;20221209;EcritureLib_0031;20240228;0,04;0,00;D;BQ/246;;
BQ;Banque BQ;BQ/246;20221209;51220000;CompteLib_0026;;;22L33;20221209;EcritureLib_0031;20240228;0,00;0,04;C;BQ/246;;
BQ;Banque BQ;BQ/247;20221209;62600000;CompteLib_0035;;;22L34;20221209;EcritureLib_0054;20240228;20,14;0,00;D;BQ/247;;
BQ;Banque BQ;BQ/247;20221209;44566100;CompteLib_0018;;;22L34;20221209;EcritureLib_0054;20240228;4,03;0,00;D;BQ/247;A;20240227
BQ;Banque BQ;BQ/247;20221209;51220000;CompteLib_0026;;;22L34;20221209;EcritureLib_0054;20240228;0,00;24,17;C;BQ/247;;
BQ;Banque BQ;BQ/248;20221209;51100000;CompteLib_0024;;;22L35;20221209;EcritureLib_0180;20240228;0,00;94,40;C;BQ/248;;
BQ;Banque BQ;BQ/248;20221209;51220000;CompteLib_0026;;;22L35;20221209;EcritureLib_0180;20240228;94,40;0,00;D;BQ/248;;
BQ;Banque BQ;BQ/249;20221209;60700000;CompteLib_0031;;;22L31;20221209;EcritureLib_0181;20240228;66,67;0,00;D;BQ/249;;
BQ;Banque BQ;BQ/249;20221209;44566100;CompteLib_0018;;;22L31;20221209;EcritureLib_0181;20240228;3,67;0,00;D;BQ/249;A;20240227
BQ;Banque BQ;BQ/249;20221209;51220000;CompteLib_0026;;;22L31;20221209;EcritureLib_0181;20240228;0,00;70,34;C;BQ/249;;
BQ;Banque BQ;BQ/249;20221209;60630000;CompteLib_0032;;;22L31;20221209;EcritureLib_0181;20240228;19,98;0,00;D;BQ/249;;
BQ;Banque BQ;BQ/249;20221209;44566100;CompteLib_0018;;;22L31;20221209;EcritureLib_0181;20240228;4,00;0,00;D;BQ/249;A;20240227
BQ;Banque BQ;BQ/249;20221209;51220000;CompteLib_0026;;;22L31;20221209;EcritureLib_0181;20240228;0,00;23,98;C;BQ/249;;
BQ;Banque BQ;BQ/250;20221212;44566100;CompteLib_0018;;;22L38;20221212;EcritureLib_0057;20240228;5,87;0,00;D;BQ/250;A;20240227
BQ;Banque BQ;BQ/250;20221212;60700000;CompteLib_0031;;;22L38;20221212;EcritureLib_0057;20240228;106,73;0,00;D;BQ/250;;
BQ;Banque BQ;BQ/250;20221212;51220000;CompteLib_0026;;;22L38;20221212;EcritureLib_0057;20240228;0,00;112,60;C;BQ/250;;
BQ;Banque BQ;BQ/251;20221212;51100000;CompteLib_0024;;;22L39;20221212;EcritureLib_0182;20240228;0,00;77,10;C;BQ/251;;
BQ;Banque BQ;BQ/251;20221212;51220000;CompteLib_0026;;;22L39;20221212;EcritureLib_0182;20240228;77,10;0,00;D;BQ/251;;
BQ;Banque BQ;BQ/252;20221212;62700000;CompteLib_0030;;;22L37;20221212;EcritureLib_0031;20240228;0,23;0,00;D;BQ/252;;
BQ;Banque BQ;BQ/252;20221212;51220000;CompteLib_0026;;;22L37;20221212;EcritureLib_0031;20240228;0,00;0,23;C;BQ/252;;
BQ;Banque BQ;BQ/253;20221213;51100000;CompteLib_0024;;;22L42;20221213;EcritureLib_0183;20240228;0,00;154,80;C;BQ/253;;
BQ;Banque BQ;BQ/253;20221213;51220000;CompteLib_0026;;;22L42;20221213;EcritureLib_0183;20240228;154,80;0,00;D;BQ/253;;
BQ;Banque BQ;BQ/254;20221213;62700000;CompteLib_0030;;;22L41;20221213;EcritureLib_0031;20240228;0,50;0,00;D;BQ/254;;
BQ;Banque BQ;BQ/254;20221213;51220000;CompteLib_0026;;;22L41;20221213;EcritureLib_0031;20240228;0,00;0,50;C;BQ/254;;
BQ;Banque BQ;BQ/255;20221213;60700000;CompteLib_0031;;;22L87;20221213;EcritureLib_0184;20240228;195,51;0,00;D;BQ/255;;
BQ;Banque BQ;BQ/255;20221213;44566100;CompteLib_0018;;;22L87;20221213;EcritureLib_0184;20240228;10,75;0,00;D;BQ/255;A;20240227
BQ;Banque BQ;BQ/255;20221213;51220000;CompteLib_0026;;;22L87;20221213;EcritureLib_0184;20240228;0,00;206,26;C;BQ/255;;
BQ;Banque BQ;BQ/256;20221213;51120000;CompteLib_0025;;;22L43;20221213;EcritureLib_0042;20240228;0,00;87,94;C;BQ/256;;
BQ;Banque BQ;BQ/256;20221213;51220000;CompteLib_0026;;;22L43;20221213;EcritureLib_0042;20240228;87,94;0,00;D;BQ/256;;
BQ;Banque BQ;BQ/257;20221214;51100000;CompteLib_0024;;;22L48;20221214;EcritureLib_0185;20240228;0,00;10,50;C;BQ/257;;
BQ;Banque BQ;BQ/257;20221214;51220000;CompteLib_0026;;;22L48;20221214;EcritureLib_0185;20240228;10,50;0,00;D;BQ/257;;
BQ;Banque BQ;BQ/258;20221214;62700000;CompteLib_0030;;;22L45;20221214;EcritureLib_0031;20240228;0,44;0,00;D;BQ/258;;
BQ;Banque BQ;BQ/258;20221214;51220000;CompteLib_0026;;;22L45;20221214;EcritureLib_0031;20240228;0,00;0,44;C;BQ/258;;
BQ;Banque BQ;BQ/259;20221214;51100000;CompteLib_0024;;;22L47;20221214;EcritureLib_0186;20240228;0,00;147,30;C;BQ/259;;
BQ;Banque BQ;BQ/259;20221214;51220000;CompteLib_0026;;;22L47;20221214;EcritureLib_0186;20240228;147,30;0,00;D;BQ/259;;
BQ;Banque BQ;BQ/260;20221214;62700000;CompteLib_0030;;;22L46;20221214;EcritureLib_0031;20240228;0,03;0,00;D;BQ/260;;
BQ;Banque BQ;BQ/260;20221214;51220000;CompteLib_0026;;;22L46;20221214;EcritureLib_0031;20240228;0,00;0,03;C;BQ/260;;
BQ;Banque BQ;BQ/261;20221214;60700000;CompteLib_0031;;;22L88;20221214;EcritureLib_0187;20240228;26,74;0,00;D;BQ/261;;
BQ;Banque BQ;BQ/261;20221214;44566100;CompteLib_0018;;;22L88;20221214;EcritureLib_0187;20240228;1,47;0,00;D;BQ/261;A;20240227
BQ;Banque BQ;BQ/261;20221214;51220000;CompteLib_0026;;;22L88;20221214;EcritureLib_0187;20240228;0,00;28,21;C;BQ/261;;
BQ;Banque BQ;BQ/261;20221214;60630000;CompteLib_0032;;;22L88;20221214;EcritureLib_0187;20240228;10,15;0,00;D;BQ/261;;
BQ;Banque BQ;BQ/261;20221214;44566100;CompteLib_0018;;;22L88;20221214;EcritureLib_0187;20240228;2,03;0,00;D;BQ/261;A;20240227
BQ;Banque BQ;BQ/261;20221214;51220000;CompteLib_0026;;;22L88;20221214;EcritureLib_0187;20240228;0,00;12,18;C;BQ/261;;
BQ;Banque BQ;BQ/262;20221215;51100000;CompteLib_0024;;;22L54;20221215;EcritureLib_0188;20240228;0,00;10,50;C;BQ/262;;
BQ;Banque BQ;BQ/262;20221215;51220000;CompteLib_0026;;;22L54;20221215;EcritureLib_0188;20240228;10,50;0,00;D;BQ/262;;
BQ;Banque BQ;BQ/263;20221215;60700000;CompteLib_0031;;;22L49;20221215;EcritureLib_0189;20240228;82,62;0,00;D;BQ/263;;
BQ;Banque BQ;BQ/263;20221215;44566100;CompteLib_0018;;;22L49;20221215;EcritureLib_0189;20240228;4,54;0,00;D;BQ/263;A;20240227
BQ;Banque BQ;BQ/263;20221215;51220000;CompteLib_0026;;;22L49;20221215;EcritureLib_0189;20240228;0,00;87,16;C;BQ/263;;
BQ;Banque BQ;BQ/263;20221215;60630000;CompteLib_0032;;;22L49;20221215;EcritureLib_0189;20240228;10,33;0,00;D;BQ/263;;
BQ;Banque BQ;BQ/263;20221215;44566100;CompteLib_0018;;;22L49;20221215;EcritureLib_0189;20240228;2,07;0,00;D;BQ/263;A;20240227
BQ;Banque BQ;BQ/263;20221215;51220000;CompteLib_0026;;;22L49;20221215;EcritureLib_0189;20240228;0,00;12,40;C;BQ/263;;
BQ;Banque BQ;BQ/264;20221215;51100000;CompteLib_0024;;;22L53;20221215;EcritureLib_0190;20240228;0,00;200,50;C;BQ/264;;
BQ;Banque BQ;BQ/264;20221215;51220000;CompteLib_0026;;;22L53;20221215;EcritureLib_0190;20240228;200,50;0,00;D;BQ/264;;
BQ;Banque BQ;BQ/265;20221215;51120000;CompteLib_0025;;;22L52;20221215;EcritureLib_0191;20240228;0,00;69,30;C;BQ/265;;
BQ;Banque BQ;BQ/265;20221215;51220000;CompteLib_0026;;;22L52;20221215;EcritureLib_0191;20240228;69,30;0,00;D;BQ/265;;
BQ;Banque BQ;BQ/266;20221215;62700000;CompteLib_0030;;;22L51;20221215;EcritureLib_0031;20240228;0,03;0,00;D;BQ/266;;
BQ;Banque BQ;BQ/266;20221215;51220000;CompteLib_0026;;;22L51;20221215;EcritureLib_0031;20240228;0,00;0,03;C;BQ/266;;
BQ;Banque BQ;BQ/267;20221215;62700000;CompteLib_0030;;;22L50;20221215;EcritureLib_0031;20240228;0,60;0,00;D;BQ/267;;
BQ;Banque BQ;BQ/267;20221215;51220000;CompteLib_0026;;;22L50;20221215;EcritureLib_0031;20240228;0,00;0,60;C;BQ/267;;
BQ;Banque BQ;BQ/268;20221216;60700000;CompteLib_0031;;;22L55;20221216;EcritureLib_0192;20240228;44,25;0,00;D;BQ/268;;
BQ;Banque BQ;BQ/268;20221216;44566100;CompteLib_0018;;;22L55;20221216;EcritureLib_0192;20240228;2,43;0,00;D;BQ/268;A;20240227
BQ;Banque BQ;BQ/268;20221216;51220000;CompteLib_0026;;;22L55;20221216;EcritureLib_0192;20240228;0,00;46,68;C;BQ/268;;
BQ;Banque BQ;BQ/269;20221216;51100000;CompteLib_0024;;;22L58;20221216;EcritureLib_0193;20240228;0,00;220,60;C;BQ/269;;
BQ;Banque BQ;BQ/269;20221216;51220000;CompteLib_0026;;;22L58;20221216;EcritureLib_0193;20240228;220,60;0,00;D;BQ/269;;
BQ;Banque BQ;BQ/270;20221216;51100000;CompteLib_0024;;;22L59;20221216;EcritureLib_0194;20240228;0,00;13,00;C;BQ/270;;
BQ;Banque BQ;BQ/270;20221216;51220000;CompteLib_0026;;;22L59;20221216;EcritureLib_0194;20240228;13,00;0,00;D;BQ/270;;
BQ;Banque BQ;BQ/271;20221216;62700000;CompteLib_0030;;;22L56;20221216;EcritureLib_0031;20240228;0,67;0,00;D;BQ/271;;
BQ;Banque BQ;BQ/271;20221216;51220000;CompteLib_0026;;;22L56;20221216;EcritureLib_0031;20240228;0,00;0,67;C;BQ/271;;
BQ;Banque BQ;BQ/272;20221216;62700000;CompteLib_0030;;;22L57;20221216;EcritureLib_0031;20240228;0,04;0,00;D;BQ/272;;
BQ;Banque BQ;BQ/272;20221216;51220000;CompteLib_0026;;;22L57;20221216;EcritureLib_0031;20240228;0,00;0,04;C;BQ/272;;
BQ;Banque BQ;BQ/273;20221219;62700000;CompteLib_0030;;;22L62;20221219;EcritureLib_0031;20240228;0,03;0,00;D;BQ/273;;
BQ;Banque BQ;BQ/273;20221219;51220000;CompteLib_0026;;;22L62;20221219;EcritureLib_0031;20240228;0,00;0,03;C;BQ/273;;
BQ;Banque BQ;BQ/274;20221219;62700000;CompteLib_0030;;;22L61;20221219;EcritureLib_0031;20240228;0,67;0,00;D;BQ/274;;
BQ;Banque BQ;BQ/274;20221219;51220000;CompteLib_0026;;;22L61;20221219;EcritureLib_0031;20240228;0,00;0,67;C;BQ/274;;
BQ;Banque BQ;BQ/275;20221219;60700000;CompteLib_0031;;;22L89;20221219;EcritureLib_0195;20240228;15,97;0,00;D;BQ/275;;
BQ;Banque BQ;BQ/275;20221219;44566100;CompteLib_0018;;;22L89;20221219;EcritureLib_0195;20240228;0,88;0,00;D;BQ/275;A;20240227
BQ;Banque BQ;BQ/275;20221219;51220000;CompteLib_0026;;;22L89;20221219;EcritureLib_0195;20240228;0,00;16,85;C;BQ/275;;
BQ;Banque BQ;BQ/276;20221219;51100000;CompteLib_0024;;;22L65;20221219;EcritureLib_0196;20240228;0,00;9,50;C;BQ/276;;
BQ;Banque BQ;BQ/276;20221219;51220000;CompteLib_0026;;;22L65;20221219;EcritureLib_0196;20240228;9,50;0,00;D;BQ/276;;
BQ;Banque BQ;BQ/277;20221219;51100000;CompteLib_0024;;;22L64;20221219;EcritureLib_0197;20240228;0,00;214,20;C;BQ/277;;
BQ;Banque BQ;BQ/277;20221219;51220000;CompteLib_0026;;;22L64;20221219;EcritureLib_0197;20240228;214,20;0,00;D;BQ/277;;
BQ;Banque BQ;BQ/278;20221219;44566100;CompteLib_0018;;;22L63;20221219;EcritureLib_0072;20240228;26,63;0,00;D;BQ/278;A;20240227
BQ;Banque BQ;BQ/278;20221219;60610000;CompteLib_0038;;;22L63;20221219;EcritureLib_0072;20240228;133,12;0,00;D;BQ/278;;
BQ;Banque BQ;BQ/278;20221219;51220000;CompteLib_0026;;;22L63;20221219;EcritureLib_0072;20240228;0,00;159,75;C;BQ/278;;
BQ;Banque BQ;BQ/279;20221220;44566100;CompteLib_0018;;;22L66;20221220;EcritureLib_0082;20240228;29,80;0,00;D;BQ/279;A;20240227
BQ;Banque BQ;BQ/279;20221220;62260000;CompteLib_0039;;;22L66;20221220;EcritureLib_0082;20240228;149,00;0,00;D;BQ/279;;
BQ;Banque BQ;BQ/279;20221220;51220000;CompteLib_0026;;;22L66;20221220;EcritureLib_0082;20240228;0,00;178,80;C;BQ/279;;
BQ;Banque BQ;BQ/280;20221220;44566100;CompteLib_0018;;;22L67;20221220;EcritureLib_0057;20240228;1,93;0,00;D;BQ/280;A;20240227
BQ;Banque BQ;BQ/280;20221220;60700000;CompteLib_0031;;;22L67;20221220;EcritureLib_0057;20240228;35,13;0,00;D;BQ/280;;
BQ;Banque BQ;BQ/280;20221220;51220000;CompteLib_0026;;;22L67;20221220;EcritureLib_0057;20240228;0,00;37,06;C;BQ/280;;
BQ;Banque BQ;BQ/281;20221220;51120000;CompteLib_0025;;;22L68;20221220;EcritureLib_0042;20240228;0,00;53,57;C;BQ/281;;
BQ;Banque BQ;BQ/281;20221220;51220000;CompteLib_0026;;;22L68;20221220;EcritureLib_0042;20240228;53,57;0,00;D;BQ/281;;
BQ;Banque BQ;BQ/282;20221221;61350000;CompteLib_0036;;;22L90;20221221;EcritureLib_0086;20240228;67,14;0,00;D;BQ/282;;
BQ;Banque BQ;BQ/282;20221221;44566100;CompteLib_0018;;;22L90;20221221;EcritureLib_0086;20240228;12,80;0,00;D;BQ/282;A;20240227
BQ;Banque BQ;BQ/282;20221221;51220000;CompteLib_0026;;;22L90;20221221;EcritureLib_0086;20240228;0,00;79,94;C;BQ/282;;
BQ;Banque BQ;BQ/283;20221222;51120000;CompteLib_0025;;;22L71;20221222;EcritureLib_0198;20240228;0,00;8,52;C;BQ/283;;
BQ;Banque BQ;BQ/283;20221222;51220000;CompteLib_0026;;;22L71;20221222;EcritureLib_0198;20240228;8,52;0,00;D;BQ/283;;
BQ;Banque BQ;BQ/284;20221222;51120000;CompteLib_0025;;;22L70;20221222;EcritureLib_0199;20240228;0,00;25,51;C;BQ/284;;
BQ;Banque BQ;BQ/284;20221222;51220000;CompteLib_0026;;;22L70;20221222;EcritureLib_0199;20240228;25,51;0,00;D;BQ/284;;
BQ;Banque BQ;BQ/285;20221227;62700000;CompteLib_0030;;;22L72;20221227;EcritureLib_0098;20240228;5,08;0,00;D;BQ/285;;
BQ;Banque BQ;BQ/285;20221227;51220000;CompteLib_0026;;;22L72;20221227;EcritureLib_0098;20240228;0,00;5,08;C;BQ/285;;
BQ;Banque BQ;BQ/286;20221227;62700000;CompteLib_0030;;;22L73;20221227;EcritureLib_0099;20240228;5,08;0,00;D;BQ/286;;
BQ;Banque BQ;BQ/286;20221227;51220000;CompteLib_0026;;;22L73;20221227;EcritureLib_0099;20240228;0,00;5,08;C;BQ/286;;
BQ;Banque BQ;BQ/287;20221228;44566100;CompteLib_0018;;;22L74;20221228;EcritureLib_0103;20240228;6,00;0,00;D;BQ/287;A;20240227
BQ;Banque BQ;BQ/287;20221228;62600000;CompteLib_0035;;;22L74;20221228;EcritureLib_0103;20240228;30,00;0,00;D;BQ/287;;
BQ;Banque BQ;BQ/287;20221228;51220000;CompteLib_0026;;;22L74;20221228;EcritureLib_0103;20240228;0,00;36,00;C;BQ/287;;
BQ;Banque BQ;BQ/288;20221228;60700000;CompteLib_0031;;;22L91;20221228;EcritureLib_0042;20240228;0,00;26,34;C;BQ/288;;
BQ;Banque BQ;BQ/288;20221228;44566100;CompteLib_0018;;;22L91;20221228;EcritureLib_0042;20240228;0,00;1,45;C;BQ/288;A;20240227
BQ;Banque BQ;BQ/288;20221228;51220000;CompteLib_0026;;;22L91;20221228;EcritureLib_0042;20240228;27,79;0,00;D;BQ/288;;
BQ;Banque BQ;BQ/289;20221229;53000000;CompteLib_0028;;;22L80;20221229;EcritureLib_0200;20240228;0,00;160,00;C;BQ/289;;
BQ;Banque BQ;BQ/289;20221229;51220000;CompteLib_0026;;;22L80;20221229;EcritureLib_0200;20240228;160,00;0,00;D;BQ/289;;
BQ;Banque BQ;BQ/290;20221229;62700000;CompteLib_0030;;;22L78;20221229;EcritureLib_0102;20240228;0,00;0,57;C;BQ/290;;
BQ;Banque BQ;BQ/290;20221229;51220000;CompteLib_0026;;;22L78;20221229;EcritureLib_0102;20240228;0,57;0,00;D;BQ/290;;
BQ;Banque BQ;BQ/291;20221229;62700000;CompteLib_0030;;;22L79;20221229;EcritureLib_0102;20240228;0,00;15,83;C;BQ/291;;
BQ;Banque BQ;BQ/291;20221229;51220000;CompteLib_0026;;;22L79;20221229;EcritureLib_0102;20240228;15,83;0,00;D;BQ/291;;
BQ;Banque BQ;BQ/292;20221229;62700000;CompteLib_0030;;;22L76;20221229;EcritureLib_0101;20240228;18,10;0,00;D;BQ/292;;
BQ;Banque BQ;BQ/292;20221229;51220000;CompteLib_0026;;;22L76;20221229;EcritureLib_0101;20240228;0,00;18,10;C;BQ/292;;
BQ;Banque BQ;BQ/293;20221229;51120000;CompteLib_0025;;;22L77;20221229;EcritureLib_0201;20240228;0,00;13,77;C;BQ/293;;
BQ;Banque BQ;BQ/293;20221229;51220000;CompteLib_0026;;;22L77;20221229;EcritureLib_0201;20240228;13,77;0,00;D;BQ/293;;
BQ;Banque BQ;BQ/294;20221230;44566100;CompteLib_0018;;;22L81;20221230;EcritureLib_0057;20240228;5,66;0,00;D;BQ/294;A;20240227
BQ;Banque BQ;BQ/294;20221230;60700000;CompteLib_0031;;;22L81;20221230;EcritureLib_0057;20240228;102,98;0,00;D;BQ/294;;
BQ;Banque BQ;BQ/294;20221230;51220000;CompteLib_0026;;;22L81;20221230;EcritureLib_0057;20240228;0,00;108,64;C;BQ/294;;
BQ;Banque BQ;BQ/295;20221231;62700000;CompteLib_0030;;;22L92;20221231;EcritureLib_0202;20240228;25,71;0,00;D;BQ/295;;
BQ;Banque BQ;BQ/295;20221231;51220000;CompteLib_0026;;;22L92;20221231;EcritureLib_0202;20240228;0,00;25,71;C;BQ/295;;
BQ;Banque BQ;BQ/296;20230102;60700000;CompteLib_0031;;;23A3;20230102;EcritureLib_0203;20240228;70,48;0,00;D;BQ/296;;
BQ;Banque BQ;BQ/296;20230102;44566100;CompteLib_0018;;;23A3;20230102;EcritureLib_0203;20240228;3,88;0,00;D;BQ/296;A;20240227
BQ;Banque BQ;BQ/296;20230102;51220000;CompteLib_0026;;;23A3;20230102;EcritureLib_0203;20240228;0,00;74,36;C;BQ/296;;
BQ;Banque BQ;BQ/297;20230102;62700000;CompteLib_0030;;;23A2;20230102;EcritureLib_0030;20240228;4,10;0,00;D;BQ/297;;
BQ;Banque BQ;BQ/297;20230102;51220000;CompteLib_0026;;;23A2;20230102;EcritureLib_0030;20240228;0,00;4,10;C;BQ/297;;
BQ;Banque BQ;BQ/298;20230102;44566100;CompteLib_0018;;;23A4;20230102;EcritureLib_0204;20240228;2,00;0,00;D;BQ/298;A;20240227
BQ;Banque BQ;BQ/298;20230102;62600000;CompteLib_0035;;;23A4;20230102;EcritureLib_0204;20240228;10,00;0,00;D;BQ/298;;
BQ;Banque BQ;BQ/298;20230102;51220000;CompteLib_0026;;;23A4;20230102;EcritureLib_0204;20240228;0,00;12,00;C;BQ/298;;
BQ;Banque BQ;BQ/299;20230102;62700000;CompteLib_0030;;;23A6;20230102;EcritureLib_0031;20240228;0,06;0,00;D;BQ/299;;
BQ;Banque BQ;BQ/299;20230102;51220000;CompteLib_0026;;;23A6;20230102;EcritureLib_0031;20240228;0,00;0,06;C;BQ/299;;
BQ;Banque BQ;BQ/300;20230102;44566100;CompteLib_0018;;;23A7;20230102;EcritureLib_0066;20240228;13,26;0,00;D;BQ/300;A;20240227
BQ;Banque BQ;BQ/300;20230102;61350000;CompteLib_0036;;;23A7;20230102;EcritureLib_0066;20240228;66,30;0,00;D;BQ/300;;
BQ;Banque BQ;BQ/300;20230102;51220000;CompteLib_0026;;;23A7;20230102;EcritureLib_0066;20240228;0,00;79,56;C;BQ/300;;
BQ;Banque BQ;BQ/301;20230102;51100000;CompteLib_0024;;;23A8;20230102;EcritureLib_0205;20240228;0,00;18,40;C;BQ/301;;
BQ;Banque BQ;BQ/301;20230102;51220000;CompteLib_0026;;;23A8;20230102;EcritureLib_0205;20240228;18,40;0,00;D;BQ/301;;
BQ;Banque BQ;BQ/302;20230102;61321000;CompteLib_0040;;;23A9;20230102;EcritureLib_0085;20240228;1135,00;0,00;D;BQ/302;;
BQ;Banque BQ;BQ/302;20230102;51220000;CompteLib_0026;;;23A9;20230102;EcritureLib_0085;20240228;0,00;1135,00;C;BQ/302;;
BQ;Banque BQ;BQ/302;20230102;61400000;CompteLib_0041;;;23A9;20230102;EcritureLib_0085;20240228;60,00;0,00;D;BQ/302;;
BQ;Banque BQ;BQ/302;20230102;51220000;CompteLib_0026;;;23A9;20230102;EcritureLib_0085;20240228;0,00;60,00;C;BQ/302;;
BQ;Banque BQ;BQ/303;20230102;60700000;CompteLib_0031;;;23A109;20230102;EcritureLib_0206;20240228;214,02;0,00;D;BQ/303;;
BQ;Banque BQ;BQ/303;20230102;44566100;CompteLib_0018;;;23A109;20230102;EcritureLib_0206;20240228;11,77;0,00;D;BQ/303;A;20240227
BQ;Banque BQ;BQ/303;20230102;51220000;CompteLib_0026;;;23A109;20230102;EcritureLib_0206;20240228;0,00;225,79;C;BQ/303;;
BQ;Banque BQ;BQ/303;20230102;60630000;CompteLib_0032;;;23A109;20230102;EcritureLib_0206;20240228;20,86;0,00;D;BQ/303;;
BQ;Banque BQ;BQ/303;20230102;44566100;CompteLib_0018;;;23A109;20230102;EcritureLib_0206;20240228;4,17;0,00;D;BQ/303;A;20240227
BQ;Banque BQ;BQ/303;20230102;51220000;CompteLib_0026;;;23A109;20230102;EcritureLib_0206;20240228;0,00;25,03;C;BQ/303;;
BQ;Banque BQ;BQ/304;20230103;60700000;CompteLib_0031;;;23A110;20230103;EcritureLib_0207;20240228;74,92;0,00;D;BQ/304;;
BQ;Banque BQ;BQ/304;20230103;44566100;CompteLib_0018;;;23A110;20230103;EcritureLib_0207;20240228;4,12;0,00;D;BQ/304;A;20240227
BQ;Banque BQ;BQ/304;20230103;51220000;CompteLib_0026;;;23A110;20230103;EcritureLib_0207;20240228;0,00;46,94;C;BQ/304;;
BQ;Banque BQ;BQ/304;20230103;60630000;CompteLib_0032;;;23A110;20230103;EcritureLib_0207;20240228;14,92;0,00;D;BQ/304;;
BQ;Banque BQ;BQ/304;20230103;44566100;CompteLib_0018;;;23A110;20230103;EcritureLib_0207;20240228;2,98;0,00;D;BQ/304;A;20240227
BQ;Banque BQ;BQ/304;20230103;45500000;CompteLib_0023;;;23A110;20230103;EcritureLib_0208;20240228;0,00;50,00;C;BQ/304;;
BQ;Banque BQ;BQ/305;20230103;60700000;CompteLib_0031;;;23A11;20230103;EcritureLib_0209;20240228;59,11;0,00;D;BQ/305;;
BQ;Banque BQ;BQ/305;20230103;44566100;CompteLib_0018;;;23A11;20230103;EcritureLib_0209;20240228;3,25;0,00;D;BQ/305;A;20240227
BQ;Banque BQ;BQ/305;20230103;51220000;CompteLib_0026;;;23A11;20230103;EcritureLib_0209;20240228;0,00;62,36;C;BQ/305;;
BQ;Banque BQ;BQ/306;20230104;51100000;CompteLib_0024;;;23A15;20230104;EcritureLib_0210;20240228;0,00;155,00;C;BQ/306;;
BQ;Banque BQ;BQ/306;20230104;51220000;CompteLib_0026;;;23A15;20230104;EcritureLib_0210;20240228;155,00;0,00;D;BQ/306;;
BQ;Banque BQ;BQ/307;20230104;44566100;CompteLib_0018;;;23A12;20230104;EcritureLib_0211;20240228;1,15;0,00;D;BQ/307;A;20240227
BQ;Banque BQ;BQ/307;20230104;60700000;CompteLib_0031;;;23A12;20230104;EcritureLib_0211;20240228;20,85;0,00;D;BQ/307;;
BQ;Banque BQ;BQ/307;20230104;51220000;CompteLib_0026;;;23A12;20230104;EcritureLib_0211;20240228;0,00;22,00;C;BQ/307;;
BQ;Banque BQ;BQ/308;20230104;62700000;CompteLib_0030;;;23A13;20230104;EcritureLib_0031;20240228;0,85;0,00;D;BQ/308;;
BQ;Banque BQ;BQ/308;20230104;51220000;CompteLib_0026;;;23A13;20230104;EcritureLib_0031;20240228;0,00;0,85;C;BQ/308;;
BQ;Banque BQ;BQ/309;20230104;62700000;CompteLib_0030;;;23A14;20230104;EcritureLib_0031;20240228;0,09;0,00;D;BQ/309;;
BQ;Banque BQ;BQ/309;20230104;51220000;CompteLib_0026;;;23A14;20230104;EcritureLib_0031;20240228;0,00;0,09;C;BQ/309;;
BQ;Banque BQ;BQ/310;20230104;51100000;CompteLib_0024;;;23A16;20230104;EcritureLib_0212;20240228;0,00;29,50;C;BQ/310;;
BQ;Banque BQ;BQ/310;20230104;51220000;CompteLib_0026;;;23A16;20230104;EcritureLib_0212;20240228;29,50;0,00;D;BQ/310;;
BQ;Banque BQ;BQ/311;20230105;51100000;CompteLib_0024;;;23A20;20230105;EcritureLib_0213;20240228;0,00;229,50;C;BQ/311;;
BQ;Banque BQ;BQ/311;20230105;51220000;CompteLib_0026;;;23A20;20230105;EcritureLib_0213;20240228;229,50;0,00;D;BQ/311;;
BQ;Banque BQ;BQ/312;20230105;51100000;CompteLib_0024;;;23A21;20230105;EcritureLib_0214;20240228;0,00;21,30;C;BQ/312;;
BQ;Banque BQ;BQ/312;20230105;51220000;CompteLib_0026;;;23A21;20230105;EcritureLib_0214;20240228;21,30;0,00;D;BQ/312;;
BQ;Banque BQ;BQ/313;20230105;61600000;CompteLib_0034;;;23A19;20230105;EcritureLib_0041;20240228;69,13;0,00;D;BQ/313;;
BQ;Banque BQ;BQ/313;20230105;51220000;CompteLib_0026;;;23A19;20230105;EcritureLib_0041;20240228;0,00;69,13;C;BQ/313;;
BQ;Banque BQ;BQ/314;20230105;62700000;CompteLib_0030;;;23A18;20230105;EcritureLib_0031;20240228;0,06;0,00;D;BQ/314;;
BQ;Banque BQ;BQ/314;20230105;51220000;CompteLib_0026;;;23A18;20230105;EcritureLib_0031;20240228;0,00;0,06;C;BQ/314;;
BQ;Banque BQ;BQ/315;20230105;62700000;CompteLib_0030;;;23A17;20230105;EcritureLib_0031;20240228;0,69;0,00;D;BQ/315;;
BQ;Banque BQ;BQ/315;20230105;51220000;CompteLib_0026;;;23A17;20230105;EcritureLib_0031;20240228;0,00;0,69;C;BQ/315;;
BQ;Banque BQ;BQ/316;20230106;51100000;CompteLib_0024;;;23A26;20230106;EcritureLib_0215;20240228;0,00;10,50;C;BQ/316;;
BQ;Banque BQ;BQ/316;20230106;51220000;CompteLib_0026;;;23A26;20230106;EcritureLib_0215;20240228;10,50;0,00;D;BQ/316;;
BQ;Banque BQ;BQ/317;20230106;62700000;CompteLib_0030;;;23A23;20230106;EcritureLib_0031;20240228;0,35;0,00;D;BQ/317;;
BQ;Banque BQ;BQ/317;20230106;51220000;CompteLib_0026;;;23A23;20230106;EcritureLib_0031;20240228;0,00;0,35;C;BQ/317;;
BQ;Banque BQ;BQ/318;20230106;60700000;CompteLib_0031;;;23A22;20230106;EcritureLib_0216;20240228;46,95;0,00;D;BQ/318;;
BQ;Banque BQ;BQ/318;20230106;44566100;CompteLib_0018;;;23A22;20230106;EcritureLib_0216;20240228;2,58;0,00;D;BQ/318;A;20240227
BQ;Banque BQ;BQ/318;20230106;51220000;CompteLib_0026;;;23A22;20230106;EcritureLib_0216;20240228;0,00;49,53;C;BQ/318;;
BQ;Banque BQ;BQ/319;20230106;62700000;CompteLib_0030;;;23A24;20230106;EcritureLib_0031;20240228;0,03;0,00;D;BQ/319;;
BQ;Banque BQ;BQ/319;20230106;51220000;CompteLib_0026;;;23A24;20230106;EcritureLib_0031;20240228;0,00;0,03;C;BQ/319;;
BQ;Banque BQ;BQ/320;20230106;51100000;CompteLib_0024;;;23A25;20230106;EcritureLib_0217;20240228;0,00;113,00;C;BQ/320;;
BQ;Banque BQ;BQ/320;20230106;51220000;CompteLib_0026;;;23A25;20230106;EcritureLib_0217;20240228;113,00;0,00;D;BQ/320;;
BQ;Banque BQ;BQ/321;20230109;51100000;CompteLib_0024;;;23A29;20230109;EcritureLib_0218;20240228;0,00;118,20;C;BQ/321;;
BQ;Banque BQ;BQ/321;20230109;51220000;CompteLib_0026;;;23A29;20230109;EcritureLib_0218;20240228;118,20;0,00;D;BQ/321;;
BQ;Banque BQ;BQ/322;20230109;62700000;CompteLib_0030;;;23A28;20230109;EcritureLib_0031;20240228;0,35;0,00;D;BQ/322;;
BQ;Banque BQ;BQ/322;20230109;51220000;CompteLib_0026;;;23A28;20230109;EcritureLib_0031;20240228;0,00;0,35;C;BQ/322;;
BQ;Banque BQ;BQ/323;20230109;60700000;CompteLib_0031;;;23A27;20230109;EcritureLib_0219;20240228;32,51;0,00;D;BQ/323;;
BQ;Banque BQ;BQ/323;20230109;44566100;CompteLib_0018;;;23A27;20230109;EcritureLib_0219;20240228;1,79;0,00;D;BQ/323;A;20240227
BQ;Banque BQ;BQ/323;20230109;51220000;CompteLib_0026;;;23A27;20230109;EcritureLib_0219;20240228;0,00;34,30;C;BQ/323;;
BQ;Banque BQ;BQ/324;20230110;51100000;CompteLib_0024;;;23A30;20230110;EcritureLib_0220;20240228;0,00;155,60;C;BQ/324;;
BQ;Banque BQ;BQ/324;20230110;51220000;CompteLib_0026;;;23A30;20230110;EcritureLib_0220;20240228;155,60;0,00;D;BQ/324;;
BQ;Banque BQ;BQ/325;20230110;62700000;CompteLib_0030;;;23A34;20230110;EcritureLib_0031;20240228;0,47;0,00;D;BQ/325;;
BQ;Banque BQ;BQ/325;20230110;51220000;CompteLib_0026;;;23A34;20230110;EcritureLib_0031;20240228;0,00;0,47;C;BQ/325;;
BQ;Banque BQ;BQ/326;20230110;62600000;CompteLib_0035;;;23A32;20230110;EcritureLib_0054;20240228;25,43;0,00;D;BQ/326;;
BQ;Banque BQ;BQ/326;20230110;44566100;CompteLib_0018;;;23A32;20230110;EcritureLib_0054;20240228;5,09;0,00;D;BQ/326;A;20240227
BQ;Banque BQ;BQ/326;20230110;51220000;CompteLib_0026;;;23A32;20230110;EcritureLib_0054;20240228;0,00;30,52;C;BQ/326;;
BQ;Banque BQ;BQ/327;20230110;60700000;CompteLib_0031;;;23A111;20230110;EcritureLib_0221;20240228;18,63;0,00;D;BQ/327;;
BQ;Banque BQ;BQ/327;20230110;44566100;CompteLib_0018;;;23A111;20230110;EcritureLib_0221;20240228;1,35;0,00;D;BQ/327;A;20240227
BQ;Banque BQ;BQ/327;20230110;51220000;CompteLib_0026;;;23A111;20230110;EcritureLib_0221;20240228;0,00;19,98;C;BQ/327;;
BQ;Banque BQ;BQ/328;20230110;60700000;CompteLib_0031;;;23A31;20230110;EcritureLib_0057;20240228;80,42;0,00;D;BQ/328;;
BQ;Banque BQ;BQ/328;20230110;44566100;CompteLib_0018;;;23A31;20230110;EcritureLib_0057;20240228;4,42;0,00;D;BQ/328;A;20240227
BQ;Banque BQ;BQ/328;20230110;51220000;CompteLib_0026;;;23A31;20230110;EcritureLib_0057;20240228;0,00;84,84;C;BQ/328;;
BQ;Banque BQ;BQ/329;20230111;60700000;CompteLib_0031;;;23A112;20230111;EcritureLib_0222;20240228;80,03;0,00;D;BQ/329;;
BQ;Banque BQ;BQ/329;20230111;44566100;CompteLib_0018;;;23A112;20230111;EcritureLib_0222;20240228;4,40;0,00;D;BQ/329;A;20240227
BQ;Banque BQ;BQ/329;20230111;51220000;CompteLib_0026;;;23A112;20230111;EcritureLib_0222;20240228;0,00;84,43;C;BQ/329;;
BQ;Banque BQ;BQ/329;20230111;60630000;CompteLib_0032;;;23A112;20230111;EcritureLib_0222;20240228;8,97;0,00;D;BQ/329;;
BQ;Banque BQ;BQ/329;20230111;44566100;CompteLib_0018;;;23A112;20230111;EcritureLib_0222;20240228;1,80;0,00;D;BQ/329;A;20240227
BQ;Banque BQ;BQ/329;20230111;51220000;CompteLib_0026;;;23A112;20230111;EcritureLib_0222;20240228;0,00;10,77;C;BQ/329;;
BQ;Banque BQ;BQ/330;20230111;51100000;CompteLib_0024;;;23A36;20230111;EcritureLib_0223;20240228;0,00;10,50;C;BQ/330;;
BQ;Banque BQ;BQ/330;20230111;51220000;CompteLib_0026;;;23A36;20230111;EcritureLib_0223;20240228;10,50;0,00;D;BQ/330;;
BQ;Banque BQ;BQ/331;20230111;62700000;CompteLib_0030;;;23A38;20230111;EcritureLib_0031;20240228;0,54;0,00;D;BQ/331;;
BQ;Banque BQ;BQ/331;20230111;51220000;CompteLib_0026;;;23A38;20230111;EcritureLib_0031;20240228;0,00;0,54;C;BQ/331;;
BQ;Banque BQ;BQ/332;20230111;62700000;CompteLib_0030;;;23A39;20230111;EcritureLib_0031;20240228;0,03;0,00;D;BQ/332;;
BQ;Banque BQ;BQ/332;20230111;51220000;CompteLib_0026;;;23A39;20230111;EcritureLib_0031;20240228;0,00;0,03;C;BQ/332;;
BQ;Banque BQ;BQ/333;20230111;51100000;CompteLib_0024;;;23A35;20230111;EcritureLib_0224;20240228;0,00;178,70;C;BQ/333;;
BQ;Banque BQ;BQ/333;20230111;51220000;CompteLib_0026;;;23A35;20230111;EcritureLib_0224;20240228;178,70;0,00;D;BQ/333;;
BQ;Banque BQ;BQ/334;20230112;62700000;CompteLib_0030;;;23A43;20230112;EcritureLib_0031;20240228;1,12;0,00;D;BQ/334;;
BQ;Banque BQ;BQ/334;20230112;51220000;CompteLib_0026;;;23A43;20230112;EcritureLib_0031;20240228;0,00;1,12;C;BQ/334;;
BQ;Banque BQ;BQ/335;20230112;51100000;CompteLib_0024;;;23A40;20230112;EcritureLib_0225;20240228;0,00;368,50;C;BQ/335;;
BQ;Banque BQ;BQ/335;20230112;51220000;CompteLib_0026;;;23A40;20230112;EcritureLib_0225;20240228;368,50;0,00;D;BQ/335;;
BQ;Banque BQ;BQ/336;20230112;51100000;CompteLib_0024;;;23A42;20230112;EcritureLib_0226;20240228;0,00;30,80;C;BQ/336;;
BQ;Banque BQ;BQ/336;20230112;51220000;CompteLib_0026;;;23A42;20230112;EcritureLib_0226;20240228;30,80;0,00;D;BQ/336;;
BQ;Banque BQ;BQ/337;20230112;62700000;CompteLib_0030;;;23A44;20230112;EcritureLib_0031;20240228;0,09;0,00;D;BQ/337;;
BQ;Banque BQ;BQ/337;20230112;51220000;CompteLib_0026;;;23A44;20230112;EcritureLib_0031;20240228;0,00;0,09;C;BQ/337;;
BQ;Banque BQ;BQ/338;20230112;51120000;CompteLib_0025;;;23A41;20230112;EcritureLib_0227;20240228;0,00;57,31;C;BQ/338;;
BQ;Banque BQ;BQ/338;20230112;51220000;CompteLib_0026;;;23A41;20230112;EcritureLib_0227;20240228;57,31;0,00;D;BQ/338;;
BQ;Banque BQ;BQ/339;20230113;51100000;CompteLib_0024;;;23A45;20230113;EcritureLib_0228;20240228;0,00;221,40;C;BQ/339;;
BQ;Banque BQ;BQ/339;20230113;51220000;CompteLib_0026;;;23A45;20230113;EcritureLib_0228;20240228;221,40;0,00;D;BQ/339;;
BQ;Banque BQ;BQ/340;20230113;60700000;CompteLib_0031;;;23A113;20230113;EcritureLib_0229;20240228;292,27;0,00;D;BQ/340;;
BQ;Banque BQ;BQ/340;20230113;44566100;CompteLib_0018;;;23A113;20230113;EcritureLib_0229;20240228;16,07;0,00;D;BQ/340;A;20240227
BQ;Banque BQ;BQ/340;20230113;51220000;CompteLib_0026;;;23A113;20230113;EcritureLib_0229;20240228;0,00;308,34;C;BQ/340;;
BQ;Banque BQ;BQ/340;20230113;60630000;CompteLib_0032;;;23A113;20230113;EcritureLib_0229;20240228;15,97;0,00;D;BQ/340;;
BQ;Banque BQ;BQ/340;20230113;44566100;CompteLib_0018;;;23A113;20230113;EcritureLib_0229;20240228;3,19;0,00;D;BQ/340;A;20240227
BQ;Banque BQ;BQ/340;20230113;51220000;CompteLib_0026;;;23A113;20230113;EcritureLib_0229;20240228;0,00;19,16;C;BQ/340;;
BQ;Banque BQ;BQ/341;20230113;62700000;CompteLib_0030;;;23A47;20230113;EcritureLib_0031;20240228;0,72;0,00;D;BQ/341;;
BQ;Banque BQ;BQ/341;20230113;51220000;CompteLib_0026;;;23A47;20230113;EcritureLib_0031;20240228;0,00;0,72;C;BQ/341;;
BQ;Banque BQ;BQ/342;20230116;51100000;CompteLib_0024;;;23A48;20230116;EcritureLib_0230;20240228;0,00;299,30;C;BQ/342;;
BQ;Banque BQ;BQ/342;20230116;51220000;CompteLib_0026;;;23A48;20230116;EcritureLib_0230;20240228;299,30;0,00;D;BQ/342;;
BQ;Banque BQ;BQ/343;20230116;62700000;CompteLib_0030;;;23A50;20230116;EcritureLib_0031;20240228;0,91;0,00;D;BQ/343;;
BQ;Banque BQ;BQ/343;20230116;51220000;CompteLib_0026;;;23A50;20230116;EcritureLib_0031;20240228;0,00;0,91;C;BQ/343;;
BQ;Banque BQ;BQ/344;20230116;62700000;CompteLib_0030;;;23A51;20230116;EcritureLib_0031;20240228;0,10;0,00;D;BQ/344;;
BQ;Banque BQ;BQ/344;20230116;51220000;CompteLib_0026;;;23A51;20230116;EcritureLib_0031;20240228;0,00;0,10;C;BQ/344;;
BQ;Banque BQ;BQ/345;20230116;51100000;CompteLib_0024;;;23A49;20230116;EcritureLib_0231;20240228;0,00;33,90;C;BQ/345;;
BQ;Banque BQ;BQ/345;20230116;51220000;CompteLib_0026;;;23A49;20230116;EcritureLib_0231;20240228;33,90;0,00;D;BQ/345;;
BQ;Banque BQ;BQ/346;20230117;51100000;CompteLib_0024;;;23A52;20230117;EcritureLib_0232;20240228;0,00;120,70;C;BQ/346;;
BQ;Banque BQ;BQ/346;20230117;51220000;CompteLib_0026;;;23A52;20230117;EcritureLib_0232;20240228;120,70;0,00;D;BQ/346;;
BQ;Banque BQ;BQ/347;20230117;51100000;CompteLib_0024;;;23A54;20230117;EcritureLib_0233;20240228;0,00;12,50;C;BQ/347;;
BQ;Banque BQ;BQ/347;20230117;51220000;CompteLib_0026;;;23A54;20230117;EcritureLib_0233;20240228;12,50;0,00;D;BQ/347;;
BQ;Banque BQ;BQ/348;20230117;62700000;CompteLib_0030;;;23A57;20230117;EcritureLib_0031;20240228;0,04;0,00;D;BQ/348;;
BQ;Banque BQ;BQ/348;20230117;51220000;CompteLib_0026;;;23A57;20230117;EcritureLib_0031;20240228;0,00;0,04;C;BQ/348;;
BQ;Banque BQ;BQ/349;20230117;62700000;CompteLib_0030;;;23A56;20230117;EcritureLib_0031;20240228;0,36;0,00;D;BQ/349;;
BQ;Banque BQ;BQ/349;20230117;51220000;CompteLib_0026;;;23A56;20230117;EcritureLib_0031;20240228;0,00;0,36;C;BQ/349;;
BQ;Banque BQ;BQ/350;20230117;60610000;CompteLib_0038;;;23A55;20230117;EcritureLib_0072;20240228;74,05;0,00;D;BQ/350;;
BQ;Banque BQ;BQ/350;20230117;44566100;CompteLib_0018;;;23A55;20230117;EcritureLib_0072;20240228;11,45;0,00;D;BQ/350;A;20240227
BQ;Banque BQ;BQ/350;20230117;51220000;CompteLib_0026;;;23A55;20230117;EcritureLib_0072;20240228;0,00;85,50;C;BQ/350;;
BQ;Banque BQ;BQ/351;20230117;51120000;CompteLib_0025;;;23A53;20230117;EcritureLib_0042;20240228;0,00;79,49;C;BQ/351;;
BQ;Banque BQ;BQ/351;20230117;51220000;CompteLib_0026;;;23A53;20230117;EcritureLib_0042;20240228;79,49;0,00;D;BQ/351;;
BQ;Banque BQ;BQ/352;20230118;62700000;CompteLib_0030;;;23A60;20230118;EcritureLib_0031;20240228;1,08;0,00;D;BQ/352;;
BQ;Banque BQ;BQ/352;20230118;51220000;CompteLib_0026;;;23A60;20230118;EcritureLib_0031;20240228;0,00;1,08;C;BQ/352;;
BQ;Banque BQ;BQ/353;20230118;62700000;CompteLib_0030;;;23A61;20230118;EcritureLib_0031;20240228;0,03;0,00;D;BQ/353;;
BQ;Banque BQ;BQ/353;20230118;51220000;CompteLib_0026;;;23A61;20230118;EcritureLib_0031;20240228;0,00;0,03;C;BQ/353;;
BQ;Banque BQ;BQ/354;20230118;51100000;CompteLib_0024;;;23A59;20230118;EcritureLib_0234;20240228;0,00;10,50;C;BQ/354;;
BQ;Banque BQ;BQ/354;20230118;51220000;CompteLib_0026;;;23A59;20230118;EcritureLib_0234;20240228;10,50;0,00;D;BQ/354;;
BQ;Banque BQ;BQ/355;20230118;51100000;CompteLib_0024;;;23A58;20230118;EcritureLib_0235;20240228;0,00;347,50;C;BQ/355;;
BQ;Banque BQ;BQ/355;20230118;51220000;CompteLib_0026;;;23A58;20230118;EcritureLib_0235;20240228;347,50;0,00;D;BQ/355;;
BQ;Banque BQ;BQ/356;20230119;60700000;CompteLib_0031;;;23A65;20230119;EcritureLib_0236;20240228;84,41;0,00;D;BQ/356;;
BQ;Banque BQ;BQ/356;20230119;44566100;CompteLib_0018;;;23A65;20230119;EcritureLib_0236;20240228;4,64;0,00;D;BQ/356;A;20240227
BQ;Banque BQ;BQ/356;20230119;51220000;CompteLib_0026;;;23A65;20230119;EcritureLib_0236;20240228;0,00;89,05;C;BQ/356;;
BQ;Banque BQ;BQ/357;20230119;51100000;CompteLib_0024;;;23A62;20230119;EcritureLib_0237;20240228;0,00;112,70;C;BQ/357;;
BQ;Banque BQ;BQ/357;20230119;51220000;CompteLib_0026;;;23A62;20230119;EcritureLib_0237;20240228;112,70;0,00;D;BQ/357;;
BQ;Banque BQ;BQ/358;20230119;51120000;CompteLib_0025;;;23A64;20230119;EcritureLib_0238;20240228;0,00;21,72;C;BQ/358;;
BQ;Banque BQ;BQ/358;20230119;51220000;CompteLib_0026;;;23A64;20230119;EcritureLib_0238;20240228;21,72;0,00;D;BQ/358;;
BQ;Banque BQ;BQ/359;20230119;62700000;CompteLib_0030;;;23A66;20230119;EcritureLib_0031;20240228;0,35;0,00;D;BQ/359;;
BQ;Banque BQ;BQ/359;20230119;51220000;CompteLib_0026;;;23A66;20230119;EcritureLib_0031;20240228;0,00;0,35;C;BQ/359;;
BQ;Banque BQ;BQ/360;20230119;51120000;CompteLib_0025;;;23A63;20230119;EcritureLib_0239;20240228;0,00;72,62;C;BQ/360;;
BQ;Banque BQ;BQ/360;20230119;51220000;CompteLib_0026;;;23A63;20230119;EcritureLib_0239;20240228;72,62;0,00;D;BQ/360;;
BQ;Banque BQ;BQ/361;20230120;61350000;CompteLib_0036;;;23A114;20230120;EcritureLib_0086;20240228;67,14;0,00;D;BQ/361;;
BQ;Banque BQ;BQ/361;20230120;44566100;CompteLib_0018;;;23A114;20230120;EcritureLib_0086;20240228;12,80;0,00;D;BQ/361;A;20240227
BQ;Banque BQ;BQ/361;20230120;51220000;CompteLib_0026;;;23A114;20230120;EcritureLib_0086;20240228;0,00;79,94;C;BQ/361;;
BQ;Banque BQ;BQ/362;20230120;62700000;CompteLib_0030;;;23A69;20230120;EcritureLib_0031;20240228;0,03;0,00;D;BQ/362;;
BQ;Banque BQ;BQ/362;20230120;51220000;CompteLib_0026;;;23A69;20230120;EcritureLib_0031;20240228;0,00;0,03;C;BQ/362;;
BQ;Banque BQ;BQ/363;20230120;51100000;CompteLib_0024;;;23A67;20230120;EcritureLib_0240;20240228;0,00;10,50;C;BQ/363;;
BQ;Banque BQ;BQ/363;20230120;51220000;CompteLib_0026;;;23A67;20230120;EcritureLib_0240;20240228;10,50;0,00;D;BQ/363;;
BQ;Banque BQ;BQ/364;20230123;61321000;CompteLib_0040;;;23A72;20230123;EcritureLib_0085;20240228;1135,00;0,00;D;BQ/364;;
BQ;Banque BQ;BQ/364;20230123;51220000;CompteLib_0026;;;23A72;20230123;EcritureLib_0085;20240228;0,00;1135,00;C;BQ/364;;
BQ;Banque BQ;BQ/364;20230123;61400000;CompteLib_0041;;;23A72;20230123;EcritureLib_0085;20240228;60,00;0,00;D;BQ/364;;
BQ;Banque BQ;BQ/364;20230123;51220000;CompteLib_0026;;;23A72;20230123;EcritureLib_0085;20240228;0,00;60,00;C;BQ/364;;
BQ;Banque BQ;BQ/365;20230123;62700000;CompteLib_0030;;;23A75;20230123;EcritureLib_0031;20240228;0,23;0,00;D;BQ/365;;
BQ;Banque BQ;BQ/365;20230123;51220000;CompteLib_0026;;;23A75;20230123;EcritureLib_0031;20240228;0,00;0,23;C;BQ/365;;
BQ;Banque BQ;BQ/366;20230123;62700000;CompteLib_0030;;;23A76;20230123;EcritureLib_0031;20240228;0,02;0,00;D;BQ/366;;
BQ;Banque BQ;BQ/366;20230123;51220000;CompteLib_0026;;;23A76;20230123;EcritureLib_0031;20240228;0,00;0,02;C;BQ/366;;
BQ;Banque BQ;BQ/367;20230123;51100000;CompteLib_0024;;;23A71;20230123;EcritureLib_0241;20240228;0,00;7,90;C;BQ/367;;
BQ;Banque BQ;BQ/367;20230123;51220000;CompteLib_0026;;;23A71;20230123;EcritureLib_0241;20240228;7,90;0,00;D;BQ/367;;
BQ;Banque BQ;BQ/368;20230123;51100000;CompteLib_0024;;;23A70;20230123;EcritureLib_0242;20240228;0,00;77,00;C;BQ/368;;
BQ;Banque BQ;BQ/368;20230123;51220000;CompteLib_0026;;;23A70;20230123;EcritureLib_0242;20240228;77,00;0,00;D;BQ/368;;
BQ;Banque BQ;BQ/369;20230123;60700000;CompteLib_0031;;;23A73;20230123;EcritureLib_0243;20240228;230,75;0,00;D;BQ/369;;
BQ;Banque BQ;BQ/369;20230123;44566100;CompteLib_0018;;;23A73;20230123;EcritureLib_0243;20240228;12,69;0,00;D;BQ/369;A;20240227
BQ;Banque BQ;BQ/369;20230123;51220000;CompteLib_0026;;;23A73;20230123;EcritureLib_0243;20240228;0,00;243,44;C;BQ/369;;
BQ;Banque BQ;BQ/370;20230123;60700000;CompteLib_0031;;;23A74;20230123;EcritureLib_0244;20240228;27,68;0,00;D;BQ/370;;
BQ;Banque BQ;BQ/370;20230123;44566100;CompteLib_0018;;;23A74;20230123;EcritureLib_0244;20240228;1,52;0,00;D;BQ/370;A;20240227
BQ;Banque BQ;BQ/370;20230123;51220000;CompteLib_0026;;;23A74;20230123;EcritureLib_0244;20240228;0,00;29,20;C;BQ/370;;
BQ;Banque BQ;BQ/371;20230124;60700000;CompteLib_0031;;;23A77;20230124;EcritureLib_0245;20240228;89,49;0,00;D;BQ/371;;
BQ;Banque BQ;BQ/371;20230124;44566100;CompteLib_0018;;;23A77;20230124;EcritureLib_0245;20240228;4,92;0,00;D;BQ/371;A;20240227
BQ;Banque BQ;BQ/371;20230124;51220000;CompteLib_0026;;;23A77;20230124;EcritureLib_0245;20240228;0,00;94,41;C;BQ/371;;
BQ;Banque BQ;BQ/372;20230124;60700000;CompteLib_0031;;;23A115;20230124;EcritureLib_0246;20240228;35,40;0,00;D;BQ/372;;
BQ;Banque BQ;BQ/372;20230124;44566100;CompteLib_0018;;;23A115;20230124;EcritureLib_0246;20240228;1,95;0,00;D;BQ/372;A;20240227
BQ;Banque BQ;BQ/372;20230124;51220000;CompteLib_0026;;;23A115;20230124;EcritureLib_0246;20240228;0,00;37,35;C;BQ/372;;
BQ;Banque BQ;BQ/372;20230124;60700000;CompteLib_0031;;;23A115;20230124;EcritureLib_0246;20240228;7,25;0,00;D;BQ/372;;
BQ;Banque BQ;BQ/372;20230124;44566100;CompteLib_0018;;;23A115;20230124;EcritureLib_0246;20240228;0,73;0,00;D;BQ/372;A;20240227
BQ;Banque BQ;BQ/372;20230124;51220000;CompteLib_0026;;;23A115;20230124;EcritureLib_0246;20240228;0,00;7,98;C;BQ/372;;
BQ;Banque BQ;BQ/373;20230125;51120000;CompteLib_0025;;;23A80;20230125;EcritureLib_0042;20240228;0,00;30,84;C;BQ/373;;
BQ;Banque BQ;BQ/373;20230125;51220000;CompteLib_0026;;;23A80;20230125;EcritureLib_0042;20240228;30,84;0,00;D;BQ/373;;
BQ;Banque BQ;BQ/374;20230125;62260000;CompteLib_0039;;;23A81;20230125;EcritureLib_0082;20240228;149,00;0,00;D;BQ/374;;
BQ;Banque BQ;BQ/374;20230125;44566100;CompteLib_0018;;;23A81;20230125;EcritureLib_0082;20240228;29,80;0,00;D;BQ/374;A;20240227
BQ;Banque BQ;BQ/374;20230125;51220000;CompteLib_0026;;;23A81;20230125;EcritureLib_0082;20240228;0,00;178,80;C;BQ/374;;
BQ;Banque BQ;BQ/375;20230125;62261000;CompteLib_0039;;;23A82;20230125;EcritureLib_0082;20240228;90,00;0,00;D;BQ/375;;
BQ;Banque BQ;BQ/375;20230125;44566100;CompteLib_0018;;;23A82;20230125;EcritureLib_0082;20240228;18,00;0,00;D;BQ/375;A;20240227
BQ;Banque BQ;BQ/375;20230125;51220000;CompteLib_0026;;;23A82;20230125;EcritureLib_0082;20240228;0,00;108,00;C;BQ/375;;
BQ;Banque BQ;BQ/376;20230125;62261000;CompteLib_0039;;;23A83;20230125;EcritureLib_0082;20240228;40,58;0,00;D;BQ/376;;
BQ;Banque BQ;BQ/376;20230125;44566100;CompteLib_0018;;;23A83;20230125;EcritureLib_0082;20240228;8,12;0,00;D;BQ/376;A;20240227
BQ;Banque BQ;BQ/376;20230125;51220000;CompteLib_0026;;;23A83;20230125;EcritureLib_0082;20240228;0,00;48,70;C;BQ/376;;
BQ;Banque BQ;BQ/377;20230125;62700000;CompteLib_0030;;;23A84;20230125;EcritureLib_0031;20240228;0,41;0,00;D;BQ/377;;
BQ;Banque BQ;BQ/377;20230125;51220000;CompteLib_0026;;;23A84;20230125;EcritureLib_0031;20240228;0,00;0,41;C;BQ/377;;
BQ;Banque BQ;BQ/378;20230125;51100000;CompteLib_0024;;;23A79;20230125;EcritureLib_0247;20240228;0,00;135,53;C;BQ/378;;
BQ;Banque BQ;BQ/378;20230125;51220000;CompteLib_0026;;;23A79;20230125;EcritureLib_0247;20240228;135,53;0,00;D;BQ/378;;
BQ;Banque BQ;BQ/379;20230126;62700000;CompteLib_0030;;;23A91;20230126;EcritureLib_0099;20240228;5,08;0,00;D;BQ/379;;
BQ;Banque BQ;BQ/379;20230126;51220000;CompteLib_0026;;;23A91;20230126;EcritureLib_0099;20240228;0,00;5,08;C;BQ/379;;
BQ;Banque BQ;BQ/380;20230126;51120000;CompteLib_0025;;;23A86;20230126;EcritureLib_0248;20240228;0,00;61,13;C;BQ/380;;
BQ;Banque BQ;BQ/380;20230126;51220000;CompteLib_0026;;;23A86;20230126;EcritureLib_0248;20240228;61,13;0,00;D;BQ/380;;
BQ;Banque BQ;BQ/381;20230126;60700000;CompteLib_0031;;;23A88;20230126;EcritureLib_0249;20240228;18,96;0,00;D;BQ/381;;
BQ;Banque BQ;BQ/381;20230126;44566100;CompteLib_0018;;;23A88;20230126;EcritureLib_0249;20240228;1,04;0,00;D;BQ/381;A;20240227
BQ;Banque BQ;BQ/381;20230126;51220000;CompteLib_0026;;;23A88;20230126;EcritureLib_0249;20240228;0,00;20,00;C;BQ/381;;
BQ;Banque BQ;BQ/382;20230126;51100000;CompteLib_0024;;;23A85;20230126;EcritureLib_0250;20240228;0,00;82,90;C;BQ/382;;
BQ;Banque BQ;BQ/382;20230126;51220000;CompteLib_0026;;;23A85;20230126;EcritureLib_0250;20240228;82,90;0,00;D;BQ/382;;
BQ;Banque BQ;BQ/383;20230126;62700000;CompteLib_0030;;;23A90;20230126;EcritureLib_0098;20240228;5,08;0,00;D;BQ/383;;
BQ;Banque BQ;BQ/383;20230126;51220000;CompteLib_0026;;;23A90;20230126;EcritureLib_0098;20240228;0,00;5,08;C;BQ/383;;
BQ;Banque BQ;BQ/384;20230126;62700000;CompteLib_0030;;;23A89;20230126;EcritureLib_0031;20240228;0,62;0,00;D;BQ/384;;
BQ;Banque BQ;BQ/384;20230126;51220000;CompteLib_0026;;;23A89;20230126;EcritureLib_0031;20240228;0,00;0,62;C;BQ/384;;
BQ;Banque BQ;BQ/385;20230126;51120000;CompteLib_0025;;;23A87;20230126;EcritureLib_0251;20240228;0,00;25,64;C;BQ/385;;
BQ;Banque BQ;BQ/385;20230126;51220000;CompteLib_0026;;;23A87;20230126;EcritureLib_0251;20240228;25,64;0,00;D;BQ/385;;
BQ;Banque BQ;BQ/386;20230127;62700000;CompteLib_0030;;;23A94;20230127;EcritureLib_0031;20240228;0,19;0,00;D;BQ/386;;
BQ;Banque BQ;BQ/386;20230127;51220000;CompteLib_0026;;;23A94;20230127;EcritureLib_0031;20240228;0,00;0,19;C;BQ/386;;
BQ;Banque BQ;BQ/387;20230127;51100000;CompteLib_0024;;;23A93;20230127;EcritureLib_0252;20240228;0,00;8,60;C;BQ/387;;
BQ;Banque BQ;BQ/387;20230127;51220000;CompteLib_0026;;;23A93;20230127;EcritureLib_0252;20240228;8,60;0,00;D;BQ/387;;
BQ;Banque BQ;BQ/388;20230127;62700000;CompteLib_0030;;;23A95;20230127;EcritureLib_0031;20240228;0,03;0,00;D;BQ/388;;
BQ;Banque BQ;BQ/388;20230127;51220000;CompteLib_0026;;;23A95;20230127;EcritureLib_0031;20240228;0,00;0,03;C;BQ/388;;
BQ;Banque BQ;BQ/389;20230127;60700000;CompteLib_0031;;;23A116;20230127;EcritureLib_0253;20240228;0,00;55,73;C;BQ/389;;
BQ;Banque BQ;BQ/389;20230127;44566100;CompteLib_0018;;;23A116;20230127;EcritureLib_0253;20240228;0,00;3,07;C;BQ/389;A;20240227
BQ;Banque BQ;BQ/389;20230127;51220000;CompteLib_0026;;;23A116;20230127;EcritureLib_0253;20240228;58,80;0,00;D;BQ/389;;
BQ;Banque BQ;BQ/390;20230130;62700000;CompteLib_0030;;;23A101;20230130;EcritureLib_0031;20240228;0,28;0,00;D;BQ/390;;
BQ;Banque BQ;BQ/390;20230130;51220000;CompteLib_0026;;;23A101;20230130;EcritureLib_0031;20240228;0,00;0,28;C;BQ/390;;
BQ;Banque BQ;BQ/391;20230130;62700000;CompteLib_0030;;;23A104;20230130;EcritureLib_0102;20240228;0,00;0,57;C;BQ/391;;
BQ;Banque BQ;BQ/391;20230130;51220000;CompteLib_0026;;;23A104;20230130;EcritureLib_0102;20240228;0,57;0,00;D;BQ/391;;
BQ;Banque BQ;BQ/392;20230130;62700000;CompteLib_0030;;;23A105;20230130;EcritureLib_0101;20240228;18,10;0,00;D;BQ/392;;
BQ;Banque BQ;BQ/392;20230130;51220000;CompteLib_0026;;;23A105;20230130;EcritureLib_0101;20240228;0,00;18,10;C;BQ/392;;
BQ;Banque BQ;BQ/393;20230130;51100000;CompteLib_0024;;;23A98;20230130;EcritureLib_0254;20240228;0,00;10,90;C;BQ/393;;
BQ;Banque BQ;BQ/393;20230130;51220000;CompteLib_0026;;;23A98;20230130;EcritureLib_0254;20240228;10,90;0,00;D;BQ/393;;
BQ;Banque BQ;BQ/394;20230130;51100000;CompteLib_0024;;;23A97;20230130;EcritureLib_0255;20240228;0,00;20,40;C;BQ/394;;
BQ;Banque BQ;BQ/394;20230130;51220000;CompteLib_0026;;;23A97;20230130;EcritureLib_0255;20240228;20,40;0,00;D;BQ/394;;
BQ;Banque BQ;BQ/395;20230130;51100000;CompteLib_0024;;;23A96;20230130;EcritureLib_0256;20240228;0,00;90,80;C;BQ/395;;
BQ;Banque BQ;BQ/395;20230130;51220000;CompteLib_0026;;;23A96;20230130;EcritureLib_0256;20240228;90,80;0,00;D;BQ/395;;
BQ;Banque BQ;BQ/396;20230130;62700000;CompteLib_0030;;;23A103;20230130;EcritureLib_0031;20240228;0,03;0,00;D;BQ/396;;
BQ;Banque BQ;BQ/396;20230130;51220000;CompteLib_0026;;;23A103;20230130;EcritureLib_0031;20240228;0,00;0,03;C;BQ/396;;
BQ;Banque BQ;BQ/397;20230130;62700000;CompteLib_0030;;;23A102;20230130;EcritureLib_0031;20240228;0,06;0,00;D;BQ/397;;
BQ;Banque BQ;BQ/397;20230130;51220000;CompteLib_0026;;;23A102;20230130;EcritureLib_0031;20240228;0,00;0,06;C;BQ/397;;
BQ;Banque BQ;BQ/398;20230130;62600000;CompteLib_0035;;;23A100;20230130;EcritureLib_0103;20240228;30,82;0,00;D;BQ/398;;
BQ;Banque BQ;BQ/398;20230130;44566100;CompteLib_0018;;;23A100;20230130;EcritureLib_0103;20240228;6,16;0,00;D;BQ/398;A;20240227
BQ;Banque BQ;BQ/398;20230130;51220000;CompteLib_0026;;;23A100;20230130;EcritureLib_0103;20240228;0,00;36,98;C;BQ/398;;
BQ;Banque BQ;BQ/399;20230130;60700000;CompteLib_0031;;;23A99;20230130;EcritureLib_0057;20240228;168,77;0,00;D;BQ/399;;
BQ;Banque BQ;BQ/399;20230130;44566100;CompteLib_0018;;;23A99;20230130;EcritureLib_0057;20240228;9,28;0,00;D;BQ/399;A;20240227
BQ;Banque BQ;BQ/399;20230130;51220000;CompteLib_0026;;;23A99;20230130;EcritureLib_0057;20240228;0,00;178,05;C;BQ/399;;
BQ;Banque BQ;BQ/400;20230131;51120000;CompteLib_0025;;;23A107;20230131;EcritureLib_0042;20240228;0,00;12,75;C;BQ/400;;
BQ;Banque BQ;BQ/400;20230131;51220000;CompteLib_0026;;;23A107;20230131;EcritureLib_0042;20240228;12,75;0,00;D;BQ/400;;
BQ;Banque BQ;BQ/401;20230131;62700000;CompteLib_0030;;;23A108;20230131;EcritureLib_0031;20240228;0,34;0,00;D;BQ/401;;
BQ;Banque BQ;BQ/401;20230131;51220000;CompteLib_0026;;;23A108;20230131;EcritureLib_0031;20240228;0,00;0,34;C;BQ/401;;
BQ;Banque BQ;BQ/402;20230131;51100000;CompteLib_0024;;;23A106;20230131;EcritureLib_0257;20240228;0,00;112,50;C;BQ/402;;
BQ;Banque BQ;BQ/402;20230131;51220000;CompteLib_0026;;;23A106;20230131;EcritureLib_0257;20240228;112,50;0,00;D;BQ/402;;
BQ;Banque BQ;BQ/403;20230201;62700000;CompteLib_0030;;;23B2;20230201;EcritureLib_0030;20240228;4,10;0,00;D;BQ/403;;
BQ;Banque BQ;BQ/403;20230201;51220000;CompteLib_0026;;;23B2;20230201;EcritureLib_0030;20240228;0,00;4,10;C;BQ/403;;
BQ;Banque BQ;BQ/404;20230201;60700000;CompteLib_0031;;;23B1;20230201;EcritureLib_0258;20240228;53,47;0,00;D;BQ/404;;
BQ;Banque BQ;BQ/404;20230201;44566100;CompteLib_0018;;;23B1;20230201;EcritureLib_0258;20240228;2,94;0,00;D;BQ/404;A;20240227
BQ;Banque BQ;BQ/404;20230201;51220000;CompteLib_0026;;;23B1;20230201;EcritureLib_0258;20240228;0,00;56,41;C;BQ/404;;
BQ;Banque BQ;BQ/405;20230202;62700000;CompteLib_0030;;;23B8;20230202;EcritureLib_0031;20240228;0,55;0,00;D;BQ/405;;
BQ;Banque BQ;BQ/405;20230202;51220000;CompteLib_0026;;;23B8;20230202;EcritureLib_0031;20240228;0,00;0,55;C;BQ/405;;
BQ;Banque BQ;BQ/406;20230202;51120000;CompteLib_0025;;;23B5;20230202;EcritureLib_0259;20240228;0,00;42,91;C;BQ/406;;
BQ;Banque BQ;BQ/406;20230202;51220000;CompteLib_0026;;;23B5;20230202;EcritureLib_0259;20240228;42,91;0,00;D;BQ/406;;
BQ;Banque BQ;BQ/407;20230202;51120000;CompteLib_0025;;;23B6;20230202;EcritureLib_0260;20240228;0,00;23,65;C;BQ/407;;
BQ;Banque BQ;BQ/407;20230202;51220000;CompteLib_0026;;;23B6;20230202;EcritureLib_0260;20240228;23,65;0,00;D;BQ/407;;
BQ;Banque BQ;BQ/408;20230202;62700000;CompteLib_0030;;;23B9;20230202;EcritureLib_0031;20240228;0,15;0,00;D;BQ/408;;
BQ;Banque BQ;BQ/408;20230202;51220000;CompteLib_0026;;;23B9;20230202;EcritureLib_0031;20240228;0,00;0,15;C;BQ/408;;
BQ;Banque BQ;BQ/409;20230202;60700000;CompteLib_0031;;;23B7;20230202;EcritureLib_0261;20240228;34,17;0,00;D;BQ/409;;
BQ;Banque BQ;BQ/409;20230202;44566100;CompteLib_0018;;;23B7;20230202;EcritureLib_0261;20240228;1,88;0,00;D;BQ/409;A;20240227
BQ;Banque BQ;BQ/409;20230202;51220000;CompteLib_0026;;;23B7;20230202;EcritureLib_0261;20240228;0,00;36,05;C;BQ/409;;
BQ;Banque BQ;BQ/410;20230202;51100000;CompteLib_0024;;;23B3;20230202;EcritureLib_0262;20240228;0,00;184,30;C;BQ/410;;
BQ;Banque BQ;BQ/410;20230202;51220000;CompteLib_0026;;;23B3;20230202;EcritureLib_0262;20240228;184,30;0,00;D;BQ/410;;
BQ;Banque BQ;BQ/411;20230202;51100000;CompteLib_0024;;;23B4;20230202;EcritureLib_0263;20240228;0,00;50,10;C;BQ/411;;
BQ;Banque BQ;BQ/411;20230202;51220000;CompteLib_0026;;;23B4;20230202;EcritureLib_0263;20240228;50,10;0,00;D;BQ/411;;
BQ;Banque BQ;BQ/412;20230203;62600000;CompteLib_0035;;;23B12;20230203;EcritureLib_0264;20240228;1,67;0,00;D;BQ/412;;
BQ;Banque BQ;BQ/412;20230203;44566100;CompteLib_0018;;;23B12;20230203;EcritureLib_0264;20240228;0,33;0,00;D;BQ/412;A;20240227
BQ;Banque BQ;BQ/412;20230203;51220000;CompteLib_0026;;;23B12;20230203;EcritureLib_0264;20240228;0,00;2,00;C;BQ/412;;
BQ;Banque BQ;BQ/413;20230203;51100000;CompteLib_0024;;;23B10;20230203;EcritureLib_0265;20240228;0,00;303,30;C;BQ/413;;
BQ;Banque BQ;BQ/413;20230203;51220000;CompteLib_0026;;;23B10;20230203;EcritureLib_0265;20240228;303,30;0,00;D;BQ/413;;
BQ;Banque BQ;BQ/414;20230203;60700000;CompteLib_0031;;;23B11;20230203;EcritureLib_0266;20240228;27,86;0,00;D;BQ/414;;
BQ;Banque BQ;BQ/414;20230203;44566100;CompteLib_0018;;;23B11;20230203;EcritureLib_0266;20240228;1,53;0,00;D;BQ/414;A;20240227
BQ;Banque BQ;BQ/414;20230203;51220000;CompteLib_0026;;;23B11;20230203;EcritureLib_0266;20240228;0,00;29,39;C;BQ/414;;
BQ;Banque BQ;BQ/415;20230203;62700000;CompteLib_0030;;;23B13;20230203;EcritureLib_0031;20240228;1,29;0,00;D;BQ/415;;
BQ;Banque BQ;BQ/415;20230203;51220000;CompteLib_0026;;;23B13;20230203;EcritureLib_0031;20240228;0,00;1,29;C;BQ/415;;
BQ;Banque BQ;BQ/416;20230206;62700000;CompteLib_0030;;;23B19;20230206;EcritureLib_0031;20240228;1,67;0,00;D;BQ/416;;
BQ;Banque BQ;BQ/416;20230206;51220000;CompteLib_0026;;;23B19;20230206;EcritureLib_0031;20240228;0,00;1,67;C;BQ/416;;
BQ;Banque BQ;BQ/417;20230206;61600000;CompteLib_0034;;;23B17;20230206;EcritureLib_0041;20240228;69,13;0,00;D;BQ/417;;
BQ;Banque BQ;BQ/417;20230206;51220000;CompteLib_0026;;;23B17;20230206;EcritureLib_0041;20240228;0,00;69,13;C;BQ/417;;
BQ;Banque BQ;BQ/418;20230206;60700000;CompteLib_0031;;;23B93;20230206;EcritureLib_0267;20240228;167,82;0,00;D;BQ/418;;
BQ;Banque BQ;BQ/418;20230206;44566100;CompteLib_0018;;;23B93;20230206;EcritureLib_0267;20240228;9,23;0,00;D;BQ/418;A;20240227
BQ;Banque BQ;BQ/418;20230206;51220000;CompteLib_0026;;;23B93;20230206;EcritureLib_0267;20240228;0,00;177,05;C;BQ/418;;
BQ;Banque BQ;BQ/418;20230206;60630000;CompteLib_0032;;;23B93;20230206;EcritureLib_0267;20240228;90,31;0,00;D;BQ/418;;
BQ;Banque BQ;BQ/418;20230206;44566100;CompteLib_0018;;;23B93;20230206;EcritureLib_0267;20240228;18,06;0,00;D;BQ/418;A;20240227
BQ;Banque BQ;BQ/418;20230206;51220000;CompteLib_0026;;;23B93;20230206;EcritureLib_0267;20240228;0,00;108,37;C;BQ/418;;
BQ;Banque BQ;BQ/419;20230206;51100000;CompteLib_0024;;;23B14;20230206;EcritureLib_0268;20240228;0,00;406,10;C;BQ/419;;
BQ;Banque BQ;BQ/419;20230206;51220000;CompteLib_0026;;;23B14;20230206;EcritureLib_0268;20240228;406,10;0,00;D;BQ/419;;
BQ;Banque BQ;BQ/420;20230206;51100000;CompteLib_0024;;;23B15;20230206;EcritureLib_0269;20240228;0,00;9,50;C;BQ/420;;
BQ;Banque BQ;BQ/420;20230206;51220000;CompteLib_0026;;;23B15;20230206;EcritureLib_0269;20240228;9,50;0,00;D;BQ/420;;
BQ;Banque BQ;BQ/421;20230206;62700000;CompteLib_0030;;;23B20;20230206;EcritureLib_0031;20240228;0,03;0,00;D;BQ/421;;
BQ;Banque BQ;BQ/421;20230206;51220000;CompteLib_0026;;;23B20;20230206;EcritureLib_0031;20240228;0,00;0,03;C;BQ/421;;
BQ;Banque BQ;BQ/422;20230206;60700000;CompteLib_0031;;;23B18;20230206;EcritureLib_0270;20240228;20,00;0,00;D;BQ/422;;
BQ;Banque BQ;BQ/422;20230206;51220000;CompteLib_0026;;;23B18;20230206;EcritureLib_0270;20240228;0,00;20,00;C;BQ/422;;
BQ;Banque BQ;BQ/423;20230207;60700000;CompteLib_0031;;;23B23;20230207;EcritureLib_0271;20240228;15,00;0,00;D;BQ/423;;
BQ;Banque BQ;BQ/423;20230207;51220000;CompteLib_0026;;;23B23;20230207;EcritureLib_0271;20240228;0,00;15,00;C;BQ/423;;
BQ;Banque BQ;BQ/424;20230207;62700000;CompteLib_0030;;;23B24;20230207;EcritureLib_0031;20240228;1,21;0,00;D;BQ/424;;
BQ;Banque BQ;BQ/424;20230207;51220000;CompteLib_0026;;;23B24;20230207;EcritureLib_0031;20240228;0,00;1,21;C;BQ/424;;
BQ;Banque BQ;BQ/425;20230207;51100000;CompteLib_0024;;;23B22;20230207;EcritureLib_0272;20240228;0,00;20,00;C;BQ/425;;
BQ;Banque BQ;BQ/425;20230207;51220000;CompteLib_0026;;;23B22;20230207;EcritureLib_0272;20240228;20,00;0,00;D;BQ/425;;
BQ;Banque BQ;BQ/426;20230207;62700000;CompteLib_0030;;;23B25;20230207;EcritureLib_0031;20240228;0,06;0,00;D;BQ/426;;
BQ;Banque BQ;BQ/426;20230207;51220000;CompteLib_0026;;;23B25;20230207;EcritureLib_0031;20240228;0,00;0,06;C;BQ/426;;
BQ;Banque BQ;BQ/427;20230207;51100000;CompteLib_0024;;;23B21;20230207;EcritureLib_0273;20240228;0,00;398,10;C;BQ/427;;
BQ;Banque BQ;BQ/427;20230207;51220000;CompteLib_0026;;;23B21;20230207;EcritureLib_0273;20240228;398,10;0,00;D;BQ/427;;
BQ;Banque BQ;BQ/428;20230208;60700000;CompteLib_0031;;;23B30;20230208;EcritureLib_0274;20240228;50,67;0,00;D;BQ/428;;
BQ;Banque BQ;BQ/428;20230208;44566100;CompteLib_0018;;;23B30;20230208;EcritureLib_0274;20240228;2,79;0,00;D;BQ/428;A;20240227
BQ;Banque BQ;BQ/428;20230208;51220000;CompteLib_0026;;;23B30;20230208;EcritureLib_0274;20240228;0,00;53,46;C;BQ/428;;
BQ;Banque BQ;BQ/429;20230208;51120000;CompteLib_0025;;;23B28;20230208;EcritureLib_0275;20240228;0,00;22,71;C;BQ/429;;
BQ;Banque BQ;BQ/429;20230208;51220000;CompteLib_0026;;;23B28;20230208;EcritureLib_0275;20240228;22,71;0,00;D;BQ/429;;
BQ;Banque BQ;BQ/430;20230208;62700000;CompteLib_0030;;;23B31;20230208;EcritureLib_0031;20240228;0,95;0,00;D;BQ/430;;
BQ;Banque BQ;BQ/430;20230208;51220000;CompteLib_0026;;;23B31;20230208;EcritureLib_0031;20240228;0,00;0,95;C;BQ/430;;
BQ;Banque BQ;BQ/431;20230208;62700000;CompteLib_0030;;;23B32;20230208;EcritureLib_0031;20240228;0,09;0,00;D;BQ/431;;
BQ;Banque BQ;BQ/431;20230208;51220000;CompteLib_0026;;;23B32;20230208;EcritureLib_0031;20240228;0,00;0,09;C;BQ/431;;
BQ;Banque BQ;BQ/432;20230208;51100000;CompteLib_0024;;;23B27;20230208;EcritureLib_0276;20240228;0,00;30,40;C;BQ/432;;
BQ;Banque BQ;BQ/432;20230208;51220000;CompteLib_0026;;;23B27;20230208;EcritureLib_0276;20240228;30,40;0,00;D;BQ/432;;
BQ;Banque BQ;BQ/433;20230208;51100000;CompteLib_0024;;;23B26;20230208;EcritureLib_0277;20240228;0,00;318,00;C;BQ/433;;
BQ;Banque BQ;BQ/433;20230208;51220000;CompteLib_0026;;;23B26;20230208;EcritureLib_0277;20240228;318,00;0,00;D;BQ/433;;
BQ;Banque BQ;BQ/434;20230208;60700000;CompteLib_0031;;;23B29;20230208;EcritureLib_0278;20240228;109,86;0,00;D;BQ/434;;
BQ;Banque BQ;BQ/434;20230208;44566100;CompteLib_0018;;;23B29;20230208;EcritureLib_0278;20240228;6,04;0,00;D;BQ/434;A;20240227
BQ;Banque BQ;BQ/434;20230208;51220000;CompteLib_0026;;;23B29;20230208;EcritureLib_0278;20240228;0,00;115,90;C;BQ/434;;
BQ;Banque BQ;BQ/435;20230209;60700000;CompteLib_0031;;;23B38;20230209;EcritureLib_0279;20240228;27,87;0,00;D;BQ/435;;
BQ;Banque BQ;BQ/435;20230209;44566100;CompteLib_0018;;;23B38;20230209;EcritureLib_0279;20240228;1,53;0,00;D;BQ/435;A;20240227
BQ;Banque BQ;BQ/435;20230209;51220000;CompteLib_0026;;;23B38;20230209;EcritureLib_0279;20240228;0,00;29,40;C;BQ/435;;
BQ;Banque BQ;BQ/436;20230209;51100000;CompteLib_0024;;;23B94;20230209;EcritureLib_0280;20240228;0,00;166,00;C;BQ/436;;
BQ;Banque BQ;BQ/436;20230209;51220000;CompteLib_0026;;;23B94;20230209;EcritureLib_0280;20240228;166,00;0,00;D;BQ/436;;
BQ;Banque BQ;BQ/437;20230209;62600000;CompteLib_0035;;;23B36;20230209;EcritureLib_0054;20240228;30,19;0,00;D;BQ/437;;
BQ;Banque BQ;BQ/437;20230209;44566100;CompteLib_0018;;;23B36;20230209;EcritureLib_0054;20240228;6,04;0,00;D;BQ/437;A;20240227
BQ;Banque BQ;BQ/437;20230209;51220000;CompteLib_0026;;;23B36;20230209;EcritureLib_0054;20240228;0,00;36,23;C;BQ/437;;
BQ;Banque BQ;BQ/438;20230209;60700000;CompteLib_0031;;;23B34;20230209;EcritureLib_0281;20240228;92,07;0,00;D;BQ/438;;
BQ;Banque BQ;BQ/438;20230209;44566100;CompteLib_0018;;;23B34;20230209;EcritureLib_0281;20240228;5,06;0,00;D;BQ/438;A;20240227
BQ;Banque BQ;BQ/438;20230209;51220000;CompteLib_0026;;;23B34;20230209;EcritureLib_0281;20240228;0,00;97,13;C;BQ/438;;
BQ;Banque BQ;BQ/439;20230209;60700000;CompteLib_0031;;;23B35;20230209;EcritureLib_0279;20240228;51,18;0,00;D;BQ/439;;
BQ;Banque BQ;BQ/439;20230209;44566100;CompteLib_0018;;;23B35;20230209;EcritureLib_0279;20240228;2,82;0,00;D;BQ/439;A;20240227
BQ;Banque BQ;BQ/439;20230209;51220000;CompteLib_0026;;;23B35;20230209;EcritureLib_0279;20240228;0,00;54,00;C;BQ/439;;
BQ;Banque BQ;BQ/440;20230209;60700000;CompteLib_0031;;;23B37;20230209;EcritureLib_0279;20240228;31,56;0,00;D;BQ/440;;
BQ;Banque BQ;BQ/440;20230209;44566100;CompteLib_0018;;;23B37;20230209;EcritureLib_0279;20240228;1,74;0,00;D;BQ/440;A;20240227
BQ;Banque BQ;BQ/440;20230209;51220000;CompteLib_0026;;;23B37;20230209;EcritureLib_0279;20240228;0,00;33,30;C;BQ/440;;
BQ;Banque BQ;BQ/441;20230209;60700000;CompteLib_0031;;;23B39;20230209;EcritureLib_0111;20240228;56,87;0,00;D;BQ/441;;
BQ;Banque BQ;BQ/441;20230209;44566100;CompteLib_0018;;;23B39;20230209;EcritureLib_0111;20240228;3,13;0,00;D;BQ/441;A;20240227
BQ;Banque BQ;BQ/441;20230209;51220000;CompteLib_0026;;;23B39;20230209;EcritureLib_0111;20240228;0,00;60,00;C;BQ/441;;
BQ;Banque BQ;BQ/442;20230210;60630000;CompteLib_0032;;;23B95;20230210;EcritureLib_0282;20240228;59,25;0,00;D;BQ/442;;
BQ;Banque BQ;BQ/442;20230210;44566100;CompteLib_0018;;;23B95;20230210;EcritureLib_0282;20240228;11,85;0,00;D;BQ/442;A;20240227
BQ;Banque BQ;BQ/442;20230210;51220000;CompteLib_0026;;;23B95;20230210;EcritureLib_0282;20240228;0,00;71,10;C;BQ/442;;
BQ;Banque BQ;BQ/443;20230210;51100000;CompteLib_0024;;;23B40;20230210;EcritureLib_0283;20240228;0,00;314,90;C;BQ/443;;
BQ;Banque BQ;BQ/443;20230210;51220000;CompteLib_0026;;;23B40;20230210;EcritureLib_0283;20240228;314,90;0,00;D;BQ/443;;
BQ;Banque BQ;BQ/444;20230210;51100000;CompteLib_0024;;;23B41;20230210;EcritureLib_0284;20240228;0,00;28,80;C;BQ/444;;
BQ;Banque BQ;BQ/444;20230210;51220000;CompteLib_0026;;;23B41;20230210;EcritureLib_0284;20240228;28,80;0,00;D;BQ/444;;
BQ;Banque BQ;BQ/445;20230210;62700000;CompteLib_0030;;;23B45;20230210;EcritureLib_0031;20240228;0,96;0,00;D;BQ/445;;
BQ;Banque BQ;BQ/445;20230210;51220000;CompteLib_0026;;;23B45;20230210;EcritureLib_0031;20240228;0,00;0,96;C;BQ/445;;
BQ;Banque BQ;BQ/446;20230210;62700000;CompteLib_0030;;;23B46;20230210;EcritureLib_0031;20240228;0,10;0,00;D;BQ/446;;
BQ;Banque BQ;BQ/446;20230210;51220000;CompteLib_0026;;;23B46;20230210;EcritureLib_0031;20240228;0,00;0,10;C;BQ/446;;
BQ;Banque BQ;BQ/447;20230210;60700000;CompteLib_0031;;;23B42;20230210;EcritureLib_0282;20240228;86,45;0,00;D;BQ/447;;
BQ;Banque BQ;BQ/447;20230210;44566100;CompteLib_0018;;;23B42;20230210;EcritureLib_0282;20240228;4,75;0,00;D;BQ/447;A;20240227
BQ;Banque BQ;BQ/447;20230210;51220000;CompteLib_0026;;;23B42;20230210;EcritureLib_0282;20240228;0,00;91,20;C;BQ/447;;
BQ;Banque BQ;BQ/448;20230210;60700000;CompteLib_0031;;;23B44;20230210;EcritureLib_0057;20240228;60,15;0,00;D;BQ/448;;
BQ;Banque BQ;BQ/448;20230210;44566100;CompteLib_0018;;;23B44;20230210;EcritureLib_0057;20240228;3,31;0,00;D;BQ/448;A;20240227
BQ;Banque BQ;BQ/448;20230210;51220000;CompteLib_0026;;;23B44;20230210;EcritureLib_0057;20240228;0,00;63,46;C;BQ/448;;
BQ;Banque BQ;BQ/449;20230213;51100000;CompteLib_0024;;;23B47;20230213;EcritureLib_0285;20240228;0,00;391,70;C;BQ/449;;
BQ;Banque BQ;BQ/449;20230213;51220000;CompteLib_0026;;;23B47;20230213;EcritureLib_0285;20240228;391,70;0,00;D;BQ/449;;
BQ;Banque BQ;BQ/450;20230213;60630000;CompteLib_0032;;;23B97;20230213;EcritureLib_0286;20240228;96,18;0,00;D;BQ/450;;
BQ;Banque BQ;BQ/450;20230213;44566100;CompteLib_0018;;;23B97;20230213;EcritureLib_0286;20240228;16,77;0,00;D;BQ/450;A;20240227
BQ;Banque BQ;BQ/450;20230213;51220000;CompteLib_0026;;;23B97;20230213;EcritureLib_0286;20240228;0,00;112,95;C;BQ/450;;
BQ;Banque BQ;BQ/451;20230213;60700000;CompteLib_0031;;;23B98;20230213;EcritureLib_0287;20240228;25,92;0,00;D;BQ/451;;
BQ;Banque BQ;BQ/451;20230213;44566100;CompteLib_0018;;;23B98;20230213;EcritureLib_0287;20240228;1,43;0,00;D;BQ/451;A;20240227
BQ;Banque BQ;BQ/451;20230213;51220000;CompteLib_0026;;;23B98;20230213;EcritureLib_0287;20240228;0,00;27,35;C;BQ/451;;
BQ;Banque BQ;BQ/452;20230213;51100000;CompteLib_0024;;;23B48;20230213;EcritureLib_0288;20240228;0,00;42,90;C;BQ/452;;
BQ;Banque BQ;BQ/452;20230213;51220000;CompteLib_0026;;;23B48;20230213;EcritureLib_0288;20240228;42,90;0,00;D;BQ/452;;
BQ;Banque BQ;BQ/453;20230213;62700000;CompteLib_0030;;;23B53;20230213;EcritureLib_0031;20240228;0,13;0,00;D;BQ/453;;
BQ;Banque BQ;BQ/453;20230213;51220000;CompteLib_0026;;;23B53;20230213;EcritureLib_0031;20240228;0,00;0,13;C;BQ/453;;
BQ;Banque BQ;BQ/454;20230213;62700000;CompteLib_0030;;;23B52;20230213;EcritureLib_0031;20240228;1,19;0,00;D;BQ/454;;
BQ;Banque BQ;BQ/454;20230213;51220000;CompteLib_0026;;;23B52;20230213;EcritureLib_0031;20240228;0,00;1,19;C;BQ/454;;
BQ;Banque BQ;BQ/455;20230213;60700000;CompteLib_0031;;;23B96;20230213;EcritureLib_0289;20240228;153,68;0,00;D;BQ/455;;
BQ;Banque BQ;BQ/455;20230213;44566100;CompteLib_0018;;;23B96;20230213;EcritureLib_0289;20240228;8,45;0,00;D;BQ/455;A;20240227
BQ;Banque BQ;BQ/455;20230213;51220000;CompteLib_0026;;;23B96;20230213;EcritureLib_0289;20240228;0,00;162,13;C;BQ/455;;
BQ;Banque BQ;BQ/455;20230213;60630000;CompteLib_0032;;;23B96;20230213;EcritureLib_0289;20240228;11,18;0,00;D;BQ/455;;
BQ;Banque BQ;BQ/455;20230213;44566100;CompteLib_0018;;;23B96;20230213;EcritureLib_0289;20240228;2,24;0,00;D;BQ/455;A;20240227
BQ;Banque BQ;BQ/455;20230213;51220000;CompteLib_0026;;;23B96;20230213;EcritureLib_0289;20240228;0,00;13,42;C;BQ/455;;
BQ;Banque BQ;BQ/456;20230214;62700000;CompteLib_0030;;;23B58;20230214;EcritureLib_0031;20240228;0,81;0,00;D;BQ/456;;
BQ;Banque BQ;BQ/456;20230214;51220000;CompteLib_0026;;;23B58;20230214;EcritureLib_0031;20240228;0,00;0,81;C;BQ/456;;
BQ;Banque BQ;BQ/457;20230214;51100000;CompteLib_0024;;;23B55;20230214;EcritureLib_0290;20240228;0,00;68,10;C;BQ/457;;
BQ;Banque BQ;BQ/457;20230214;51220000;CompteLib_0026;;;23B55;20230214;EcritureLib_0290;20240228;68,10;0,00;D;BQ/457;;
BQ;Banque BQ;BQ/458;20230214;62700000;CompteLib_0030;;;23B59;20230214;EcritureLib_0031;20240228;0,76;0,00;D;BQ/458;;
BQ;Banque BQ;BQ/458;20230214;51220000;CompteLib_0026;;;23B59;20230214;EcritureLib_0031;20240228;0,00;0,76;C;BQ/458;;
BQ;Banque BQ;BQ/459;20230214;51120000;CompteLib_0025;;;23B56;20230214;EcritureLib_0042;20240228;0,00;54,84;C;BQ/459;;
BQ;Banque BQ;BQ/459;20230214;51220000;CompteLib_0026;;;23B56;20230214;EcritureLib_0042;20240228;54,84;0,00;D;BQ/459;;
BQ;Banque BQ;BQ/460;20230214;51100000;CompteLib_0024;;;23B54;20230214;EcritureLib_0291;20240228;0,00;265,30;C;BQ/460;;
BQ;Banque BQ;BQ/460;20230214;51220000;CompteLib_0026;;;23B54;20230214;EcritureLib_0291;20240228;265,30;0,00;D;BQ/460;;
BQ;Banque BQ;BQ/461;20230214;60700000;CompteLib_0031;;;23B57;20230214;EcritureLib_0292;20240228;104,92;0,00;D;BQ/461;;
BQ;Banque BQ;BQ/461;20230214;44566100;CompteLib_0018;;;23B57;20230214;EcritureLib_0292;20240228;6,73;0,00;D;BQ/461;A;20240227
BQ;Banque BQ;BQ/461;20230214;51220000;CompteLib_0026;;;23B57;20230214;EcritureLib_0292;20240228;0,00;111,65;C;BQ/461;;
BQ;Banque BQ;BQ/462;20230215;51100000;CompteLib_0024;;;23B60;20230215;EcritureLib_0293;20240228;0,00;276,62;C;BQ/462;;
BQ;Banque BQ;BQ/462;20230215;51220000;CompteLib_0026;;;23B60;20230215;EcritureLib_0293;20240228;276,62;0,00;D;BQ/462;;
BQ;Banque BQ;BQ/463;20230215;62260000;CompteLib_0039;;;23B62;20230215;EcritureLib_0082;20240228;149,00;0,00;D;BQ/463;;
BQ;Banque BQ;BQ/463;20230215;44566100;CompteLib_0018;;;23B62;20230215;EcritureLib_0082;20240228;29,80;0,00;D;BQ/463;A;20240227
BQ;Banque BQ;BQ/463;20230215;51220000;CompteLib_0026;;;23B62;20230215;EcritureLib_0082;20240228;0,00;178,80;C;BQ/463;;
BQ;Banque BQ;BQ/464;20230215;62700000;CompteLib_0030;;;23B63;20230215;EcritureLib_0031;20240228;1,49;0,00;D;BQ/464;;
BQ;Banque BQ;BQ/464;20230215;51220000;CompteLib_0026;;;23B63;20230215;EcritureLib_0031;20240228;0,00;1,49;C;BQ/464;;
BQ;Banque BQ;BQ/465;20230215;62700000;CompteLib_0030;;;23B64;20230215;EcritureLib_0031;20240228;0,03;0,00;D;BQ/465;;
BQ;Banque BQ;BQ/465;20230215;51220000;CompteLib_0026;;;23B64;20230215;EcritureLib_0031;20240228;0,00;0,03;C;BQ/465;;
BQ;Banque BQ;BQ/466;20230215;51100000;CompteLib_0024;;;23B61;20230215;EcritureLib_0294;20240228;0,00;9,50;C;BQ/466;;
BQ;Banque BQ;BQ/466;20230215;51220000;CompteLib_0026;;;23B61;20230215;EcritureLib_0294;20240228;9,50;0,00;D;BQ/466;;
BQ;Banque BQ;BQ/467;20230216;60700000;CompteLib_0031;;;23B65;20230216;EcritureLib_0295;20240228;26,54;0,00;D;BQ/467;;
BQ;Banque BQ;BQ/467;20230216;44566100;CompteLib_0018;;;23B65;20230216;EcritureLib_0295;20240228;1,46;0,00;D;BQ/467;A;20240227
BQ;Banque BQ;BQ/467;20230216;51220000;CompteLib_0026;;;23B65;20230216;EcritureLib_0295;20240228;0,00;28,00;C;BQ/467;;
BQ;Banque BQ;BQ/468;20230217;62700000;CompteLib_0030;;;23B68;20230217;EcritureLib_0031;20240228;0,07;0,00;D;BQ/468;;
BQ;Banque BQ;BQ/468;20230217;51220000;CompteLib_0026;;;23B68;20230217;EcritureLib_0031;20240228;0,00;0,07;C;BQ/468;;
BQ;Banque BQ;BQ/469;20230217;51120000;CompteLib_0025;;;23B67;20230217;EcritureLib_0296;20240228;0,00;21,28;C;BQ/469;;
BQ;Banque BQ;BQ/469;20230217;51220000;CompteLib_0026;;;23B67;20230217;EcritureLib_0296;20240228;21,28;0,00;D;BQ/469;;
BQ;Banque BQ;BQ/470;20230217;51100000;CompteLib_0024;;;23B66;20230217;EcritureLib_0297;20240228;0,00;23,40;C;BQ/470;;
BQ;Banque BQ;BQ/470;20230217;51220000;CompteLib_0026;;;23B66;20230217;EcritureLib_0297;20240228;23,40;0,00;D;BQ/470;;
BQ;Banque BQ;BQ/471;20230220;51120000;CompteLib_0025;;;23B69;20230220;EcritureLib_0298;20240228;0,00;9,39;C;BQ/471;;
BQ;Banque BQ;BQ/471;20230220;51220000;CompteLib_0026;;;23B69;20230220;EcritureLib_0298;20240228;9,39;0,00;D;BQ/471;;
BQ;Banque BQ;BQ/472;20230220;51120000;CompteLib_0025;;;23B70;20230220;EcritureLib_0299;20240228;0,00;9,01;C;BQ/472;;
BQ;Banque BQ;BQ/472;20230220;51220000;CompteLib_0026;;;23B70;20230220;EcritureLib_0299;20240228;9,01;0,00;D;BQ/472;;
BQ;Banque BQ;BQ/473;20230220;51120000;CompteLib_0025;;;23B71;20230220;EcritureLib_0300;20240228;0,00;5,18;C;BQ/473;;
BQ;Banque BQ;BQ/473;20230220;51220000;CompteLib_0026;;;23B71;20230220;EcritureLib_0300;20240228;5,18;0,00;D;BQ/473;;
BQ;Banque BQ;BQ/474;20230220;60700000;CompteLib_0031;;;23B72;20230220;EcritureLib_0057;20240228;136,44;0,00;D;BQ/474;;
BQ;Banque BQ;BQ/474;20230220;44566100;CompteLib_0018;;;23B72;20230220;EcritureLib_0057;20240228;7,50;0,00;D;BQ/474;A;20240227
BQ;Banque BQ;BQ/474;20230220;51220000;CompteLib_0026;;;23B72;20230220;EcritureLib_0057;20240228;0,00;143,94;C;BQ/474;;
BQ;Banque BQ;BQ/475;20230220;60700000;CompteLib_0031;;;23B74;20230220;EcritureLib_0301;20240228;65,29;0,00;D;BQ/475;;
BQ;Banque BQ;BQ/475;20230220;44566100;CompteLib_0018;;;23B74;20230220;EcritureLib_0301;20240228;3,59;0,00;D;BQ/475;A;20240227
BQ;Banque BQ;BQ/475;20230220;51220000;CompteLib_0026;;;23B74;20230220;EcritureLib_0301;20240228;0,00;68,88;C;BQ/475;;
BQ;Banque BQ;BQ/476;20230220;61350000;CompteLib_0036;;;23B99;20230220;EcritureLib_0086;20240228;67,14;0,00;D;BQ/476;;
BQ;Banque BQ;BQ/476;20230220;44566100;CompteLib_0018;;;23B99;20230220;EcritureLib_0086;20240228;12,80;0,00;D;BQ/476;A;20240227
BQ;Banque BQ;BQ/476;20230220;51220000;CompteLib_0026;;;23B99;20230220;EcritureLib_0086;20240228;0,00;79,94;C;BQ/476;;
BQ;Banque BQ;BQ/477;20230220;60700000;CompteLib_0031;;;23B75;20230220;EcritureLib_0302;20240228;39,61;0,00;D;BQ/477;;
BQ;Banque BQ;BQ/477;20230220;44566100;CompteLib_0018;;;23B75;20230220;EcritureLib_0302;20240228;2,18;0,00;D;BQ/477;A;20240227
BQ;Banque BQ;BQ/477;20230220;51220000;CompteLib_0026;;;23B75;20230220;EcritureLib_0302;20240228;0,00;41,79;C;BQ/477;;
BQ;Banque BQ;BQ/478;20230221;51120000;CompteLib_0025;;;23B76;20230221;EcritureLib_0042;20240228;0,00;10,29;C;BQ/478;;
BQ;Banque BQ;BQ/478;20230221;51220000;CompteLib_0026;;;23B76;20230221;EcritureLib_0042;20240228;10,29;0,00;D;BQ/478;;
BQ;Banque BQ;BQ/479;20230223;62700000;CompteLib_0030;;;23B79;20230223;EcritureLib_0099;20240228;5,08;0,00;D;BQ/479;;
BQ;Banque BQ;BQ/479;20230223;51220000;CompteLib_0026;;;23B79;20230223;EcritureLib_0099;20240228;0,00;5,08;C;BQ/479;;
BQ;Banque BQ;BQ/480;20230223;62700000;CompteLib_0030;;;23B78;20230223;EcritureLib_0098;20240228;5,08;0,00;D;BQ/480;;
BQ;Banque BQ;BQ/480;20230223;51220000;CompteLib_0026;;;23B78;20230223;EcritureLib_0098;20240228;0,00;5,08;C;BQ/480;;
BQ;Banque BQ;BQ/481;20230223;51120000;CompteLib_0025;;;23B77;20230223;EcritureLib_0303;20240228;0,00;5,45;C;BQ/481;;
BQ;Banque BQ;BQ/481;20230223;51220000;CompteLib_0026;;;23B77;20230223;EcritureLib_0303;20240228;5,45;0,00;D;BQ/481;;
BQ;Banque BQ;BQ/482;20230224;51120000;CompteLib_0025;;;23B80;20230224;EcritureLib_0304;20240228;0,00;9,49;C;BQ/482;;
BQ;Banque BQ;BQ/482;20230224;51220000;CompteLib_0026;;;23B80;20230224;EcritureLib_0304;20240228;9,49;0,00;D;BQ/482;;
BQ;Banque BQ;BQ/483;20230224;51120000;CompteLib_0025;;;23B81;20230224;EcritureLib_0305;20240228;0,00;7,31;C;BQ/483;;
BQ;Banque BQ;BQ/483;20230224;51220000;CompteLib_0026;;;23B81;20230224;EcritureLib_0305;20240228;7,31;0,00;D;BQ/483;;
BQ;Banque BQ;BQ/484;20230226;61321000;CompteLib_0040;;;23B82;20230226;EcritureLib_0085;20240228;1135,00;0,00;D;BQ/484;;
BQ;Banque BQ;BQ/484;20230226;51220000;CompteLib_0026;;;23B82;20230226;EcritureLib_0085;20240228;0,00;1135,00;C;BQ/484;;
BQ;Banque BQ;BQ/484;20230226;61400000;CompteLib_0041;;;23B82;20230226;EcritureLib_0085;20240228;60,00;0,00;D;BQ/484;;
BQ;Banque BQ;BQ/484;20230226;51220000;CompteLib_0026;;;23B82;20230226;EcritureLib_0085;20240228;0,00;60,00;C;BQ/484;;
BQ;Banque BQ;BQ/485;20230227;60700000;CompteLib_0031;;;23B100;20230227;EcritureLib_0306;20240228;171,76;0,00;D;BQ/485;;
BQ;Banque BQ;BQ/485;20230227;44566100;CompteLib_0018;;;23B100;20230227;EcritureLib_0306;20240228;9,45;0,00;D;BQ/485;A;20240227
BQ;Banque BQ;BQ/485;20230227;51220000;CompteLib_0026;;;23B100;20230227;EcritureLib_0306;20240228;0,00;181,21;C;BQ/485;;
BQ;Banque BQ;BQ/485;20230227;60630000;CompteLib_0032;;;23B100;20230227;EcritureLib_0306;20240228;6,00;0,00;D;BQ/485;;
BQ;Banque BQ;BQ/485;20230227;44566100;CompteLib_0018;;;23B100;20230227;EcritureLib_0306;20240228;1,20;0,00;D;BQ/485;A;20240227
BQ;Banque BQ;BQ/485;20230227;51220000;CompteLib_0026;;;23B100;20230227;EcritureLib_0306;20240228;0,00;7,20;C;BQ/485;;
BQ;Banque BQ;BQ/486;20230227;60700000;CompteLib_0031;;;23B85;20230227;EcritureLib_0307;20240228;32,23;0,00;D;BQ/486;;
BQ;Banque BQ;BQ/486;20230227;44566100;CompteLib_0018;;;23B85;20230227;EcritureLib_0307;20240228;1,77;0,00;D;BQ/486;A;20240227
BQ;Banque BQ;BQ/486;20230227;51220000;CompteLib_0026;;;23B85;20230227;EcritureLib_0307;20240228;0,00;34,00;C;BQ/486;;
BQ;Banque BQ;BQ/487;20230227;62700000;CompteLib_0030;;;23B86;20230227;EcritureLib_0102;20240228;0,00;0,57;C;BQ/487;;
BQ;Banque BQ;BQ/487;20230227;51220000;CompteLib_0026;;;23B86;20230227;EcritureLib_0102;20240228;0,57;0,00;D;BQ/487;;
BQ;Banque BQ;BQ/488;20230227;62700000;CompteLib_0030;;;23B87;20230227;EcritureLib_0101;20240228;18,10;0,00;D;BQ/488;;
BQ;Banque BQ;BQ/488;20230227;51220000;CompteLib_0026;;;23B87;20230227;EcritureLib_0101;20240228;0,00;18,10;C;BQ/488;;
BQ;Banque BQ;BQ/489;20230227;60700000;CompteLib_0031;;;23B101;20230227;EcritureLib_0308;20240228;45,99;0,00;D;BQ/489;;
BQ;Banque BQ;BQ/489;20230227;44566100;CompteLib_0018;;;23B101;20230227;EcritureLib_0308;20240228;2,53;0,00;D;BQ/489;A;20240227
BQ;Banque BQ;BQ/489;20230227;51220000;CompteLib_0026;;;23B101;20230227;EcritureLib_0308;20240228;0,00;48,52;C;BQ/489;;
BQ;Banque BQ;BQ/489;20230227;60630000;CompteLib_0032;;;23B101;20230227;EcritureLib_0308;20240228;16,66;0,00;D;BQ/489;;
BQ;Banque BQ;BQ/489;20230227;44566100;CompteLib_0018;;;23B101;20230227;EcritureLib_0308;20240228;3,33;0,00;D;BQ/489;A;20240227
BQ;Banque BQ;BQ/489;20230227;51220000;CompteLib_0026;;;23B101;20230227;EcritureLib_0308;20240228;0,00;19,99;C;BQ/489;;
BQ;Banque BQ;BQ/490;20230228;62600000;CompteLib_0035;;;23B90;20230228;EcritureLib_0103;20240228;30,82;0,00;D;BQ/490;;
BQ;Banque BQ;BQ/490;20230228;44566100;CompteLib_0018;;;23B90;20230228;EcritureLib_0103;20240228;6,16;0,00;D;BQ/490;A;20240227
BQ;Banque BQ;BQ/490;20230228;51220000;CompteLib_0026;;;23B90;20230228;EcritureLib_0103;20240228;0,00;36,98;C;BQ/490;;
BQ;Banque BQ;BQ/491;20230228;62700000;CompteLib_0030;;;23B91;20230228;EcritureLib_0031;20240228;0,03;0,00;D;BQ/491;;
BQ;Banque BQ;BQ/491;20230228;51220000;CompteLib_0026;;;23B91;20230228;EcritureLib_0031;20240228;0,00;0,03;C;BQ/491;;
BQ;Banque BQ;BQ/492;20230228;60700000;CompteLib_0031;;;23B89;20230228;EcritureLib_0057;20240228;170,14;0,00;D;BQ/492;;
BQ;Banque BQ;BQ/492;20230228;44566100;CompteLib_0018;;;23B89;20230228;EcritureLib_0057;20240228;9,36;0,00;D;BQ/492;A;20240227
BQ;Banque BQ;BQ/492;20230228;51220000;CompteLib_0026;;;23B89;20230228;EcritureLib_0057;20240228;0,00;179,50;C;BQ/492;;
BQ;Banque BQ;BQ/493;20230228;51100000;CompteLib_0024;;;23B88;20230228;EcritureLib_0309;20240228;0,00;10,50;C;BQ/493;;
BQ;Banque BQ;BQ/493;20230228;51220000;CompteLib_0026;;;23B88;20230228;EcritureLib_0309;20240228;10,50;0,00;D;BQ/493;;
BQ;Banque BQ;BQ/494;20230301;62700000;CompteLib_0030;;;23C6;20230301;EcritureLib_0031;20240228;0,61;0,00;D;BQ/494;;
BQ;Banque BQ;BQ/494;20230301;51220000;CompteLib_0026;;;23C6;20230301;EcritureLib_0031;20240228;0,00;0,61;C;BQ/494;;
BQ;Banque BQ;BQ/495;20230301;62700000;CompteLib_0030;;;23C7;20230301;EcritureLib_0031;20240228;0,08;0,00;D;BQ/495;;
BQ;Banque BQ;BQ/495;20230301;51220000;CompteLib_0026;;;23C7;20230301;EcritureLib_0031;20240228;0,00;0,08;C;BQ/495;;
BQ;Banque BQ;BQ/496;20230301;62700000;CompteLib_0030;;;23C8;20230301;EcritureLib_0030;20240228;4,10;0,00;D;BQ/496;;
BQ;Banque BQ;BQ/496;20230301;51220000;CompteLib_0026;;;23C8;20230301;EcritureLib_0030;20240228;0,00;4,10;C;BQ/496;;
BQ;Banque BQ;BQ/497;20230301;51100000;CompteLib_0024;;;23C1;20230301;EcritureLib_0310;20240228;0,00;200,50;C;BQ/497;;
BQ;Banque BQ;BQ/497;20230301;51220000;CompteLib_0026;;;23C1;20230301;EcritureLib_0310;20240228;200,50;0,00;D;BQ/497;;
BQ;Banque BQ;BQ/498;20230301;60700000;CompteLib_0031;;;23C4;20230301;EcritureLib_0311;20240228;41,56;0,00;D;BQ/498;;
BQ;Banque BQ;BQ/498;20230301;44566100;CompteLib_0018;;;23C4;20230301;EcritureLib_0311;20240228;2,29;0,00;D;BQ/498;A;20240227
BQ;Banque BQ;BQ/498;20230301;51220000;CompteLib_0026;;;23C4;20230301;EcritureLib_0311;20240228;0,00;43,85;C;BQ/498;;
BQ;Banque BQ;BQ/499;20230301;60700000;CompteLib_0031;;;23C5;20230301;EcritureLib_0312;20240228;34,48;0,00;D;BQ/499;;
BQ;Banque BQ;BQ/499;20230301;44566100;CompteLib_0018;;;23C5;20230301;EcritureLib_0312;20240228;1,90;0,00;D;BQ/499;A;20240227
BQ;Banque BQ;BQ/499;20230301;51220000;CompteLib_0026;;;23C5;20230301;EcritureLib_0312;20240228;0,00;36,38;C;BQ/499;;
BQ;Banque BQ;BQ/500;20230301;60700000;CompteLib_0031;;;23C118;20230301;EcritureLib_0313;20240228;193,70;0,00;D;BQ/500;;
BQ;Banque BQ;BQ/500;20230301;44566100;CompteLib_0018;;;23C118;20230301;EcritureLib_0313;20240228;10,65;0,00;D;BQ/500;A;20240227
BQ;Banque BQ;BQ/500;20230301;51220000;CompteLib_0026;;;23C118;20230301;EcritureLib_0313;20240228;0,00;204,35;C;BQ/500;;
BQ;Banque BQ;BQ/500;20230301;60630000;CompteLib_0032;;;23C118;20230301;EcritureLib_0313;20240228;11,18;0,00;D;BQ/500;;
BQ;Banque BQ;BQ/500;20230301;44566100;CompteLib_0018;;;23C118;20230301;EcritureLib_0313;20240228;2,24;0,00;D;BQ/500;A;20240227
BQ;Banque BQ;BQ/500;20230301;51220000;CompteLib_0026;;;23C118;20230301;EcritureLib_0313;20240228;0,00;13,42;C;BQ/500;;
BQ;Banque BQ;BQ/501;20230301;51100000;CompteLib_0024;;;23C2;20230301;EcritureLib_0314;20240228;0,00;27,40;C;BQ/501;;
BQ;Banque BQ;BQ/501;20230301;51220000;CompteLib_0026;;;23C2;20230301;EcritureLib_0314;20240228;27,40;0,00;D;BQ/501;;
BQ;Banque BQ;BQ/502;20230302;62700000;CompteLib_0030;;;23C12;20230302;EcritureLib_0031;20240228;1,05;0,00;D;BQ/502;;
BQ;Banque BQ;BQ/502;20230302;51220000;CompteLib_0026;;;23C12;20230302;EcritureLib_0031;20240228;0,00;1,05;C;BQ/502;;
BQ;Banque BQ;BQ/503;20230302;62700000;CompteLib_0030;;;23C13;20230302;EcritureLib_0031;20240228;0,05;0,00;D;BQ/503;;
BQ;Banque BQ;BQ/503;20230302;51220000;CompteLib_0026;;;23C13;20230302;EcritureLib_0031;20240228;0,00;0,05;C;BQ/503;;
BQ;Banque BQ;BQ/504;20230302;51100000;CompteLib_0024;;;23C9;20230302;EcritureLib_0315;20240228;0,00;278,20;C;BQ/504;;
BQ;Banque BQ;BQ/504;20230302;51220000;CompteLib_0026;;;23C9;20230302;EcritureLib_0315;20240228;278,20;0,00;D;BQ/504;;
BQ;Banque BQ;BQ/505;20230302;60700000;CompteLib_0031;;;23C11;20230302;EcritureLib_0316;20240228;86,52;0,00;D;BQ/505;;
BQ;Banque BQ;BQ/505;20230302;44566100;CompteLib_0018;;;23C11;20230302;EcritureLib_0316;20240228;5,11;0,00;D;BQ/505;A;20240227
BQ;Banque BQ;BQ/505;20230302;51220000;CompteLib_0026;;;23C11;20230302;EcritureLib_0316;20240228;0,00;91,63;C;BQ/505;;
BQ;Banque BQ;BQ/506;20230302;51100000;CompteLib_0024;;;23C10;20230302;EcritureLib_0317;20240228;0,00;17,40;C;BQ/506;;
BQ;Banque BQ;BQ/506;20230302;51220000;CompteLib_0026;;;23C10;20230302;EcritureLib_0317;20240228;17,40;0,00;D;BQ/506;;
BQ;Banque BQ;BQ/507;20230303;51100000;CompteLib_0024;;;23C14;20230303;EcritureLib_0318;20240228;0,00;294,80;C;BQ/507;;
BQ;Banque BQ;BQ/507;20230303;51220000;CompteLib_0026;;;23C14;20230303;EcritureLib_0318;20240228;294,80;0,00;D;BQ/507;;
BQ;Banque BQ;BQ/508;20230303;62700000;CompteLib_0030;;;23C15;20230303;EcritureLib_0031;20240228;1,19;0,00;D;BQ/508;;
BQ;Banque BQ;BQ/508;20230303;51220000;CompteLib_0026;;;23C15;20230303;EcritureLib_0031;20240228;0,00;1,19;C;BQ/508;;
BQ;Banque BQ;BQ/509;20230306;62700000;CompteLib_0030;;;23C22;20230306;EcritureLib_0031;20240228;0,66;0,00;D;BQ/509;;
BQ;Banque BQ;BQ/509;20230306;51220000;CompteLib_0026;;;23C22;20230306;EcritureLib_0031;20240228;0,00;0,66;C;BQ/509;;
BQ;Banque BQ;BQ/510;20230306;62700000;CompteLib_0030;;;23C23;20230306;EcritureLib_0031;20240228;0,03;0,00;D;BQ/510;;
BQ;Banque BQ;BQ/510;20230306;51220000;CompteLib_0026;;;23C23;20230306;EcritureLib_0031;20240228;0,00;0,03;C;BQ/510;;
BQ;Banque BQ;BQ/511;20230306;51100000;CompteLib_0024;;;23C17;20230306;EcritureLib_0319;20240228;0,00;9,90;C;BQ/511;;
BQ;Banque BQ;BQ/511;20230306;51220000;CompteLib_0026;;;23C17;20230306;EcritureLib_0319;20240228;9,90;0,00;D;BQ/511;;
BQ;Banque BQ;BQ/512;20230306;51100000;CompteLib_0024;;;23C16;20230306;EcritureLib_0320;20240228;0,00;210,40;C;BQ/512;;
BQ;Banque BQ;BQ/512;20230306;51220000;CompteLib_0026;;;23C16;20230306;EcritureLib_0320;20240228;210,40;0,00;D;BQ/512;;
BQ;Banque BQ;BQ/513;20230306;60700000;CompteLib_0031;;;23C18;20230306;EcritureLib_0321;20240228;276,21;0,00;D;BQ/513;;
BQ;Banque BQ;BQ/513;20230306;44566100;CompteLib_0018;;;23C18;20230306;EcritureLib_0321;20240228;15,19;0,00;D;BQ/513;A;20240227
BQ;Banque BQ;BQ/513;20230306;51220000;CompteLib_0026;;;23C18;20230306;EcritureLib_0321;20240228;0,00;291,40;C;BQ/513;;
BQ;Banque BQ;BQ/514;20230306;61600000;CompteLib_0034;;;23C19;20230306;EcritureLib_0041;20240228;69,13;0,00;D;BQ/514;;
BQ;Banque BQ;BQ/514;20230306;51220000;CompteLib_0026;;;23C19;20230306;EcritureLib_0041;20240228;0,00;69,13;C;BQ/514;;
BQ;Banque BQ;BQ/515;20230306;60700000;CompteLib_0031;;;23C20;20230306;EcritureLib_0322;20240228;28,91;0,00;D;BQ/515;;
BQ;Banque BQ;BQ/515;20230306;44566100;CompteLib_0018;;;23C20;20230306;EcritureLib_0322;20240228;1,59;0,00;D;BQ/515;A;20240227
BQ;Banque BQ;BQ/515;20230306;51220000;CompteLib_0026;;;23C20;20230306;EcritureLib_0322;20240228;0,00;30,50;C;BQ/515;;
BQ;Banque BQ;BQ/516;20230306;62600000;CompteLib_0035;;;23C21;20230306;EcritureLib_0323;20240228;18,37;0,00;D;BQ/516;;
BQ;Banque BQ;BQ/516;20230306;44566100;CompteLib_0018;;;23C21;20230306;EcritureLib_0323;20240228;3,68;0,00;D;BQ/516;A;20240227
BQ;Banque BQ;BQ/516;20230306;51220000;CompteLib_0026;;;23C21;20230306;EcritureLib_0323;20240228;0,00;22,05;C;BQ/516;;
BQ;Banque BQ;BQ/517;20230307;62700000;CompteLib_0030;;;23C26;20230307;EcritureLib_0031;20240228;0,76;0,00;D;BQ/517;;
BQ;Banque BQ;BQ/517;20230307;51220000;CompteLib_0026;;;23C26;20230307;EcritureLib_0031;20240228;0,00;0,76;C;BQ/517;;
BQ;Banque BQ;BQ/518;20230307;60700000;CompteLib_0031;;;23C119;20230307;EcritureLib_0324;20240228;0,00;26,26;C;BQ/518;;
BQ;Banque BQ;BQ/518;20230307;44566100;CompteLib_0018;;;23C119;20230307;EcritureLib_0324;20240228;0,00;1,44;C;BQ/518;A;20240227
BQ;Banque BQ;BQ/518;20230307;51220000;CompteLib_0026;;;23C119;20230307;EcritureLib_0324;20240228;27,70;0,00;D;BQ/518;;
BQ;Banque BQ;BQ/519;20230307;51100000;CompteLib_0024;;;23C24;20230307;EcritureLib_0325;20240228;0,00;253,10;C;BQ/519;;
BQ;Banque BQ;BQ/519;20230307;51220000;CompteLib_0026;;;23C24;20230307;EcritureLib_0325;20240228;253,10;0,00;D;BQ/519;;
BQ;Banque BQ;BQ/520;20230307;62700000;CompteLib_0030;;;23C27;20230307;EcritureLib_0031;20240228;0,08;0,00;D;BQ/520;;
BQ;Banque BQ;BQ/520;20230307;51220000;CompteLib_0026;;;23C27;20230307;EcritureLib_0031;20240228;0,00;0,08;C;BQ/520;;
BQ;Banque BQ;BQ/521;20230308;62700000;CompteLib_0030;;;23C30;20230308;EcritureLib_0031;20240228;0,95;0,00;D;BQ/521;;
BQ;Banque BQ;BQ/521;20230308;51220000;CompteLib_0026;;;23C30;20230308;EcritureLib_0031;20240228;0,00;0,95;C;BQ/521;;
BQ;Banque BQ;BQ/522;20230308;51100000;CompteLib_0024;;;23C28;20230308;EcritureLib_0326;20240228;0,00;311,90;C;BQ/522;;
BQ;Banque BQ;BQ/522;20230308;51220000;CompteLib_0026;;;23C28;20230308;EcritureLib_0326;20240228;311,90;0,00;D;BQ/522;;
BQ;Banque BQ;BQ/523;20230308;51100000;CompteLib_0024;;;23C29;20230308;EcritureLib_0327;20240228;0,00;10,50;C;BQ/523;;
BQ;Banque BQ;BQ/523;20230308;51220000;CompteLib_0026;;;23C29;20230308;EcritureLib_0327;20240228;10,50;0,00;D;BQ/523;;
BQ;Banque BQ;BQ/524;20230308;62700000;CompteLib_0030;;;23C31;20230308;EcritureLib_0031;20240228;0,03;0,00;D;BQ/524;;
BQ;Banque BQ;BQ/524;20230308;51220000;CompteLib_0026;;;23C31;20230308;EcritureLib_0031;20240228;0,00;0,03;C;BQ/524;;
BQ;Banque BQ;BQ/525;20230309;62700000;CompteLib_0030;;;23C37;20230309;EcritureLib_0031;20240228;0,83;0,00;D;BQ/525;;
BQ;Banque BQ;BQ/525;20230309;51220000;CompteLib_0026;;;23C37;20230309;EcritureLib_0031;20240228;0,00;0,83;C;BQ/525;;
BQ;Banque BQ;BQ/526;20230309;51100000;CompteLib_0024;;;23C34;20230309;EcritureLib_0328;20240228;0,00;10,90;C;BQ/526;;
BQ;Banque BQ;BQ/526;20230309;51220000;CompteLib_0026;;;23C34;20230309;EcritureLib_0328;20240228;10,90;0,00;D;BQ/526;;
BQ;Banque BQ;BQ/527;20230309;60700000;CompteLib_0031;;;23C120;20230309;EcritureLib_0329;20240228;57,72;0,00;D;BQ/527;;
BQ;Banque BQ;BQ/527;20230309;44566100;CompteLib_0018;;;23C120;20230309;EcritureLib_0329;20240228;3,17;0,00;D;BQ/527;A;20240227
BQ;Banque BQ;BQ/527;20230309;51220000;CompteLib_0026;;;23C120;20230309;EcritureLib_0329;20240228;0,00;60,89;C;BQ/527;;
BQ;Banque BQ;BQ/527;20230309;60630000;CompteLib_0032;;;23C120;20230309;EcritureLib_0329;20240228;19,96;0,00;D;BQ/527;;
BQ;Banque BQ;BQ/527;20230309;44566100;CompteLib_0018;;;23C120;20230309;EcritureLib_0329;20240228;3,99;0,00;D;BQ/527;A;20240227
BQ;Banque BQ;BQ/527;20230309;51220000;CompteLib_0026;;;23C120;20230309;EcritureLib_0329;20240228;0,00;23,95;C;BQ/527;;
BQ;Banque BQ;BQ/528;20230309;51100000;CompteLib_0024;;;23C32;20230309;EcritureLib_0330;20240228;0,00;269,10;C;BQ/528;;
BQ;Banque BQ;BQ/528;20230309;51220000;CompteLib_0026;;;23C32;20230309;EcritureLib_0330;20240228;269,10;0,00;D;BQ/528;;
BQ;Banque BQ;BQ/529;20230309;51120000;CompteLib_0025;;;23C33;20230309;EcritureLib_0042;20240228;0,00;51,88;C;BQ/529;;
BQ;Banque BQ;BQ/529;20230309;51220000;CompteLib_0026;;;23C33;20230309;EcritureLib_0042;20240228;51,88;0,00;D;BQ/529;;
BQ;Banque BQ;BQ/530;20230309;62600000;CompteLib_0035;;;23C36;20230309;EcritureLib_0054;20240228;34,76;0,00;D;BQ/530;;
BQ;Banque BQ;BQ/530;20230309;44566100;CompteLib_0018;;;23C36;20230309;EcritureLib_0054;20240228;6,95;0,00;D;BQ/530;A;20240227
BQ;Banque BQ;BQ/530;20230309;51220000;CompteLib_0026;;;23C36;20230309;EcritureLib_0054;20240228;0,00;41,71;C;BQ/530;;
BQ;Banque BQ;BQ/531;20230309;62700000;CompteLib_0030;;;23C38;20230309;EcritureLib_0031;20240228;0,03;0,00;D;BQ/531;;
BQ;Banque BQ;BQ/531;20230309;51220000;CompteLib_0026;;;23C38;20230309;EcritureLib_0031;20240228;0,00;0,03;C;BQ/531;;
BQ;Banque BQ;BQ/532;20230310;60700000;CompteLib_0031;;;23C42;20230310;EcritureLib_0057;20240228;170,14;0,00;D;BQ/532;;
BQ;Banque BQ;BQ/532;20230310;44566100;CompteLib_0018;;;23C42;20230310;EcritureLib_0057;20240228;9,36;0,00;D;BQ/532;A;20240227
BQ;Banque BQ;BQ/532;20230310;51220000;CompteLib_0026;;;23C42;20230310;EcritureLib_0057;20240228;0,00;179,50;C;BQ/532;;
BQ;Banque BQ;BQ/533;20230310;62700000;CompteLib_0030;;;23C44;20230310;EcritureLib_0031;20240228;0,04;0,00;D;BQ/533;;
BQ;Banque BQ;BQ/533;20230310;51220000;CompteLib_0026;;;23C44;20230310;EcritureLib_0031;20240228;0,00;0,04;C;BQ/533;;
BQ;Banque BQ;BQ/534;20230310;51120000;CompteLib_0025;;;23C41;20230310;EcritureLib_0331;20240228;0,00;9,15;C;BQ/534;;
BQ;Banque BQ;BQ/534;20230310;51220000;CompteLib_0026;;;23C41;20230310;EcritureLib_0331;20240228;9,15;0,00;D;BQ/534;;
BQ;Banque BQ;BQ/535;20230310;62700000;CompteLib_0030;;;23C43;20230310;EcritureLib_0031;20240228;0,85;0,00;D;BQ/535;;
BQ;Banque BQ;BQ/535;20230310;51220000;CompteLib_0026;;;23C43;20230310;EcritureLib_0031;20240228;0,00;0,85;C;BQ/535;;
BQ;Banque BQ;BQ/536;20230310;51100000;CompteLib_0024;;;23C40;20230310;EcritureLib_0332;20240228;0,00;12,50;C;BQ/536;;
BQ;Banque BQ;BQ/536;20230310;51220000;CompteLib_0026;;;23C40;20230310;EcritureLib_0332;20240228;12,50;0,00;D;BQ/536;;
BQ;Banque BQ;BQ/537;20230310;51100000;CompteLib_0024;;;23C39;20230310;EcritureLib_0333;20240228;0,00;280,60;C;BQ/537;;
BQ;Banque BQ;BQ/537;20230310;51220000;CompteLib_0026;;;23C39;20230310;EcritureLib_0333;20240228;280,60;0,00;D;BQ/537;;
BQ;Banque BQ;BQ/538;20230314;62700000;CompteLib_0030;;;23C51;20230314;EcritureLib_0031;20240228;0,90;0,00;D;BQ/538;;
BQ;Banque BQ;BQ/538;20230314;51220000;CompteLib_0026;;;23C51;20230314;EcritureLib_0031;20240228;0,00;0,90;C;BQ/538;;
BQ;Banque BQ;BQ/539;20230314;51100000;CompteLib_0024;;;23C45;20230314;EcritureLib_0334;20240228;0,00;296,70;C;BQ/539;;
BQ;Banque BQ;BQ/539;20230314;51220000;CompteLib_0026;;;23C45;20230314;EcritureLib_0334;20240228;296,70;0,00;D;BQ/539;;
BQ;Banque BQ;BQ/540;20230314;62700000;CompteLib_0030;;;23C52;20230314;EcritureLib_0031;20240228;0,03;0,00;D;BQ/540;;
BQ;Banque BQ;BQ/540;20230314;51220000;CompteLib_0026;;;23C52;20230314;EcritureLib_0031;20240228;0,00;0,03;C;BQ/540;;
BQ;Banque BQ;BQ/541;20230314;51100000;CompteLib_0024;;;23C49;20230314;EcritureLib_0335;20240228;0,00;10,90;C;BQ/541;;
BQ;Banque BQ;BQ/541;20230314;51220000;CompteLib_0026;;;23C49;20230314;EcritureLib_0335;20240228;10,90;0,00;D;BQ/541;;
BQ;Banque BQ;BQ/542;20230314;51120000;CompteLib_0025;;;23C50;20230314;EcritureLib_0336;20240228;0,00;7,99;C;BQ/542;;
BQ;Banque BQ;BQ/542;20230314;51220000;CompteLib_0026;;;23C50;20230314;EcritureLib_0336;20240228;7,99;0,00;D;BQ/542;;
BQ;Banque BQ;BQ/543;20230314;51120000;CompteLib_0025;;;23C48;20230314;EcritureLib_0337;20240228;0,00;13,30;C;BQ/543;;
BQ;Banque BQ;BQ/543;20230314;51220000;CompteLib_0026;;;23C48;20230314;EcritureLib_0337;20240228;13,30;0,00;D;BQ/543;;
BQ;Banque BQ;BQ/544;20230314;51120000;CompteLib_0025;;;23C47;20230314;EcritureLib_0338;20240228;0,00;24,04;C;BQ/544;;
BQ;Banque BQ;BQ/544;20230314;51220000;CompteLib_0026;;;23C47;20230314;EcritureLib_0338;20240228;24,04;0,00;D;BQ/544;;
BQ;Banque BQ;BQ/545;20230314;51120000;CompteLib_0025;;;23C46;20230314;EcritureLib_0042;20240228;0,00;41,31;C;BQ/545;;
BQ;Banque BQ;BQ/545;20230314;51220000;CompteLib_0026;;;23C46;20230314;EcritureLib_0042;20240228;41,31;0,00;D;BQ/545;;
BQ;Banque BQ;BQ/546;20230315;62700000;CompteLib_0030;;;23C57;20230315;EcritureLib_0031;20240228;0,03;0,00;D;BQ/546;;
BQ;Banque BQ;BQ/546;20230315;51220000;CompteLib_0026;;;23C57;20230315;EcritureLib_0031;20240228;0,00;0,03;C;BQ/546;;
BQ;Banque BQ;BQ/547;20230315;62700000;CompteLib_0030;;;23C56;20230315;EcritureLib_0031;20240228;1,04;0,00;D;BQ/547;;
BQ;Banque BQ;BQ/547;20230315;51220000;CompteLib_0026;;;23C56;20230315;EcritureLib_0031;20240228;0,00;1,04;C;BQ/547;;
BQ;Banque BQ;BQ/548;20230315;51100000;CompteLib_0024;;;23C54;20230315;EcritureLib_0339;20240228;0,00;10,50;C;BQ/548;;
BQ;Banque BQ;BQ/548;20230315;51220000;CompteLib_0026;;;23C54;20230315;EcritureLib_0339;20240228;10,50;0,00;D;BQ/548;;
BQ;Banque BQ;BQ/549;20230315;51100000;CompteLib_0024;;;23C53;20230315;EcritureLib_0340;20240228;0,00;326,90;C;BQ/549;;
BQ;Banque BQ;BQ/549;20230315;51220000;CompteLib_0026;;;23C53;20230315;EcritureLib_0340;20240228;326,90;0,00;D;BQ/549;;
BQ;Banque BQ;BQ/550;20230315;62260000;CompteLib_0039;;;23C55;20230315;EcritureLib_0082;20240228;149,00;0,00;D;BQ/550;;
BQ;Banque BQ;BQ/550;20230315;44566100;CompteLib_0018;;;23C55;20230315;EcritureLib_0082;20240228;29,80;0,00;D;BQ/550;A;20240227
BQ;Banque BQ;BQ/550;20230315;51220000;CompteLib_0026;;;23C55;20230315;EcritureLib_0082;20240228;0,00;178,80;C;BQ/550;;
BQ;Banque BQ;BQ/551;20230316;62700000;CompteLib_0030;;;23C60;20230316;EcritureLib_0031;20240228;0,08;0,00;D;BQ/551;;
BQ;Banque BQ;BQ/551;20230316;51220000;CompteLib_0026;;;23C60;20230316;EcritureLib_0031;20240228;0,00;0,08;C;BQ/551;;
BQ;Banque BQ;BQ/552;20230316;51100000;CompteLib_0024;;;23C59;20230316;EcritureLib_0341;20240228;0,00;27,00;C;BQ/552;;
BQ;Banque BQ;BQ/552;20230316;51220000;CompteLib_0026;;;23C59;20230316;EcritureLib_0341;20240228;27,00;0,00;D;BQ/552;;
BQ;Banque BQ;BQ/553;20230316;51120000;CompteLib_0025;;;23C58;20230316;EcritureLib_0342;20240228;0,00;60,56;C;BQ/553;;
BQ;Banque BQ;BQ/553;20230316;51220000;CompteLib_0026;;;23C58;20230316;EcritureLib_0342;20240228;60,56;0,00;D;BQ/553;;
BQ;Banque BQ;BQ/554;20230317;60700000;CompteLib_0031;;;23C62;20230317;EcritureLib_0343;20240228;70,76;0,00;D;BQ/554;;
BQ;Banque BQ;BQ/554;20230317;44566100;CompteLib_0018;;;23C62;20230317;EcritureLib_0343;20240228;3,89;0,00;D;BQ/554;A;20240227
BQ;Banque BQ;BQ/554;20230317;51220000;CompteLib_0026;;;23C62;20230317;EcritureLib_0343;20240228;0,00;74,65;C;BQ/554;;
BQ;Banque BQ;BQ/555;20230317;51100000;CompteLib_0024;;;23C61;20230317;EcritureLib_0344;20240228;0,00;173,70;C;BQ/555;;
BQ;Banque BQ;BQ/555;20230317;51220000;CompteLib_0026;;;23C61;20230317;EcritureLib_0344;20240228;173,70;0,00;D;BQ/555;;
BQ;Banque BQ;BQ/556;20230317;62700000;CompteLib_0030;;;23C63;20230317;EcritureLib_0031;20240228;0,54;0,00;D;BQ/556;;
BQ;Banque BQ;BQ/556;20230317;51220000;CompteLib_0026;;;23C63;20230317;EcritureLib_0031;20240228;0,00;0,54;C;BQ/556;;
BQ;Banque BQ;BQ/557;20230320;61350000;CompteLib_0036;;;23C121;20230320;EcritureLib_0086;20240228;67,14;0,00;D;BQ/557;;
BQ;Banque BQ;BQ/557;20230320;44566100;CompteLib_0018;;;23C121;20230320;EcritureLib_0086;20240228;12,80;0,00;D;BQ/557;A;20240227
BQ;Banque BQ;BQ/557;20230320;51220000;CompteLib_0026;;;23C121;20230320;EcritureLib_0086;20240228;0,00;79,94;C;BQ/557;;
BQ;Banque BQ;BQ/558;20230320;51120000;CompteLib_0025;;;23C65;20230320;EcritureLib_0345;20240228;0,00;9,94;C;BQ/558;;
BQ;Banque BQ;BQ/558;20230320;51220000;CompteLib_0026;;;23C65;20230320;EcritureLib_0345;20240228;9,94;0,00;D;BQ/558;;
BQ;Banque BQ;BQ/559;20230320;62700000;CompteLib_0030;;;23C68;20230320;EcritureLib_0031;20240228;0,55;0,00;D;BQ/559;;
BQ;Banque BQ;BQ/559;20230320;51220000;CompteLib_0026;;;23C68;20230320;EcritureLib_0031;20240228;0,00;0,55;C;BQ/559;;
BQ;Banque BQ;BQ/560;20230320;51100000;CompteLib_0024;;;23C64;20230320;EcritureLib_0346;20240228;0,00;180,95;C;BQ/560;;
BQ;Banque BQ;BQ/560;20230320;51220000;CompteLib_0026;;;23C64;20230320;EcritureLib_0346;20240228;180,95;0,00;D;BQ/560;;
BQ;Banque BQ;BQ/561;20230320;60700000;CompteLib_0031;;;23C66;20230320;EcritureLib_0057;20240228;287,64;0,00;D;BQ/561;;
BQ;Banque BQ;BQ/561;20230320;44566100;CompteLib_0018;;;23C66;20230320;EcritureLib_0057;20240228;15,82;0,00;D;BQ/561;A;20240227
BQ;Banque BQ;BQ/561;20230320;51220000;CompteLib_0026;;;23C66;20230320;EcritureLib_0057;20240228;0,00;303,46;C;BQ/561;;
BQ;Banque BQ;BQ/562;20230321;62700000;CompteLib_0030;;;23C74;20230321;EcritureLib_0031;20240228;0,86;0,00;D;BQ/562;;
BQ;Banque BQ;BQ/562;20230321;51220000;CompteLib_0026;;;23C74;20230321;EcritureLib_0031;20240228;0,00;0,86;C;BQ/562;;
BQ;Banque BQ;BQ/563;20230321;51120000;CompteLib_0025;;;23C72;20230321;EcritureLib_0347;20240228;0,00;2,81;C;BQ/563;;
BQ;Banque BQ;BQ/563;20230321;51220000;CompteLib_0026;;;23C72;20230321;EcritureLib_0347;20240228;2,81;0,00;D;BQ/563;;
BQ;Banque BQ;BQ/564;20230321;60700000;CompteLib_0031;;;23C122;20230321;EcritureLib_0348;20240228;18,46;0,00;D;BQ/564;;
BQ;Banque BQ;BQ/564;20230321;44566100;CompteLib_0018;;;23C122;20230321;EcritureLib_0348;20240228;1,02;0,00;D;BQ/564;A;20240227
BQ;Banque BQ;BQ/564;20230321;51220000;CompteLib_0026;;;23C122;20230321;EcritureLib_0348;20240228;0,00;19,48;C;BQ/564;;
BQ;Banque BQ;BQ/565;20230321;51120000;CompteLib_0025;;;23C71;20230321;EcritureLib_0349;20240228;0,00;17,32;C;BQ/565;;
BQ;Banque BQ;BQ/565;20230321;51220000;CompteLib_0026;;;23C71;20230321;EcritureLib_0349;20240228;17,32;0,00;D;BQ/565;;
BQ;Banque BQ;BQ/566;20230321;51100000;CompteLib_0024;;;23C69;20230321;EcritureLib_0350;20240228;0,00;281,80;C;BQ/566;;
BQ;Banque BQ;BQ/566;20230321;51220000;CompteLib_0026;;;23C69;20230321;EcritureLib_0350;20240228;281,80;0,00;D;BQ/566;;
BQ;Banque BQ;BQ/567;20230321;51100000;CompteLib_0024;;;23C70;20230321;EcritureLib_0351;20240228;0,00;23,90;C;BQ/567;;
BQ;Banque BQ;BQ/567;20230321;51220000;CompteLib_0026;;;23C70;20230321;EcritureLib_0351;20240228;23,90;0,00;D;BQ/567;;
BQ;Banque BQ;BQ/568;20230321;62700000;CompteLib_0030;;;23C75;20230321;EcritureLib_0031;20240228;0,07;0,00;D;BQ/568;;
BQ;Banque BQ;BQ/568;20230321;51220000;CompteLib_0026;;;23C75;20230321;EcritureLib_0031;20240228;0,00;0,07;C;BQ/568;;
BQ;Banque BQ;BQ/569;20230322;62700000;CompteLib_0030;;;23C81;20230322;EcritureLib_0031;20240228;0,67;0,00;D;BQ/569;;
BQ;Banque BQ;BQ/569;20230322;51220000;CompteLib_0026;;;23C81;20230322;EcritureLib_0031;20240228;0,00;0,67;C;BQ/569;;
BQ;Banque BQ;BQ/570;20230322;60630000;CompteLib_0032;;;23C123;20230322;EcritureLib_0352;20240228;21,00;0,00;D;BQ/570;;
BQ;Banque BQ;BQ/570;20230322;44566100;CompteLib_0018;;;23C123;20230322;EcritureLib_0352;20240228;4,20;0,00;D;BQ/570;A;20240227
BQ;Banque BQ;BQ/570;20230322;51220000;CompteLib_0026;;;23C123;20230322;EcritureLib_0352;20240228;0,00;25,20;C;BQ/570;;
BQ;Banque BQ;BQ/570;20230322;60700000;CompteLib_0031;;;23C123;20230322;EcritureLib_0352;20240228;36,40;0,00;D;BQ/570;;
BQ;Banque BQ;BQ/570;20230322;44566100;CompteLib_0018;;;23C123;20230322;EcritureLib_0352;20240228;2,00;0,00;D;BQ/570;A;20240227
BQ;Banque BQ;BQ/570;20230322;51220000;CompteLib_0026;;;23C123;20230322;EcritureLib_0352;20240228;0,00;38,40;C;BQ/570;;
BQ;Banque BQ;BQ/571;20230322;51100000;CompteLib_0024;;;23C76;20230322;EcritureLib_0353;20240228;0,00;215,00;C;BQ/571;;
BQ;Banque BQ;BQ/571;20230322;51220000;CompteLib_0026;;;23C76;20230322;EcritureLib_0353;20240228;215,00;0,00;D;BQ/571;;
BQ;Banque BQ;BQ/572;20230322;62700000;CompteLib_0030;;;23C82;20230322;EcritureLib_0031;20240228;0,03;0,00;D;BQ/572;;
BQ;Banque BQ;BQ/572;20230322;51220000;CompteLib_0026;;;23C82;20230322;EcritureLib_0031;20240228;0,00;0,03;C;BQ/572;;
BQ;Banque BQ;BQ/573;20230322;51100000;CompteLib_0024;;;23C78;20230322;EcritureLib_0354;20240228;0,00;10,90;C;BQ/573;;
BQ;Banque BQ;BQ/573;20230322;51220000;CompteLib_0026;;;23C78;20230322;EcritureLib_0354;20240228;10,90;0,00;D;BQ/573;;
BQ;Banque BQ;BQ/574;20230322;60700000;CompteLib_0031;;;23C124;20230322;EcritureLib_0352;20240228;54,94;0,00;D;BQ/574;;
BQ;Banque BQ;BQ/574;20230322;44566100;CompteLib_0018;;;23C124;20230322;EcritureLib_0352;20240228;3,02;0,00;D;BQ/574;A;20240227
BQ;Banque BQ;BQ/574;20230322;51220000;CompteLib_0026;;;23C124;20230322;EcritureLib_0352;20240228;0,00;57,96;C;BQ/574;;
BQ;Banque BQ;BQ/575;20230322;51120000;CompteLib_0025;;;23C77;20230322;EcritureLib_0042;20240228;0,00;23,03;C;BQ/575;;
BQ;Banque BQ;BQ/575;20230322;51220000;CompteLib_0026;;;23C77;20230322;EcritureLib_0042;20240228;23,03;0,00;D;BQ/575;;
BQ;Banque BQ;BQ/576;20230323;51120000;CompteLib_0025;;;23C84;20230323;EcritureLib_0355;20240228;0,00;31,96;C;BQ/576;;
BQ;Banque BQ;BQ/576;20230323;51220000;CompteLib_0026;;;23C84;20230323;EcritureLib_0355;20240228;31,96;0,00;D;BQ/576;;
BQ;Banque BQ;BQ/577;20230323;62700000;CompteLib_0030;;;23C88;20230323;EcritureLib_0031;20240228;0,04;0,00;D;BQ/577;;
BQ;Banque BQ;BQ/577;20230323;51220000;CompteLib_0026;;;23C88;20230323;EcritureLib_0031;20240228;0,00;0,04;C;BQ/577;;
BQ;Banque BQ;BQ/578;20230323;60700000;CompteLib_0031;;;23C125;20230323;EcritureLib_0356;20240228;283,36;0,00;D;BQ/578;;
BQ;Banque BQ;BQ/578;20230323;44566100;CompteLib_0018;;;23C125;20230323;EcritureLib_0356;20240228;15,58;0,00;D;BQ/578;A;20240227
BQ;Banque BQ;BQ/578;20230323;51220000;CompteLib_0026;;;23C125;20230323;EcritureLib_0356;20240228;0,00;298,94;C;BQ/578;;
BQ;Banque BQ;BQ/578;20230323;60630000;CompteLib_0032;;;23C125;20230323;EcritureLib_0356;20240228;22,31;0,00;D;BQ/578;;
BQ;Banque BQ;BQ/578;20230323;44566100;CompteLib_0018;;;23C125;20230323;EcritureLib_0356;20240228;4,46;0,00;D;BQ/578;A;20240227
BQ;Banque BQ;BQ/578;20230323;51220000;CompteLib_0026;;;23C125;20230323;EcritureLib_0356;20240228;0,00;26,77;C;BQ/578;;
BQ;Banque BQ;BQ/579;20230323;51100000;CompteLib_0024;;;23C83;20230323;EcritureLib_0357;20240228;0,00;266,80;C;BQ/579;;
BQ;Banque BQ;BQ/579;20230323;51220000;CompteLib_0026;;;23C83;20230323;EcritureLib_0357;20240228;266,80;0,00;D;BQ/579;;
BQ;Banque BQ;BQ/580;20230323;51100000;CompteLib_0024;;;23C85;20230323;EcritureLib_0358;20240228;0,00;11,90;C;BQ/580;;
BQ;Banque BQ;BQ/580;20230323;51220000;CompteLib_0026;;;23C85;20230323;EcritureLib_0358;20240228;11,90;0,00;D;BQ/580;;
BQ;Banque BQ;BQ/581;20230323;62700000;CompteLib_0030;;;23C87;20230323;EcritureLib_0031;20240228;0,81;0,00;D;BQ/581;;
BQ;Banque BQ;BQ/581;20230323;51220000;CompteLib_0026;;;23C87;20230323;EcritureLib_0031;20240228;0,00;0,81;C;BQ/581;;
BQ;Banque BQ;BQ/582;20230324;62700000;CompteLib_0030;;;23C96;20230324;EcritureLib_0031;20240228;0,02;0,00;D;BQ/582;;
BQ;Banque BQ;BQ/582;20230324;51220000;CompteLib_0026;;;23C96;20230324;EcritureLib_0031;20240228;0,00;0,02;C;BQ/582;;
BQ;Banque BQ;BQ/583;20230324;62700000;CompteLib_0030;;;23C95;20230324;EcritureLib_0031;20240228;0,89;0,00;D;BQ/583;;
BQ;Banque BQ;BQ/583;20230324;51220000;CompteLib_0026;;;23C95;20230324;EcritureLib_0031;20240228;0,00;0,89;C;BQ/583;;
BQ;Banque BQ;BQ/584;20230324;51100000;CompteLib_0024;;;23C89;20230324;EcritureLib_0359;20240228;0,00;222,30;C;BQ/584;;
BQ;Banque BQ;BQ/584;20230324;51220000;CompteLib_0026;;;23C89;20230324;EcritureLib_0359;20240228;222,30;0,00;D;BQ/584;;
BQ;Banque BQ;BQ/585;20230324;60630000;CompteLib_0032;;;23C126;20230324;EcritureLib_0360;20240228;77,99;0,00;D;BQ/585;;
BQ;Banque BQ;BQ/585;20230324;44566100;CompteLib_0018;;;23C126;20230324;EcritureLib_0360;20240228;15,60;0,00;D;BQ/585;A;20240227
BQ;Banque BQ;BQ/585;20230324;51220000;CompteLib_0026;;;23C126;20230324;EcritureLib_0360;20240228;0,00;93,59;C;BQ/585;;
BQ;Banque BQ;BQ/585;20230324;60700000;CompteLib_0031;;;23C126;20230324;EcritureLib_0360;20240228;1,41;0,00;D;BQ/585;;
BQ;Banque BQ;BQ/585;20230324;44566100;CompteLib_0018;;;23C126;20230324;EcritureLib_0360;20240228;0,08;0,00;D;BQ/585;A;20240227
BQ;Banque BQ;BQ/585;20230324;51220000;CompteLib_0026;;;23C126;20230324;EcritureLib_0360;20240228;0,00;1,49;C;BQ/585;;
BQ;Banque BQ;BQ/586;20230324;60700000;CompteLib_0031;;;23C128;20230324;EcritureLib_0361;20240228;72,31;0,00;D;BQ/586;;
BQ;Banque BQ;BQ/586;20230324;44566100;CompteLib_0018;;;23C128;20230324;EcritureLib_0361;20240228;3,98;0,00;D;BQ/586;A;20240227
BQ;Banque BQ;BQ/586;20230324;51220000;CompteLib_0026;;;23C128;20230324;EcritureLib_0361;20240228;0,00;76,29;C;BQ/586;;
BQ;Banque BQ;BQ/586;20230324;60700000;CompteLib_0031;;;23C128;20230324;EcritureLib_0361;20240228;3,83;0,00;D;BQ/586;;
BQ;Banque BQ;BQ/586;20230324;44566100;CompteLib_0018;;;23C128;20230324;EcritureLib_0361;20240228;0,77;0,00;D;BQ/586;A;20240227
BQ;Banque BQ;BQ/586;20230324;51220000;CompteLib_0026;;;23C128;20230324;EcritureLib_0361;20240228;0,00;4,60;C;BQ/586;;
BQ;Banque BQ;BQ/587;20230324;60700000;CompteLib_0031;;;23C127;20230324;EcritureLib_0362;20240228;59,98;0,00;D;BQ/587;;
BQ;Banque BQ;BQ/587;20230324;44566100;CompteLib_0018;;;23C127;20230324;EcritureLib_0362;20240228;3,30;0,00;D;BQ/587;A;20240227
BQ;Banque BQ;BQ/587;20230324;51220000;CompteLib_0026;;;23C127;20230324;EcritureLib_0362;20240228;0,00;63,28;C;BQ/587;;
BQ;Banque BQ;BQ/587;20230324;60630000;CompteLib_0032;;;23C127;20230324;EcritureLib_0362;20240228;25,17;0,00;D;BQ/587;;
BQ;Banque BQ;BQ/587;20230324;44566100;CompteLib_0018;;;23C127;20230324;EcritureLib_0362;20240228;5,03;0,00;D;BQ/587;A;20240227
BQ;Banque BQ;BQ/587;20230324;51220000;CompteLib_0026;;;23C127;20230324;EcritureLib_0362;20240228;0,00;30,20;C;BQ/587;;
BQ;Banque BQ;BQ/588;20230324;51100000;CompteLib_0024;;;23C90;20230324;EcritureLib_0363;20240228;0,00;6,50;C;BQ/588;;
BQ;Banque BQ;BQ/588;20230324;51220000;CompteLib_0026;;;23C90;20230324;EcritureLib_0363;20240228;6,50;0,00;D;BQ/588;;
BQ;Banque BQ;BQ/589;20230324;60700000;CompteLib_0031;;;23C94;20230324;EcritureLib_0364;20240228;14,77;0,00;D;BQ/589;;
BQ;Banque BQ;BQ/589;20230324;44566100;CompteLib_0018;;;23C94;20230324;EcritureLib_0364;20240228;0,81;0,00;D;BQ/589;A;20240227
BQ;Banque BQ;BQ/589;20230324;51220000;CompteLib_0026;;;23C94;20230324;EcritureLib_0364;20240228;0,00;15,58;C;BQ/589;;
BQ;Banque BQ;BQ/590;20230327;62700000;CompteLib_0030;;;23C100;20230327;EcritureLib_0031;20240228;0,65;0,00;D;BQ/590;;
BQ;Banque BQ;BQ/590;20230327;51220000;CompteLib_0026;;;23C100;20230327;EcritureLib_0031;20240228;0,00;0,65;C;BQ/590;;
BQ;Banque BQ;BQ/591;20230327;62700000;CompteLib_0030;;;23C101;20230327;EcritureLib_0031;20240228;0,04;0,00;D;BQ/591;;
BQ;Banque BQ;BQ/591;20230327;51220000;CompteLib_0026;;;23C101;20230327;EcritureLib_0031;20240228;0,00;0,04;C;BQ/591;;
BQ;Banque BQ;BQ/592;20230327;51100000;CompteLib_0024;;;23C99;20230327;EcritureLib_0365;20240228;0,00;12,00;C;BQ/592;;
BQ;Banque BQ;BQ/592;20230327;51220000;CompteLib_0026;;;23C99;20230327;EcritureLib_0365;20240228;12,00;0,00;D;BQ/592;;
BQ;Banque BQ;BQ/593;20230327;51120000;CompteLib_0025;;;23C98;20230327;EcritureLib_0366;20240228;0,00;22,10;C;BQ/593;;
BQ;Banque BQ;BQ/593;20230327;51220000;CompteLib_0026;;;23C98;20230327;EcritureLib_0366;20240228;22,10;0,00;D;BQ/593;;
BQ;Banque BQ;BQ/594;20230327;51100000;CompteLib_0024;;;23C97;20230327;EcritureLib_0367;20240228;0,00;212,20;C;BQ/594;;
BQ;Banque BQ;BQ/594;20230327;51220000;CompteLib_0026;;;23C97;20230327;EcritureLib_0367;20240228;212,20;0,00;D;BQ/594;;
BQ;Banque BQ;BQ/595;20230328;62700000;CompteLib_0030;;;23C108;20230328;EcritureLib_0031;20240228;0,51;0,00;D;BQ/595;;
BQ;Banque BQ;BQ/595;20230328;51220000;CompteLib_0026;;;23C108;20230328;EcritureLib_0031;20240228;0,00;0,51;C;BQ/595;;
BQ;Banque BQ;BQ/596;20230328;62700000;CompteLib_0030;;;23C106;20230328;EcritureLib_0098;20240228;5,08;0,00;D;BQ/596;;
BQ;Banque BQ;BQ/596;20230328;51220000;CompteLib_0026;;;23C106;20230328;EcritureLib_0098;20240228;0,00;5,08;C;BQ/596;;
BQ;Banque BQ;BQ/597;20230328;62700000;CompteLib_0030;;;23C107;20230328;EcritureLib_0099;20240228;5,08;0,00;D;BQ/597;;
BQ;Banque BQ;BQ/597;20230328;51220000;CompteLib_0026;;;23C107;20230328;EcritureLib_0099;20240228;0,00;5,08;C;BQ/597;;
BQ;Banque BQ;BQ/598;20230328;51100000;CompteLib_0024;;;23C102;20230328;EcritureLib_0368;20240228;0,00;162,70;C;BQ/598;;
BQ;Banque BQ;BQ/598;20230328;51220000;CompteLib_0026;;;23C102;20230328;EcritureLib_0368;20240228;162,70;0,00;D;BQ/598;;
BQ;Banque BQ;BQ/599;20230328;61321000;CompteLib_0040;;;23C103;20230328;EcritureLib_0085;20240228;1135,00;0,00;D;BQ/599;;
BQ;Banque BQ;BQ/599;20230328;51220000;CompteLib_0026;;;23C103;20230328;EcritureLib_0085;20240228;0,00;1135,00;C;BQ/599;;
BQ;Banque BQ;BQ/599;20230328;61400000;CompteLib_0041;;;23C103;20230328;EcritureLib_0085;20240228;60,00;0,00;D;BQ/599;;
BQ;Banque BQ;BQ/599;20230328;51220000;CompteLib_0026;;;23C103;20230328;EcritureLib_0085;20240228;0,00;60,00;C;BQ/599;;
BQ;Banque BQ;BQ/600;20230328;62600000;CompteLib_0035;;;23C105;20230328;EcritureLib_0103;20240228;30,82;0,00;D;BQ/600;;
BQ;Banque BQ;BQ/600;20230328;44566100;CompteLib_0018;;;23C105;20230328;EcritureLib_0103;20240228;6,16;0,00;D;BQ/600;A;20240227
BQ;Banque BQ;BQ/600;20230328;51220000;CompteLib_0026;;;23C105;20230328;EcritureLib_0103;20240228;0,00;36,98;C;BQ/600;;
BQ;Banque BQ;BQ/601;20230328;60700000;CompteLib_0031;;;23C104;20230328;EcritureLib_0369;20240228;41,50;0,00;D;BQ/601;;
BQ;Banque BQ;BQ/601;20230328;44566100;CompteLib_0018;;;23C104;20230328;EcritureLib_0369;20240228;2,28;0,00;D;BQ/601;A;20240227
BQ;Banque BQ;BQ/601;20230328;51220000;CompteLib_0026;;;23C104;20230328;EcritureLib_0369;20240228;0,00;43,78;C;BQ/601;;
BQ;Banque BQ;BQ/602;20230329;62700000;CompteLib_0030;;;23C111;20230329;EcritureLib_0031;20240228;0,03;0,00;D;BQ/602;;
BQ;Banque BQ;BQ/602;20230329;51220000;CompteLib_0026;;;23C111;20230329;EcritureLib_0031;20240228;0,00;0,03;C;BQ/602;;
BQ;Banque BQ;BQ/603;20230329;51120000;CompteLib_0025;;;23C110;20230329;EcritureLib_0042;20240228;0,00;9,74;C;BQ/603;;
BQ;Banque BQ;BQ/603;20230329;51220000;CompteLib_0026;;;23C110;20230329;EcritureLib_0042;20240228;9,74;0,00;D;BQ/603;;
BQ;Banque BQ;BQ/604;20230329;51100000;CompteLib_0024;;;23C109;20230329;EcritureLib_0370;20240228;0,00;10,50;C;BQ/604;;
BQ;Banque BQ;BQ/604;20230329;51220000;CompteLib_0026;;;23C109;20230329;EcritureLib_0370;20240228;10,50;0,00;D;BQ/604;;
BQ;Banque BQ;BQ/605;20230330;62700000;CompteLib_0030;;;23C116;20230330;EcritureLib_0101;20240228;18,10;0,00;D;BQ/605;;
BQ;Banque BQ;BQ/605;20230330;51220000;CompteLib_0026;;;23C116;20230330;EcritureLib_0101;20240228;0,00;18,10;C;BQ/605;;
BQ;Banque BQ;BQ/606;20230330;51120000;CompteLib_0025;;;23C112;20230330;EcritureLib_0371;20240228;0,00;14,32;C;BQ/606;;
BQ;Banque BQ;BQ/606;20230330;51220000;CompteLib_0026;;;23C112;20230330;EcritureLib_0371;20240228;14,32;0,00;D;BQ/606;;
BQ;Banque BQ;BQ/607;20230330;60700000;CompteLib_0031;;;23C114;20230330;EcritureLib_0372;20240228;10,20;0,00;D;BQ/607;;
BQ;Banque BQ;BQ/607;20230330;44566100;CompteLib_0018;;;23C114;20230330;EcritureLib_0372;20240228;0,56;0,00;D;BQ/607;A;20240227
BQ;Banque BQ;BQ/607;20230330;51220000;CompteLib_0026;;;23C114;20230330;EcritureLib_0372;20240228;0,00;10,76;C;BQ/607;;
BQ;Banque BQ;BQ/608;20230330;60700000;CompteLib_0031;;;23C113;20230330;EcritureLib_0372;20240228;11,75;0,00;D;BQ/608;;
BQ;Banque BQ;BQ/608;20230330;44566100;CompteLib_0018;;;23C113;20230330;EcritureLib_0372;20240228;0,65;0,00;D;BQ/608;A;20240227
BQ;Banque BQ;BQ/608;20230330;51220000;CompteLib_0026;;;23C113;20230330;EcritureLib_0372;20240228;0,00;12,40;C;BQ/608;;
BQ;Banque BQ;BQ/609;20230330;62700000;CompteLib_0030;;;23C115;20230330;EcritureLib_0102;20240228;0,00;0,57;C;BQ/609;;
BQ;Banque BQ;BQ/609;20230330;51220000;CompteLib_0026;;;23C115;20230330;EcritureLib_0102;20240228;0,57;0,00;D;BQ/609;;
BQ;Banque BQ;BQ/610;20230403;62700000;CompteLib_0030;;;23D2;20230403;EcritureLib_0373;20240228;5,00;0,00;D;BQ/610;;
BQ;Banque BQ;BQ/610;20230403;51220000;CompteLib_0026;;;23D2;20230403;EcritureLib_0373;20240228;0,00;5,00;C;BQ/610;;
BQ;Banque BQ;BQ/611;20230403;62700000;CompteLib_0030;;;23D1;20230403;EcritureLib_0374;20240228;23,96;0,00;D;BQ/611;;
BQ;Banque BQ;BQ/611;20230403;51220000;CompteLib_0026;;;23D1;20230403;EcritureLib_0374;20240228;0,00;23,96;C;BQ/611;;
BQ;Banque BQ;BQ/612;20230404;61350000;CompteLib_0036;;;23D3;20230404;EcritureLib_0066;20240228;66,30;0,00;D;BQ/612;;
BQ;Banque BQ;BQ/612;20230404;44566100;CompteLib_0018;;;23D3;20230404;EcritureLib_0066;20240228;13,26;0,00;D;BQ/612;A;20240227
BQ;Banque BQ;BQ/612;20230404;51220000;CompteLib_0026;;;23D3;20230404;EcritureLib_0066;20240228;0,00;79,56;C;BQ/612;;
BQ;Banque BQ;BQ/613;20230404;60700000;CompteLib_0031;;;23D91;20230404;EcritureLib_0375;20240228;46,31;0,00;D;BQ/613;;
BQ;Banque BQ;BQ/613;20230404;44566100;CompteLib_0018;;;23D91;20230404;EcritureLib_0375;20240228;2,55;0,00;D;BQ/613;A;20240227
BQ;Banque BQ;BQ/613;20230404;51220000;CompteLib_0026;;;23D91;20230404;EcritureLib_0375;20240228;0,00;48,86;C;BQ/613;;
BQ;Banque BQ;BQ/614;20230404;60700000;CompteLib_0031;;;23D92;20230404;EcritureLib_0376;20240228;18,67;0,00;D;BQ/614;;
BQ;Banque BQ;BQ/614;20230404;44566100;CompteLib_0018;;;23D92;20230404;EcritureLib_0376;20240228;1,03;0,00;D;BQ/614;A;20240227
BQ;Banque BQ;BQ/614;20230404;51220000;CompteLib_0026;;;23D92;20230404;EcritureLib_0376;20240228;0,00;19,70;C;BQ/614;;
BQ;Banque BQ;BQ/614;20230404;60630000;CompteLib_0032;;;23D92;20230404;EcritureLib_0376;20240228;10,05;0,00;D;BQ/614;;
BQ;Banque BQ;BQ/614;20230404;44566100;CompteLib_0018;;;23D92;20230404;EcritureLib_0376;20240228;2,01;0,00;D;BQ/614;A;20240227
BQ;Banque BQ;BQ/614;20230404;51220000;CompteLib_0026;;;23D92;20230404;EcritureLib_0376;20240228;0,00;12,06;C;BQ/614;;
BQ;Banque BQ;BQ/615;20230405;60700000;CompteLib_0031;;;23D10;20230405;EcritureLib_0377;20240228;34,64;0,00;D;BQ/615;;
BQ;Banque BQ;BQ/615;20230405;44566100;CompteLib_0018;;;23D10;20230405;EcritureLib_0377;20240228;1,90;0,00;D;BQ/615;A;20240227
BQ;Banque BQ;BQ/615;20230405;51220000;CompteLib_0026;;;23D10;20230405;EcritureLib_0377;20240228;0,00;36,54;C;BQ/615;;
BQ;Banque BQ;BQ/616;20230405;62700000;CompteLib_0030;;;23D12;20230405;EcritureLib_0031;20240228;0,69;0,00;D;BQ/616;;
BQ;Banque BQ;BQ/616;20230405;51220000;CompteLib_0026;;;23D12;20230405;EcritureLib_0031;20240228;0,00;0,69;C;BQ/616;;
BQ;Banque BQ;BQ/617;20230405;62700000;CompteLib_0030;;;23D13;20230405;EcritureLib_0031;20240228;0,03;0,00;D;BQ/617;;
BQ;Banque BQ;BQ/617;20230405;51220000;CompteLib_0026;;;23D13;20230405;EcritureLib_0031;20240228;0,00;0,03;C;BQ/617;;
BQ;Banque BQ;BQ/618;20230405;51100000;CompteLib_0024;;;23D8;20230405;EcritureLib_0378;20240228;0,00;9,50;C;BQ/618;;
BQ;Banque BQ;BQ/618;20230405;51220000;CompteLib_0026;;;23D8;20230405;EcritureLib_0378;20240228;9,50;0,00;D;BQ/618;;
BQ;Banque BQ;BQ/619;20230405;51100000;CompteLib_0024;;;23D6;20230405;EcritureLib_0379;20240228;0,00;229,00;C;BQ/619;;
BQ;Banque BQ;BQ/619;20230405;51220000;CompteLib_0026;;;23D6;20230405;EcritureLib_0379;20240228;229,00;0,00;D;BQ/619;;
BQ;Banque BQ;BQ/620;20230405;62600000;CompteLib_0035;;;23D11;20230405;EcritureLib_0380;20240228;1,67;0,00;D;BQ/620;;
BQ;Banque BQ;BQ/620;20230405;44566100;CompteLib_0018;;;23D11;20230405;EcritureLib_0380;20240228;0,33;0,00;D;BQ/620;A;20240227
BQ;Banque BQ;BQ/620;20230405;51220000;CompteLib_0026;;;23D11;20230405;EcritureLib_0380;20240228;0,00;2,00;C;BQ/620;;
BQ;Banque BQ;BQ/621;20230405;61600000;CompteLib_0034;;;23D9;20230405;EcritureLib_0041;20240228;69,13;0,00;D;BQ/621;;
BQ;Banque BQ;BQ/621;20230405;51220000;CompteLib_0026;;;23D9;20230405;EcritureLib_0041;20240228;0,00;69,13;C;BQ/621;;
BQ;Banque BQ;BQ/622;20230405;51120000;CompteLib_0025;;;23D7;20230405;EcritureLib_0381;20240228;0,00;31,23;C;BQ/622;;
BQ;Banque BQ;BQ/622;20230405;51220000;CompteLib_0026;;;23D7;20230405;EcritureLib_0381;20240228;31,23;0,00;D;BQ/622;;
BQ;Banque BQ;BQ/623;20230406;51100000;CompteLib_0024;;;23D14;20230406;EcritureLib_0382;20240228;0,00;159,00;C;BQ/623;;
BQ;Banque BQ;BQ/623;20230406;51220000;CompteLib_0026;;;23D14;20230406;EcritureLib_0382;20240228;159,00;0,00;D;BQ/623;;
BQ;Banque BQ;BQ/624;20230406;51120000;CompteLib_0025;;;23D15;20230406;EcritureLib_0383;20240228;0,00;26,85;C;BQ/624;;
BQ;Banque BQ;BQ/624;20230406;51220000;CompteLib_0026;;;23D15;20230406;EcritureLib_0383;20240228;26,85;0,00;D;BQ/624;;
BQ;Banque BQ;BQ/625;20230406;62700000;CompteLib_0030;;;23D16;20230406;EcritureLib_0031;20240228;0,49;0,00;D;BQ/625;;
BQ;Banque BQ;BQ/625;20230406;51220000;CompteLib_0026;;;23D16;20230406;EcritureLib_0031;20240228;0,00;0,49;C;BQ/625;;
BQ;Banque BQ;BQ/626;20230407;60700000;CompteLib_0031;;;23D19;20230407;EcritureLib_0384;20240228;44,65;0,00;D;BQ/626;;
BQ;Banque BQ;BQ/626;20230407;44566100;CompteLib_0018;;;23D19;20230407;EcritureLib_0384;20240228;2,46;0,00;D;BQ/626;A;20240227
BQ;Banque BQ;BQ/626;20230407;51220000;CompteLib_0026;;;23D19;20230407;EcritureLib_0384;20240228;0,00;47,11;C;BQ/626;;
BQ;Banque BQ;BQ/627;20230407;51100000;CompteLib_0024;;;23D17;20230407;EcritureLib_0385;20240228;0,00;217,50;C;BQ/627;;
BQ;Banque BQ;BQ/627;20230407;51220000;CompteLib_0026;;;23D17;20230407;EcritureLib_0385;20240228;217,50;0,00;D;BQ/627;;
BQ;Banque BQ;BQ/628;20230407;51100000;CompteLib_0024;;;23D18;20230407;EcritureLib_0386;20240228;0,00;22,00;C;BQ/628;;
BQ;Banque BQ;BQ/628;20230407;51220000;CompteLib_0026;;;23D18;20230407;EcritureLib_0386;20240228;22,00;0,00;D;BQ/628;;
BQ;Banque BQ;BQ/629;20230407;62700000;CompteLib_0030;;;23D21;20230407;EcritureLib_0031;20240228;0,07;0,00;D;BQ/629;;
BQ;Banque BQ;BQ/629;20230407;51220000;CompteLib_0026;;;23D21;20230407;EcritureLib_0031;20240228;0,00;0,07;C;BQ/629;;
BQ;Banque BQ;BQ/630;20230407;62700000;CompteLib_0030;;;23D20;20230407;EcritureLib_0031;20240228;0,66;0,00;D;BQ/630;;
BQ;Banque BQ;BQ/630;20230407;51220000;CompteLib_0026;;;23D20;20230407;EcritureLib_0031;20240228;0,00;0,66;C;BQ/630;;
BQ;Banque BQ;BQ/631;20230411;60700000;CompteLib_0031;;;23D26;20230411;EcritureLib_0057;20240228;142,78;0,00;D;BQ/631;;
BQ;Banque BQ;BQ/631;20230411;44566100;CompteLib_0018;;;23D26;20230411;EcritureLib_0057;20240228;7,85;0,00;D;BQ/631;A;20240227
BQ;Banque BQ;BQ/631;20230411;51220000;CompteLib_0026;;;23D26;20230411;EcritureLib_0057;20240228;0,00;150,63;C;BQ/631;;
BQ;Banque BQ;BQ/632;20230411;62700000;CompteLib_0030;;;23D27;20230411;EcritureLib_0031;20240228;0,64;0,00;D;BQ/632;;
BQ;Banque BQ;BQ/632;20230411;51220000;CompteLib_0026;;;23D27;20230411;EcritureLib_0031;20240228;0,00;0,64;C;BQ/632;;
BQ;Banque BQ;BQ/633;20230411;51100000;CompteLib_0024;;;23D22;20230411;EcritureLib_0387;20240228;0,00;206,70;C;BQ/633;;
BQ;Banque BQ;BQ/633;20230411;51220000;CompteLib_0026;;;23D22;20230411;EcritureLib_0387;20240228;206,70;0,00;D;BQ/633;;
BQ;Banque BQ;BQ/634;20230411;51120000;CompteLib_0025;;;23D24;20230411;EcritureLib_0388;20240228;0,00;10,35;C;BQ/634;;
BQ;Banque BQ;BQ/634;20230411;51220000;CompteLib_0026;;;23D24;20230411;EcritureLib_0388;20240228;10,35;0,00;D;BQ/634;;
BQ;Banque BQ;BQ/635;20230411;60610000;CompteLib_0038;;;23D25;20230411;EcritureLib_0072;20240228;153,15;0,00;D;BQ/635;;
BQ;Banque BQ;BQ/635;20230411;44566100;CompteLib_0018;;;23D25;20230411;EcritureLib_0072;20240228;23,96;0,00;D;BQ/635;A;20240227
BQ;Banque BQ;BQ/635;20230411;51220000;CompteLib_0026;;;23D25;20230411;EcritureLib_0072;20240228;0,00;177,11;C;BQ/635;;
BQ;Banque BQ;BQ/636;20230411;51120000;CompteLib_0025;;;23D23;20230411;EcritureLib_0389;20240228;0,00;18,02;C;BQ/636;;
BQ;Banque BQ;BQ/636;20230411;51220000;CompteLib_0026;;;23D23;20230411;EcritureLib_0389;20240228;18,02;0,00;D;BQ/636;;
BQ;Banque BQ;BQ/637;20230412;60700000;CompteLib_0031;;;23D30;20230412;EcritureLib_0390;20240228;72,47;0,00;D;BQ/637;;
BQ;Banque BQ;BQ/637;20230412;44566100;CompteLib_0018;;;23D30;20230412;EcritureLib_0390;20240228;3,99;0,00;D;BQ/637;A;20240227
BQ;Banque BQ;BQ/637;20230412;51220000;CompteLib_0026;;;23D30;20230412;EcritureLib_0390;20240228;0,00;76,46;C;BQ/637;;
BQ;Banque BQ;BQ/638;20230412;51100000;CompteLib_0024;;;23D28;20230412;EcritureLib_0391;20240228;0,00;139,20;C;BQ/638;;
BQ;Banque BQ;BQ/638;20230412;51220000;CompteLib_0026;;;23D28;20230412;EcritureLib_0391;20240228;139,20;0,00;D;BQ/638;;
BQ;Banque BQ;BQ/639;20230412;51120000;CompteLib_0025;;;23D29;20230412;EcritureLib_0042;20240228;0,00;8,95;C;BQ/639;;
BQ;Banque BQ;BQ/639;20230412;51220000;CompteLib_0026;;;23D29;20230412;EcritureLib_0042;20240228;8,95;0,00;D;BQ/639;;
BQ;Banque BQ;BQ/640;20230412;62700000;CompteLib_0030;;;23D32;20230412;EcritureLib_0031;20240228;0,43;0,00;D;BQ/640;;
BQ;Banque BQ;BQ/640;20230412;51220000;CompteLib_0026;;;23D32;20230412;EcritureLib_0031;20240228;0,00;0,43;C;BQ/640;;
BQ;Banque BQ;BQ/641;20230412;60630000;CompteLib_0032;;;23D93;20230412;EcritureLib_0392;20240228;18,86;0,00;D;BQ/641;;
BQ;Banque BQ;BQ/641;20230412;44566100;CompteLib_0018;;;23D93;20230412;EcritureLib_0392;20240228;3,77;0,00;D;BQ/641;A;20240227
BQ;Banque BQ;BQ/641;20230412;51220000;CompteLib_0026;;;23D93;20230412;EcritureLib_0392;20240228;0,00;22,63;C;BQ/641;;
BQ;Banque BQ;BQ/641;20230412;60700000;CompteLib_0031;;;23D93;20230412;EcritureLib_0392;20240228;19,71;0,00;D;BQ/641;;
BQ;Banque BQ;BQ/641;20230412;44566100;CompteLib_0018;;;23D93;20230412;EcritureLib_0392;20240228;1,08;0,00;D;BQ/641;A;20240227
BQ;Banque BQ;BQ/641;20230412;51220000;CompteLib_0026;;;23D93;20230412;EcritureLib_0392;20240228;0,00;20,79;C;BQ/641;;
BQ;Banque BQ;BQ/642;20230413;51100000;CompteLib_0024;;;23D34;20230413;EcritureLib_0393;20240228;0,00;20,40;C;BQ/642;;
BQ;Banque BQ;BQ/642;20230413;51220000;CompteLib_0026;;;23D34;20230413;EcritureLib_0393;20240228;20,40;0,00;D;BQ/642;;
BQ;Banque BQ;BQ/643;20230413;51120000;CompteLib_0025;;;23D35;20230413;EcritureLib_0394;20240228;0,00;19,35;C;BQ/643;;
BQ;Banque BQ;BQ/643;20230413;51220000;CompteLib_0026;;;23D35;20230413;EcritureLib_0394;20240228;19,35;0,00;D;BQ/643;;
BQ;Banque BQ;BQ/644;20230413;62700000;CompteLib_0030;;;23D36;20230413;EcritureLib_0031;20240228;0,06;0,00;D;BQ/644;;
BQ;Banque BQ;BQ/644;20230413;51220000;CompteLib_0026;;;23D36;20230413;EcritureLib_0031;20240228;0,00;0,06;C;BQ/644;;
BQ;Banque BQ;BQ/645;20230413;51120000;CompteLib_0025;;;23D33;20230413;EcritureLib_0395;20240228;0,00;48,57;C;BQ/645;;
BQ;Banque BQ;BQ/645;20230413;51220000;CompteLib_0026;;;23D33;20230413;EcritureLib_0395;20240228;48,57;0,00;D;BQ/645;;
BQ;Banque BQ;BQ/646;20230414;62700000;CompteLib_0030;;;23D40;20230414;EcritureLib_0031;20240228;0,10;0,00;D;BQ/646;;
BQ;Banque BQ;BQ/646;20230414;51220000;CompteLib_0026;;;23D40;20230414;EcritureLib_0031;20240228;0,00;0,10;C;BQ/646;;
BQ;Banque BQ;BQ/647;20230414;51100000;CompteLib_0024;;;23D37;20230414;EcritureLib_0396;20240228;0,00;31,30;C;BQ/647;;
BQ;Banque BQ;BQ/647;20230414;51220000;CompteLib_0026;;;23D37;20230414;EcritureLib_0396;20240228;31,30;0,00;D;BQ/647;;
BQ;Banque BQ;BQ/648;20230414;60700000;CompteLib_0031;;;23D39;20230414;EcritureLib_0397;20240228;11,30;0,00;D;BQ/648;;
BQ;Banque BQ;BQ/648;20230414;44566100;CompteLib_0018;;;23D39;20230414;EcritureLib_0397;20240228;0,62;0,00;D;BQ/648;A;20240227
BQ;Banque BQ;BQ/648;20230414;51220000;CompteLib_0026;;;23D39;20230414;EcritureLib_0397;20240228;0,00;11,92;C;BQ/648;;
BQ;Banque BQ;BQ/649;20230414;44551000;CompteLib_0017;;;23D94;20230414;EcritureLib_0398;20240228;384,00;0,00;D;BQ/649;D;20241126
BQ;Banque BQ;BQ/649;20230414;51220000;CompteLib_0026;;;23D94;20230414;EcritureLib_0398;20240228;0,00;441,00;C;BQ/649;;
BQ;Banque BQ;BQ/649;20230414;67120000;CompteLib_0045;;;23D94;20230414;EcritureLib_0398;20240228;57,00;0,00;D;BQ/649;;
BQ;Banque BQ;BQ/650;20230417;60700000;CompteLib_0031;;;23D46;20230417;EcritureLib_0399;20240228;18,20;0,00;D;BQ/650;;
BQ;Banque BQ;BQ/650;20230417;51220000;CompteLib_0026;;;23D46;20230417;EcritureLib_0399;20240228;0,00;18,20;C;BQ/650;;
BQ;Banque BQ;BQ/651;20230417;62700000;CompteLib_0030;;;23D49;20230417;EcritureLib_0031;20240228;0,02;0,00;D;BQ/651;;
BQ;Banque BQ;BQ/651;20230417;51220000;CompteLib_0026;;;23D49;20230417;EcritureLib_0031;20240228;0,00;0,02;C;BQ/651;;
BQ;Banque BQ;BQ/652;20230417;60700000;CompteLib_0031;;;23D95;20230417;EcritureLib_0400;20240228;4,43;0,00;D;BQ/652;;
BQ;Banque BQ;BQ/652;20230417;44566100;CompteLib_0018;;;23D95;20230417;EcritureLib_0400;20240228;0,24;0,00;D;BQ/652;A;20240227
BQ;Banque BQ;BQ/652;20230417;51220000;CompteLib_0026;;;23D95;20230417;EcritureLib_0400;20240228;0,00;4,67;C;BQ/652;;
BQ;Banque BQ;BQ/653;20230417;62700000;CompteLib_0030;;;23D48;20230417;EcritureLib_0031;20240228;0,09;0,00;D;BQ/653;;
BQ;Banque BQ;BQ/653;20230417;51220000;CompteLib_0026;;;23D48;20230417;EcritureLib_0031;20240228;0,00;0,09;C;BQ/653;;
BQ;Banque BQ;BQ/654;20230417;51100000;CompteLib_0024;;;23D42;20230417;EcritureLib_0401;20240228;0,00;5,50;C;BQ/654;;
BQ;Banque BQ;BQ/654;20230417;51220000;CompteLib_0026;;;23D42;20230417;EcritureLib_0401;20240228;5,50;0,00;D;BQ/654;;
BQ;Banque BQ;BQ/655;20230417;51100000;CompteLib_0024;;;23D41;20230417;EcritureLib_0402;20240228;0,00;27,80;C;BQ/655;;
BQ;Banque BQ;BQ/655;20230417;51220000;CompteLib_0026;;;23D41;20230417;EcritureLib_0402;20240228;27,80;0,00;D;BQ/655;;
BQ;Banque BQ;BQ/656;20230417;60700000;CompteLib_0031;;;23D45;20230417;EcritureLib_0403;20240228;46,85;0,00;D;BQ/656;;
BQ;Banque BQ;BQ/656;20230417;44566100;CompteLib_0018;;;23D45;20230417;EcritureLib_0403;20240228;2,58;0,00;D;BQ/656;A;20240227
BQ;Banque BQ;BQ/656;20230417;51220000;CompteLib_0026;;;23D45;20230417;EcritureLib_0403;20240228;0,00;49,43;C;BQ/656;;
BQ;Banque BQ;BQ/657;20230417;60700000;CompteLib_0031;;;23D43;20230417;EcritureLib_0400;20240228;65,33;0,00;D;BQ/657;;
BQ;Banque BQ;BQ/657;20230417;44566100;CompteLib_0018;;;23D43;20230417;EcritureLib_0400;20240228;3,59;0,00;D;BQ/657;A;20240227
BQ;Banque BQ;BQ/657;20230417;51220000;CompteLib_0026;;;23D43;20230417;EcritureLib_0400;20240228;0,00;68,92;C;BQ/657;;
BQ;Banque BQ;BQ/658;20230417;60700000;CompteLib_0031;;;23D44;20230417;EcritureLib_0404;20240228;52,21;0,00;D;BQ/658;;
BQ;Banque BQ;BQ/658;20230417;51220000;CompteLib_0026;;;23D44;20230417;EcritureLib_0404;20240228;0,00;52,21;C;BQ/658;;
BQ;Banque BQ;BQ/659;20230418;51120000;CompteLib_0025;;;23D50;20230418;EcritureLib_0042;20240228;0,00;8,56;C;BQ/659;;
BQ;Banque BQ;BQ/659;20230418;51220000;CompteLib_0026;;;23D50;20230418;EcritureLib_0042;20240228;8,56;0,00;D;BQ/659;;
BQ;Banque BQ;BQ/660;20230418;60700000;CompteLib_0031;;;23D54;20230418;EcritureLib_0405;20240228;13,82;0,00;D;BQ/660;;
BQ;Banque BQ;BQ/660;20230418;44566100;CompteLib_0018;;;23D54;20230418;EcritureLib_0405;20240228;0,76;0,00;D;BQ/660;A;20240227
BQ;Banque BQ;BQ/660;20230418;51220000;CompteLib_0026;;;23D54;20230418;EcritureLib_0405;20240228;0,00;14,58;C;BQ/660;;
BQ;Banque BQ;BQ/661;20230418;43100000;CompteLib_0046;;;23D52;20230418;EcritureLib_0406;20240228;96,00;0,00;D;BQ/661;A;20231206
BQ;Banque BQ;BQ/661;20230418;51220000;CompteLib_0026;;;23D52;20230418;EcritureLib_0406;20240228;0,00;96,00;C;BQ/661;;
BQ;Banque BQ;BQ/662;20230418;43100000;CompteLib_0046;;;23D53;20230418;EcritureLib_0406;20240228;96,00;0,00;D;BQ/662;A;20231206
BQ;Banque BQ;BQ/662;20230418;51220000;CompteLib_0026;;;23D53;20230418;EcritureLib_0406;20240228;0,00;96,00;C;BQ/662;;
BQ;Banque BQ;BQ/663;20230418;43100000;CompteLib_0046;;;23D51;20230418;EcritureLib_0406;20240228;96,00;0,00;D;BQ/663;A;20231206
BQ;Banque BQ;BQ/663;20230418;51220000;CompteLib_0026;;;23D51;20230418;EcritureLib_0406;20240228;0,00;96,00;C;BQ/663;;
BQ;Banque BQ;BQ/664;20230419;62600000;CompteLib_0035;;;23D56;20230419;EcritureLib_0054;20240228;35,38;0,00;D;BQ/664;;
BQ;Banque BQ;BQ/664;20230419;44566100;CompteLib_0018;;;23D56;20230419;EcritureLib_0054;20240228;7,08;0,00;D;BQ/664;A;20240227
BQ;Banque BQ;BQ/664;20230419;51220000;CompteLib_0026;;;23D56;20230419;EcritureLib_0054;20240228;0,00;42,46;C;BQ/664;;
BQ;Banque BQ;BQ/665;20230419;51120000;CompteLib_0025;;;23D55;20230419;EcritureLib_0407;20240228;0,00;28,28;C;BQ/665;;
BQ;Banque BQ;BQ/665;20230419;51220000;CompteLib_0026;;;23D55;20230419;EcritureLib_0407;20240228;28,28;0,00;D;BQ/665;;
BQ;Banque BQ;BQ/666;20230420;51100000;CompteLib_0024;;;23D57;20230420;EcritureLib_0408;20240228;0,00;14,00;C;BQ/666;;
BQ;Banque BQ;BQ/666;20230420;51220000;CompteLib_0026;;;23D57;20230420;EcritureLib_0408;20240228;14,00;0,00;D;BQ/666;;
BQ;Banque BQ;BQ/667;20230420;62260000;CompteLib_0039;;;23D58;20230420;EcritureLib_0082;20240228;149,00;0,00;D;BQ/667;;
BQ;Banque BQ;BQ/667;20230420;44566100;CompteLib_0018;;;23D58;20230420;EcritureLib_0082;20240228;29,80;0,00;D;BQ/667;A;20240227
BQ;Banque BQ;BQ/667;20230420;51220000;CompteLib_0026;;;23D58;20230420;EcritureLib_0082;20240228;0,00;178,80;C;BQ/667;;
BQ;Banque BQ;BQ/668;20230420;60700000;CompteLib_0031;;;23D59;20230420;EcritureLib_0057;20240228;146,34;0,00;D;BQ/668;;
BQ;Banque BQ;BQ/668;20230420;44566100;CompteLib_0018;;;23D59;20230420;EcritureLib_0057;20240228;8,05;0,00;D;BQ/668;A;20240227
BQ;Banque BQ;BQ/668;20230420;51220000;CompteLib_0026;;;23D59;20230420;EcritureLib_0057;20240228;0,00;154,39;C;BQ/668;;
BQ;Banque BQ;BQ/669;20230420;61350000;CompteLib_0036;;;23D96;20230420;EcritureLib_0086;20240228;67,14;0,00;D;BQ/669;;
BQ;Banque BQ;BQ/669;20230420;44566100;CompteLib_0018;;;23D96;20230420;EcritureLib_0086;20240228;12,80;0,00;D;BQ/669;A;20240227
BQ;Banque BQ;BQ/669;20230420;51220000;CompteLib_0026;;;23D96;20230420;EcritureLib_0086;20240228;0,00;79,94;C;BQ/669;;
BQ;Banque BQ;BQ/670;20230420;60700000;CompteLib_0031;;;23D61;20230420;EcritureLib_0409;20240228;33,97;0,00;D;BQ/670;;
BQ;Banque BQ;BQ/670;20230420;44566100;CompteLib_0018;;;23D61;20230420;EcritureLib_0409;20240228;1,87;0,00;D;BQ/670;A;20240227
BQ;Banque BQ;BQ/670;20230420;51220000;CompteLib_0026;;;23D61;20230420;EcritureLib_0409;20240228;0,00;35,84;C;BQ/670;;
BQ;Banque BQ;BQ/671;20230420;62700000;CompteLib_0030;;;23D62;20230420;EcritureLib_0031;20240228;0,04;0,00;D;BQ/671;;
BQ;Banque BQ;BQ/671;20230420;51220000;CompteLib_0026;;;23D62;20230420;EcritureLib_0031;20240228;0,00;0,04;C;BQ/671;;
BQ;Banque BQ;BQ/672;20230421;51100000;CompteLib_0024;;;23D64;20230421;EcritureLib_0410;20240228;0,00;16,50;C;BQ/672;;
BQ;Banque BQ;BQ/672;20230421;51220000;CompteLib_0026;;;23D64;20230421;EcritureLib_0410;20240228;16,50;0,00;D;BQ/672;;
BQ;Banque BQ;BQ/673;20230421;60700000;CompteLib_0031;;;23D97;20230421;EcritureLib_0411;20240228;32,75;0,00;D;BQ/673;;
BQ;Banque BQ;BQ/673;20230421;44566100;CompteLib_0018;;;23D97;20230421;EcritureLib_0411;20240228;1,80;0,00;D;BQ/673;A;20240227
BQ;Banque BQ;BQ/673;20230421;51220000;CompteLib_0026;;;23D97;20230421;EcritureLib_0411;20240228;0,00;34,55;C;BQ/673;;
BQ;Banque BQ;BQ/674;20230421;51120000;CompteLib_0025;;;23D63;20230421;EcritureLib_0412;20240228;0,00;29,11;C;BQ/674;;
BQ;Banque BQ;BQ/674;20230421;51220000;CompteLib_0026;;;23D63;20230421;EcritureLib_0412;20240228;29,11;0,00;D;BQ/674;;
BQ;Banque BQ;BQ/675;20230421;62700000;CompteLib_0030;;;23D66;20230421;EcritureLib_0031;20240228;0,05;0,00;D;BQ/675;;
BQ;Banque BQ;BQ/675;20230421;51220000;CompteLib_0026;;;23D66;20230421;EcritureLib_0031;20240228;0,00;0,05;C;BQ/675;;
BQ;Banque BQ;BQ/676;20230424;43703000;CompteLib_0015;;;23D69;20230424;EcritureLib_0413;20240228;19,59;0,00;D;BQ/676;A;20231206
BQ;Banque BQ;BQ/676;20230424;51220000;CompteLib_0026;;;23D69;20230424;EcritureLib_0413;20240228;0,00;19,59;C;BQ/676;;
BQ;Banque BQ;BQ/677;20230424;43703000;CompteLib_0015;;;23D68;20230424;EcritureLib_0413;20240228;19,59;0,00;D;BQ/677;A;20231206
BQ;Banque BQ;BQ/677;20230424;51220000;CompteLib_0026;;;23D68;20230424;EcritureLib_0413;20240228;0,00;19,59;C;BQ/677;;
BQ;Banque BQ;BQ/678;20230424;60700000;CompteLib_0031;;;23D98;20230424;EcritureLib_0414;20240228;109,77;0,00;D;BQ/678;;
BQ;Banque BQ;BQ/678;20230424;44566100;CompteLib_0018;;;23D98;20230424;EcritureLib_0414;20240228;6,04;0,00;D;BQ/678;A;20240227
BQ;Banque BQ;BQ/678;20230424;51220000;CompteLib_0026;;;23D98;20230424;EcritureLib_0414;20240228;0,00;115,81;C;BQ/678;;
BQ;Banque BQ;BQ/679;20230425;62700000;CompteLib_0030;;;23D75;20230425;EcritureLib_0031;20240228;0,12;0,00;D;BQ/679;;
BQ;Banque BQ;BQ/679;20230425;51220000;CompteLib_0026;;;23D75;20230425;EcritureLib_0031;20240228;0,00;0,12;C;BQ/679;;
BQ;Banque BQ;BQ/680;20230425;62700000;CompteLib_0030;;;23D76;20230425;EcritureLib_0098;20240228;5,33;0,00;D;BQ/680;;
BQ;Banque BQ;BQ/680;20230425;51220000;CompteLib_0026;;;23D76;20230425;EcritureLib_0098;20240228;0,00;5,33;C;BQ/680;;
BQ;Banque BQ;BQ/681;20230425;62700000;CompteLib_0030;;;23D77;20230425;EcritureLib_0099;20240228;5,33;0,00;D;BQ/681;;
BQ;Banque BQ;BQ/681;20230425;51220000;CompteLib_0026;;;23D77;20230425;EcritureLib_0099;20240228;0,00;5,33;C;BQ/681;;
BQ;Banque BQ;BQ/682;20230425;60700000;CompteLib_0031;;;23D72;20230425;EcritureLib_0415;20240228;106,96;0,00;D;BQ/682;;
BQ;Banque BQ;BQ/682;20230425;44566100;CompteLib_0018;;;23D72;20230425;EcritureLib_0415;20240228;5,88;0,00;D;BQ/682;A;20240227
BQ;Banque BQ;BQ/682;20230425;51220000;CompteLib_0026;;;23D72;20230425;EcritureLib_0415;20240228;0,00;112,84;C;BQ/682;;
BQ;Banque BQ;BQ/683;20230425;60700000;CompteLib_0031;;;23D73;20230425;EcritureLib_0416;20240228;106,23;0,00;D;BQ/683;;
BQ;Banque BQ;BQ/683;20230425;44566100;CompteLib_0018;;;23D73;20230425;EcritureLib_0416;20240228;5,84;0,00;D;BQ/683;A;20240227
BQ;Banque BQ;BQ/683;20230425;51220000;CompteLib_0026;;;23D73;20230425;EcritureLib_0416;20240228;0,00;112,07;C;BQ/683;;
BQ;Banque BQ;BQ/684;20230425;51100000;CompteLib_0024;;;23D70;20230425;EcritureLib_0417;20240228;0,00;35,70;C;BQ/684;;
BQ;Banque BQ;BQ/684;20230425;51220000;CompteLib_0026;;;23D70;20230425;EcritureLib_0417;20240228;35,70;0,00;D;BQ/684;;
BQ;Banque BQ;BQ/685;20230425;51120000;CompteLib_0025;;;23D71;20230425;EcritureLib_0042;20240228;0,00;7,52;C;BQ/685;;
BQ;Banque BQ;BQ/685;20230425;51220000;CompteLib_0026;;;23D71;20230425;EcritureLib_0042;20240228;7,52;0,00;D;BQ/685;;
BQ;Banque BQ;BQ/686;20230425;43703000;CompteLib_0015;;;23D74;20230425;EcritureLib_0413;20240228;19,59;0,00;D;BQ/686;A;20231206
BQ;Banque BQ;BQ/686;20230425;51220000;CompteLib_0026;;;23D74;20230425;EcritureLib_0413;20240228;0,00;19,59;C;BQ/686;;
BQ;Banque BQ;BQ/687;20230426;51120000;CompteLib_0025;;;23D78;20230426;EcritureLib_0418;20240228;0,00;5,93;C;BQ/687;;
BQ;Banque BQ;BQ/687;20230426;51220000;CompteLib_0026;;;23D78;20230426;EcritureLib_0418;20240228;5,93;0,00;D;BQ/687;;
BQ;Banque BQ;BQ/688;20230427;60630000;CompteLib_0032;;;23D81;20230427;EcritureLib_0419;20240228;50,00;0,00;D;BQ/688;;
BQ;Banque BQ;BQ/688;20230427;44566100;CompteLib_0018;;;23D81;20230427;EcritureLib_0419;20240228;10,00;0,00;D;BQ/688;A;20240227
BQ;Banque BQ;BQ/688;20230427;51220000;CompteLib_0026;;;23D81;20230427;EcritureLib_0419;20240228;0,00;60,00;C;BQ/688;;
BQ;Banque BQ;BQ/689;20230427;60700000;CompteLib_0031;;;23D82;20230427;EcritureLib_0420;20240228;37,63;0,00;D;BQ/689;;
BQ;Banque BQ;BQ/689;20230427;44566100;CompteLib_0018;;;23D82;20230427;EcritureLib_0420;20240228;2,07;0,00;D;BQ/689;A;20240227
BQ;Banque BQ;BQ/689;20230427;51220000;CompteLib_0026;;;23D82;20230427;EcritureLib_0420;20240228;0,00;39,70;C;BQ/689;;
BQ;Banque BQ;BQ/690;20230427;51100000;CompteLib_0024;;;23D79;20230427;EcritureLib_0421;20240228;0,00;49,80;C;BQ/690;;
BQ;Banque BQ;BQ/690;20230427;51220000;CompteLib_0026;;;23D79;20230427;EcritureLib_0421;20240228;49,80;0,00;D;BQ/690;;
BQ;Banque BQ;BQ/691;20230427;62700000;CompteLib_0030;;;23D83;20230427;EcritureLib_0031;20240228;0,16;0,00;D;BQ/691;;
BQ;Banque BQ;BQ/691;20230427;51220000;CompteLib_0026;;;23D83;20230427;EcritureLib_0031;20240228;0,00;0,16;C;BQ/691;;
BQ;Banque BQ;BQ/692;20230427;60700000;CompteLib_0031;;;23D99;20230427;EcritureLib_0422;20240228;200,73;0,00;D;BQ/692;;
BQ;Banque BQ;BQ/692;20230427;44566100;CompteLib_0018;;;23D99;20230427;EcritureLib_0422;20240228;11,04;0,00;D;BQ/692;A;20240227
BQ;Banque BQ;BQ/692;20230427;51220000;CompteLib_0026;;;23D99;20230427;EcritureLib_0422;20240228;0,00;211,77;C;BQ/692;;
BQ;Banque BQ;BQ/692;20230427;60630000;CompteLib_0032;;;23D99;20230427;EcritureLib_0422;20240228;12,41;0,00;D;BQ/692;;
BQ;Banque BQ;BQ/692;20230427;44566100;CompteLib_0018;;;23D99;20230427;EcritureLib_0422;20240228;2,48;0,00;D;BQ/692;A;20240227
BQ;Banque BQ;BQ/692;20230427;51220000;CompteLib_0026;;;23D99;20230427;EcritureLib_0422;20240228;0,00;14,89;C;BQ/692;;
BQ;Banque BQ;BQ/693;20230427;62700000;CompteLib_0030;;;23D84;20230427;EcritureLib_0102;20240228;0,00;0,63;C;BQ/693;;
BQ;Banque BQ;BQ/693;20230427;51220000;CompteLib_0026;;;23D84;20230427;EcritureLib_0102;20240228;0,63;0,00;D;BQ/693;;
BQ;Banque BQ;BQ/694;20230427;62700000;CompteLib_0030;;;23D85;20230427;EcritureLib_0101;20240228;18,50;0,00;D;BQ/694;;
BQ;Banque BQ;BQ/694;20230427;51220000;CompteLib_0026;;;23D85;20230427;EcritureLib_0101;20240228;0,00;18,50;C;BQ/694;;
BQ;Banque BQ;BQ/695;20230428;62700000;CompteLib_0030;;;23D89;20230428;EcritureLib_0031;20240228;0,06;0,00;D;BQ/695;;
BQ;Banque BQ;BQ/695;20230428;51220000;CompteLib_0026;;;23D89;20230428;EcritureLib_0031;20240228;0,00;0,06;C;BQ/695;;
BQ;Banque BQ;BQ/696;20230428;60700000;CompteLib_0031;;;23D87;20230428;EcritureLib_0423;20240228;63,16;0,00;D;BQ/696;;
BQ;Banque BQ;BQ/696;20230428;44566100;CompteLib_0018;;;23D87;20230428;EcritureLib_0423;20240228;3,47;0,00;D;BQ/696;A;20240227
BQ;Banque BQ;BQ/696;20230428;51220000;CompteLib_0026;;;23D87;20230428;EcritureLib_0423;20240228;0,00;66,63;C;BQ/696;;
BQ;Banque BQ;BQ/697;20230428;62600000;CompteLib_0035;;;23D88;20230428;EcritureLib_0103;20240228;30,82;0,00;D;BQ/697;;
BQ;Banque BQ;BQ/697;20230428;44566100;CompteLib_0018;;;23D88;20230428;EcritureLib_0103;20240228;6,16;0,00;D;BQ/697;A;20240227
BQ;Banque BQ;BQ/697;20230428;51220000;CompteLib_0026;;;23D88;20230428;EcritureLib_0103;20240228;0,00;36,98;C;BQ/697;;
BQ;Banque BQ;BQ/698;20230428;51100000;CompteLib_0024;;;23D86;20230428;EcritureLib_0424;20240228;0,00;21,30;C;BQ/698;;
BQ;Banque BQ;BQ/698;20230428;51220000;CompteLib_0026;;;23D86;20230428;EcritureLib_0424;20240228;21,30;0,00;D;BQ/698;;
BQ;Banque BQ;BQ/699;20230502;60700000;CompteLib_0031;;;23E125;20230502;EcritureLib_0057;20240228;256,36;0,00;D;BQ/699;;
BQ;Banque BQ;BQ/699;20230502;44566100;CompteLib_0018;;;23E125;20230502;EcritureLib_0057;20240228;14,10;0,00;D;BQ/699;A;20240227
BQ;Banque BQ;BQ/699;20230502;51220000;CompteLib_0026;;;23E125;20230502;EcritureLib_0057;20240228;0,00;270,46;C;BQ/699;;
BQ;Banque BQ;BQ/699;20230502;60700000;CompteLib_0031;;;23E125;20230502;EcritureLib_0057;20240228;11,56;0,00;D;BQ/699;;
BQ;Banque BQ;BQ/699;20230502;44566100;CompteLib_0018;;;23E125;20230502;EcritureLib_0057;20240228;2,31;0,00;D;BQ/699;A;20240227
BQ;Banque BQ;BQ/699;20230502;51220000;CompteLib_0026;;;23E125;20230502;EcritureLib_0057;20240228;0,00;13,87;C;BQ/699;;
BQ;Banque BQ;BQ/700;20230502;62700000;CompteLib_0030;;;23E5;20230502;EcritureLib_0031;20240228;0,52;0,00;D;BQ/700;;
BQ;Banque BQ;BQ/700;20230502;51220000;CompteLib_0026;;;23E5;20230502;EcritureLib_0031;20240228;0,00;0,52;C;BQ/700;;
BQ;Banque BQ;BQ/701;20230502;62700000;CompteLib_0030;;;23E6;20230502;EcritureLib_0031;20240228;0,05;0,00;D;BQ/701;;
BQ;Banque BQ;BQ/701;20230502;51220000;CompteLib_0026;;;23E6;20230502;EcritureLib_0031;20240228;0,00;0,05;C;BQ/701;;
BQ;Banque BQ;BQ/702;20230502;51100000;CompteLib_0024;;;23E1;20230502;EcritureLib_0425;20240228;0,00;163,40;C;BQ/702;;
BQ;Banque BQ;BQ/702;20230502;51220000;CompteLib_0026;;;23E1;20230502;EcritureLib_0425;20240228;163,40;0,00;D;BQ/702;;
BQ;Banque BQ;BQ/703;20230502;62700000;CompteLib_0030;;;23E7;20230502;EcritureLib_0373;20240228;5,00;0,00;D;BQ/703;;
BQ;Banque BQ;BQ/703;20230502;51220000;CompteLib_0026;;;23E7;20230502;EcritureLib_0373;20240228;0,00;5,00;C;BQ/703;;
BQ;Banque BQ;BQ/704;20230502;51100000;CompteLib_0024;;;23E2;20230502;EcritureLib_0426;20240228;0,00;17,00;C;BQ/704;;
BQ;Banque BQ;BQ/704;20230502;51220000;CompteLib_0026;;;23E2;20230502;EcritureLib_0426;20240228;17,00;0,00;D;BQ/704;;
BQ;Banque BQ;BQ/705;20230502;51120000;CompteLib_0025;;;23E3;20230502;EcritureLib_0427;20240228;0,00;11,25;C;BQ/705;;
BQ;Banque BQ;BQ/705;20230502;51220000;CompteLib_0026;;;23E3;20230502;EcritureLib_0427;20240228;11,25;0,00;D;BQ/705;;
BQ;Banque BQ;BQ/706;20230503;51120000;CompteLib_0025;;;23E9;20230503;EcritureLib_0042;20240228;0,00;28,66;C;BQ/706;;
BQ;Banque BQ;BQ/706;20230503;51220000;CompteLib_0026;;;23E9;20230503;EcritureLib_0042;20240228;28,66;0,00;D;BQ/706;;
BQ;Banque BQ;BQ/707;20230503;62700000;CompteLib_0030;;;23E11;20230503;EcritureLib_0031;20240228;0,85;0,00;D;BQ/707;;
BQ;Banque BQ;BQ/707;20230503;51220000;CompteLib_0026;;;23E11;20230503;EcritureLib_0031;20240228;0,00;0,85;C;BQ/707;;
BQ;Banque BQ;BQ/708;20230503;51100000;CompteLib_0024;;;23E10;20230503;EcritureLib_0428;20240228;0,00;4,90;C;BQ/708;;
BQ;Banque BQ;BQ/708;20230503;51220000;CompteLib_0026;;;23E10;20230503;EcritureLib_0428;20240228;4,90;0,00;D;BQ/708;;
BQ;Banque BQ;BQ/709;20230503;51100000;CompteLib_0024;;;23E8;20230503;EcritureLib_0429;20240228;0,00;270,30;C;BQ/709;;
BQ;Banque BQ;BQ/709;20230503;51220000;CompteLib_0026;;;23E8;20230503;EcritureLib_0429;20240228;270,30;0,00;D;BQ/709;;
BQ;Banque BQ;BQ/710;20230503;62700000;CompteLib_0030;;;23E12;20230503;EcritureLib_0031;20240228;0,01;0,00;D;BQ/710;;
BQ;Banque BQ;BQ/710;20230503;51220000;CompteLib_0026;;;23E12;20230503;EcritureLib_0031;20240228;0,00;0,01;C;BQ/710;;
BQ;Banque BQ;BQ/711;20230504;51100000;CompteLib_0024;;;23E13;20230504;EcritureLib_0430;20240228;0,00;150,80;C;BQ/711;;
BQ;Banque BQ;BQ/711;20230504;51220000;CompteLib_0026;;;23E13;20230504;EcritureLib_0430;20240228;150,80;0,00;D;BQ/711;;
BQ;Banque BQ;BQ/712;20230504;51120000;CompteLib_0025;;;23E14;20230504;EcritureLib_0431;20240228;0,00;21,20;C;BQ/712;;
BQ;Banque BQ;BQ/712;20230504;51220000;CompteLib_0026;;;23E14;20230504;EcritureLib_0431;20240228;21,20;0,00;D;BQ/712;;
BQ;Banque BQ;BQ/713;20230504;62700000;CompteLib_0030;;;23E15;20230504;EcritureLib_0031;20240228;0,48;0,00;D;BQ/713;;
BQ;Banque BQ;BQ/713;20230504;51220000;CompteLib_0026;;;23E15;20230504;EcritureLib_0031;20240228;0,00;0,48;C;BQ/713;;
BQ;Banque BQ;BQ/714;20230505;62700000;CompteLib_0030;;;23E21;20230505;EcritureLib_0031;20240228;0,63;0,00;D;BQ/714;;
BQ;Banque BQ;BQ/714;20230505;51220000;CompteLib_0026;;;23E21;20230505;EcritureLib_0031;20240228;0,00;0,63;C;BQ/714;;
BQ;Banque BQ;BQ/715;20230505;51100000;CompteLib_0024;;;23E17;20230505;EcritureLib_0432;20240228;0,00;15,50;C;BQ/715;;
BQ;Banque BQ;BQ/715;20230505;51220000;CompteLib_0026;;;23E17;20230505;EcritureLib_0432;20240228;15,50;0,00;D;BQ/715;;
BQ;Banque BQ;BQ/716;20230505;60700000;CompteLib_0031;;;23E19;20230505;EcritureLib_0433;20240228;19,24;0,00;D;BQ/716;;
BQ;Banque BQ;BQ/716;20230505;44566100;CompteLib_0018;;;23E19;20230505;EcritureLib_0433;20240228;1,06;0,00;D;BQ/716;A;20240227
BQ;Banque BQ;BQ/716;20230505;51220000;CompteLib_0026;;;23E19;20230505;EcritureLib_0433;20240228;0,00;20,30;C;BQ/716;;
BQ;Banque BQ;BQ/717;20230505;60700000;CompteLib_0031;;;23E20;20230505;EcritureLib_0434;20240228;19,11;0,00;D;BQ/717;;
BQ;Banque BQ;BQ/717;20230505;44566100;CompteLib_0018;;;23E20;20230505;EcritureLib_0434;20240228;1,05;0,00;D;BQ/717;A;20240227
BQ;Banque BQ;BQ/717;20230505;51220000;CompteLib_0026;;;23E20;20230505;EcritureLib_0434;20240228;0,00;20,16;C;BQ/717;;
BQ;Banque BQ;BQ/718;20230505;61600000;CompteLib_0034;;;23E18;20230505;EcritureLib_0041;20240228;69,13;0,00;D;BQ/718;;
BQ;Banque BQ;BQ/718;20230505;51220000;CompteLib_0026;;;23E18;20230505;EcritureLib_0041;20240228;0,00;69,13;C;BQ/718;;
BQ;Banque BQ;BQ/719;20230505;62700000;CompteLib_0030;;;23E22;20230505;EcritureLib_0031;20240228;0,05;0,00;D;BQ/719;;
BQ;Banque BQ;BQ/719;20230505;51220000;CompteLib_0026;;;23E22;20230505;EcritureLib_0031;20240228;0,00;0,05;C;BQ/719;;
BQ;Banque BQ;BQ/720;20230505;51100000;CompteLib_0024;;;23E16;20230505;EcritureLib_0435;20240228;0,00;209,00;C;BQ/720;;
BQ;Banque BQ;BQ/720;20230505;51220000;CompteLib_0026;;;23E16;20230505;EcritureLib_0435;20240228;209,00;0,00;D;BQ/720;;
BQ;Banque BQ;BQ/721;20230509;62700000;CompteLib_0030;;;23E30;20230509;EcritureLib_0031;20240228;0,15;0,00;D;BQ/721;;
BQ;Banque BQ;BQ/721;20230509;51220000;CompteLib_0026;;;23E30;20230509;EcritureLib_0031;20240228;0,00;0,15;C;BQ/721;;
BQ;Banque BQ;BQ/722;20230509;62700000;CompteLib_0030;;;23E28;20230509;EcritureLib_0031;20240228;0,49;0,00;D;BQ/722;;
BQ;Banque BQ;BQ/722;20230509;51220000;CompteLib_0026;;;23E28;20230509;EcritureLib_0031;20240228;0,00;0,49;C;BQ/722;;
BQ;Banque BQ;BQ/723;20230509;62700000;CompteLib_0030;;;23E27;20230509;EcritureLib_0031;20240228;0,54;0,00;D;BQ/723;;
BQ;Banque BQ;BQ/723;20230509;51220000;CompteLib_0026;;;23E27;20230509;EcritureLib_0031;20240228;0,00;0,54;C;BQ/723;;
BQ;Banque BQ;BQ/724;20230509;51100000;CompteLib_0024;;;23E23;20230509;EcritureLib_0436;20240228;0,00;163,30;C;BQ/724;;
BQ;Banque BQ;BQ/724;20230509;51220000;CompteLib_0026;;;23E23;20230509;EcritureLib_0436;20240228;163,30;0,00;D;BQ/724;;
BQ;Banque BQ;BQ/725;20230509;62700000;CompteLib_0030;;;23E29;20230509;EcritureLib_0031;20240228;0,21;0,00;D;BQ/725;;
BQ;Banque BQ;BQ/725;20230509;51220000;CompteLib_0026;;;23E29;20230509;EcritureLib_0031;20240228;0,00;0,21;C;BQ/725;;
BQ;Banque BQ;BQ/726;20230509;51100000;CompteLib_0024;;;23E24;20230509;EcritureLib_0437;20240228;0,00;159,30;C;BQ/726;;
BQ;Banque BQ;BQ/726;20230509;51220000;CompteLib_0026;;;23E24;20230509;EcritureLib_0437;20240228;159,30;0,00;D;BQ/726;;
BQ;Banque BQ;BQ/727;20230509;51100000;CompteLib_0024;;;23E26;20230509;EcritureLib_0438;20240228;0,00;43,50;C;BQ/727;;
BQ;Banque BQ;BQ/727;20230509;51220000;CompteLib_0026;;;23E26;20230509;EcritureLib_0438;20240228;43,50;0,00;D;BQ/727;;
BQ;Banque BQ;BQ/728;20230509;51100000;CompteLib_0024;;;23E25;20230509;EcritureLib_0439;20240228;0,00;59,20;C;BQ/728;;
BQ;Banque BQ;BQ/728;20230509;51220000;CompteLib_0026;;;23E25;20230509;EcritureLib_0439;20240228;59,20;0,00;D;BQ/728;;
BQ;Banque BQ;BQ/729;20230510;60700000;CompteLib_0031;;;23E36;20230510;EcritureLib_0440;20240228;36,47;0,00;D;BQ/729;;
BQ;Banque BQ;BQ/729;20230510;44566100;CompteLib_0018;;;23E36;20230510;EcritureLib_0440;20240228;2,01;0,00;D;BQ/729;A;20240227
BQ;Banque BQ;BQ/729;20230510;51220000;CompteLib_0026;;;23E36;20230510;EcritureLib_0440;20240228;0,00;38,48;C;BQ/729;;
BQ;Banque BQ;BQ/730;20230510;51120000;CompteLib_0025;;;23E32;20230510;EcritureLib_0042;20240228;0,00;72,82;C;BQ/730;;
BQ;Banque BQ;BQ/730;20230510;51220000;CompteLib_0026;;;23E32;20230510;EcritureLib_0042;20240228;72,82;0,00;D;BQ/730;;
BQ;Banque BQ;BQ/731;20230510;51130000;CompteLib_0042;;;23E33;20230510;EcritureLib_0118;20240228;0,00;33,65;C;BQ/731;;
BQ;Banque BQ;BQ/731;20230510;51220000;CompteLib_0026;;;23E33;20230510;EcritureLib_0118;20240228;33,65;0,00;D;BQ/731;;
BQ;Banque BQ;BQ/732;20230510;62600000;CompteLib_0035;;;23E37;20230510;EcritureLib_0054;20240228;26,20;0,00;D;BQ/732;;
BQ;Banque BQ;BQ/732;20230510;44566100;CompteLib_0018;;;23E37;20230510;EcritureLib_0054;20240228;5,24;0,00;D;BQ/732;A;20240227
BQ;Banque BQ;BQ/732;20230510;51220000;CompteLib_0026;;;23E37;20230510;EcritureLib_0054;20240228;0,00;31,44;C;BQ/732;;
BQ;Banque BQ;BQ/733;20230510;51100000;CompteLib_0024;;;23E31;20230510;EcritureLib_0441;20240228;0,00;227,60;C;BQ/733;;
BQ;Banque BQ;BQ/733;20230510;51220000;CompteLib_0026;;;23E31;20230510;EcritureLib_0441;20240228;227,60;0,00;D;BQ/733;;
BQ;Banque BQ;BQ/734;20230510;62700000;CompteLib_0030;;;23E38;20230510;EcritureLib_0031;20240228;0,71;0,00;D;BQ/734;;
BQ;Banque BQ;BQ/734;20230510;51220000;CompteLib_0026;;;23E38;20230510;EcritureLib_0031;20240228;0,00;0,71;C;BQ/734;;
BQ;Banque BQ;BQ/735;20230510;60700000;CompteLib_0031;;;23E35;20230510;EcritureLib_0057;20240228;225,73;0,00;D;BQ/735;;
BQ;Banque BQ;BQ/735;20230510;44566100;CompteLib_0018;;;23E35;20230510;EcritureLib_0057;20240228;12,42;0,00;D;BQ/735;A;20240227
BQ;Banque BQ;BQ/735;20230510;51220000;CompteLib_0026;;;23E35;20230510;EcritureLib_0057;20240228;0,00;238,15;C;BQ/735;;
BQ;Banque BQ;BQ/736;20230510;63513000;CompteLib_0044;;;23E126;20230510;EcritureLib_0442;20240228;576,00;0,00;D;BQ/736;;
BQ;Banque BQ;BQ/736;20230510;51220000;CompteLib_0026;;;23E126;20230510;EcritureLib_0442;20240228;0,00;605,00;C;BQ/736;;
BQ;Banque BQ;BQ/736;20230510;67120000;CompteLib_0045;;;23E126;20230510;EcritureLib_0442;20240228;29,00;0,00;D;BQ/736;;
BQ;Banque BQ;BQ/737;20230511;51100000;CompteLib_0024;;;23E39;20230511;EcritureLib_0443;20240228;0,00;315,50;C;BQ/737;;
BQ;Banque BQ;BQ/737;20230511;51220000;CompteLib_0026;;;23E39;20230511;EcritureLib_0443;20240228;315,50;0,00;D;BQ/737;;
BQ;Banque BQ;BQ/738;20230511;51120000;CompteLib_0025;;;23E41;20230511;EcritureLib_0444;20240228;0,00;39,44;C;BQ/738;;
BQ;Banque BQ;BQ/738;20230511;51220000;CompteLib_0026;;;23E41;20230511;EcritureLib_0444;20240228;39,44;0,00;D;BQ/738;;
BQ;Banque BQ;BQ/739;20230511;51120000;CompteLib_0025;;;23E42;20230511;EcritureLib_0445;20240228;0,00;8,03;C;BQ/739;;
BQ;Banque BQ;BQ/739;20230511;51220000;CompteLib_0026;;;23E42;20230511;EcritureLib_0445;20240228;8,03;0,00;D;BQ/739;;
BQ;Banque BQ;BQ/740;20230511;62700000;CompteLib_0030;;;23E43;20230511;EcritureLib_0031;20240228;0,99;0,00;D;BQ/740;;
BQ;Banque BQ;BQ/740;20230511;51220000;CompteLib_0026;;;23E43;20230511;EcritureLib_0031;20240228;0,00;0,99;C;BQ/740;;
BQ;Banque BQ;BQ/741;20230511;51100000;CompteLib_0024;;;23E40;20230511;EcritureLib_0446;20240228;0,00;50,30;C;BQ/741;;
BQ;Banque BQ;BQ/741;20230511;51220000;CompteLib_0026;;;23E40;20230511;EcritureLib_0446;20240228;50,30;0,00;D;BQ/741;;
BQ;Banque BQ;BQ/742;20230511;62700000;CompteLib_0030;;;23E44;20230511;EcritureLib_0031;20240228;0,16;0,00;D;BQ/742;;
BQ;Banque BQ;BQ/742;20230511;51220000;CompteLib_0026;;;23E44;20230511;EcritureLib_0031;20240228;0,00;0,16;C;BQ/742;;
BQ;Banque BQ;BQ/743;20230512;51100000;CompteLib_0024;;;23E45;20230512;EcritureLib_0447;20240228;0,00;220,10;C;BQ/743;;
BQ;Banque BQ;BQ/743;20230512;51220000;CompteLib_0026;;;23E45;20230512;EcritureLib_0447;20240228;220,10;0,00;D;BQ/743;;
BQ;Banque BQ;BQ/744;20230512;62700000;CompteLib_0030;;;23E47;20230512;EcritureLib_0031;20240228;0,69;0,00;D;BQ/744;;
BQ;Banque BQ;BQ/744;20230512;51220000;CompteLib_0026;;;23E47;20230512;EcritureLib_0031;20240228;0,00;0,69;C;BQ/744;;
BQ;Banque BQ;BQ/745;20230512;60700000;CompteLib_0031;;;23E46;20230512;EcritureLib_0448;20240228;128,55;0,00;D;BQ/745;;
BQ;Banque BQ;BQ/745;20230512;44566100;CompteLib_0018;;;23E46;20230512;EcritureLib_0448;20240228;7,07;0,00;D;BQ/745;A;20240227
BQ;Banque BQ;BQ/745;20230512;51220000;CompteLib_0026;;;23E46;20230512;EcritureLib_0448;20240228;0,00;135,62;C;BQ/745;;
BQ;Banque BQ;BQ/746;20230515;51100000;CompteLib_0024;;;23E50;20230515;EcritureLib_0449;20240228;0,00;16,40;C;BQ/746;;
BQ;Banque BQ;BQ/746;20230515;51220000;CompteLib_0026;;;23E50;20230515;EcritureLib_0449;20240228;16,40;0,00;D;BQ/746;;
BQ;Banque BQ;BQ/747;20230515;51100000;CompteLib_0024;;;23E49;20230515;EcritureLib_0450;20240228;0,00;230,90;C;BQ/747;;
BQ;Banque BQ;BQ/747;20230515;51220000;CompteLib_0026;;;23E49;20230515;EcritureLib_0450;20240228;230,90;0,00;D;BQ/747;;
BQ;Banque BQ;BQ/748;20230515;62700000;CompteLib_0030;;;23E58;20230515;EcritureLib_0031;20240228;0,03;0,00;D;BQ/748;;
BQ;Banque BQ;BQ/748;20230515;51220000;CompteLib_0026;;;23E58;20230515;EcritureLib_0031;20240228;0,00;0,03;C;BQ/748;;
BQ;Banque BQ;BQ/749;20230515;60700000;CompteLib_0031;;;23E128;20230515;EcritureLib_0451;20240228;50,47;0,00;D;BQ/749;;
BQ;Banque BQ;BQ/749;20230515;44566100;CompteLib_0018;;;23E128;20230515;EcritureLib_0451;20240228;2,78;0,00;D;BQ/749;A;20240227
BQ;Banque BQ;BQ/749;20230515;51220000;CompteLib_0026;;;23E128;20230515;EcritureLib_0451;20240228;0,00;53,25;C;BQ/749;;
BQ;Banque BQ;BQ/749;20230515;60630000;CompteLib_0032;;;23E128;20230515;EcritureLib_0451;20240228;2,12;0,00;D;BQ/749;;
BQ;Banque BQ;BQ/749;20230515;44566100;CompteLib_0018;;;23E128;20230515;EcritureLib_0451;20240228;0,42;0,00;D;BQ/749;A;20240227
BQ;Banque BQ;BQ/749;20230515;51220000;CompteLib_0026;;;23E128;20230515;EcritureLib_0451;20240228;0,00;2,54;C;BQ/749;;
BQ;Banque BQ;BQ/750;20230515;51100000;CompteLib_0024;;;23E48;20230515;EcritureLib_0452;20240228;0,00;294,90;C;BQ/750;;
BQ;Banque BQ;BQ/750;20230515;51220000;CompteLib_0026;;;23E48;20230515;EcritureLib_0452;20240228;294,90;0,00;D;BQ/750;;
BQ;Banque BQ;BQ/751;20230515;60700000;CompteLib_0031;;;23E54;20230515;EcritureLib_0453;20240228;29,38;0,00;D;BQ/751;;
BQ;Banque BQ;BQ/751;20230515;44566100;CompteLib_0018;;;23E54;20230515;EcritureLib_0453;20240228;1,62;0,00;D;BQ/751;A;20240227
BQ;Banque BQ;BQ/751;20230515;51220000;CompteLib_0026;;;23E54;20230515;EcritureLib_0453;20240228;0,00;31,00;C;BQ/751;;
BQ;Banque BQ;BQ/752;20230515;60700000;CompteLib_0031;;;23E127;20230515;EcritureLib_0454;20240228;40,88;0,00;D;BQ/752;;
BQ;Banque BQ;BQ/752;20230515;44566100;CompteLib_0018;;;23E127;20230515;EcritureLib_0454;20240228;2,25;0,00;D;BQ/752;A;20240227
BQ;Banque BQ;BQ/752;20230515;51220000;CompteLib_0026;;;23E127;20230515;EcritureLib_0454;20240228;0,00;43,13;C;BQ/752;;
BQ;Banque BQ;BQ/752;20230515;60630000;CompteLib_0032;;;23E127;20230515;EcritureLib_0454;20240228;11,18;0,00;D;BQ/752;;
BQ;Banque BQ;BQ/752;20230515;44566100;CompteLib_0018;;;23E127;20230515;EcritureLib_0454;20240228;2,24;0,00;D;BQ/752;A;20240227
BQ;Banque BQ;BQ/752;20230515;51220000;CompteLib_0026;;;23E127;20230515;EcritureLib_0454;20240228;0,00;13,42;C;BQ/752;;
BQ;Banque BQ;BQ/753;20230515;62700000;CompteLib_0030;;;23E57;20230515;EcritureLib_0031;20240228;0,05;0,00;D;BQ/753;;
BQ;Banque BQ;BQ/753;20230515;51220000;CompteLib_0026;;;23E57;20230515;EcritureLib_0031;20240228;0,00;0,05;C;BQ/753;;
BQ;Banque BQ;BQ/754;20230515;62700000;CompteLib_0030;;;23E55;20230515;EcritureLib_0031;20240228;0,93;0,00;D;BQ/754;;
BQ;Banque BQ;BQ/754;20230515;51220000;CompteLib_0026;;;23E55;20230515;EcritureLib_0031;20240228;0,00;0,93;C;BQ/754;;
BQ;Banque BQ;BQ/755;20230515;51100000;CompteLib_0024;;;23E51;20230515;EcritureLib_0455;20240228;0,00;10,90;C;BQ/755;;
BQ;Banque BQ;BQ/755;20230515;51220000;CompteLib_0026;;;23E51;20230515;EcritureLib_0455;20240228;10,90;0,00;D;BQ/755;;
BQ;Banque BQ;BQ/756;20230515;62700000;CompteLib_0030;;;23E56;20230515;EcritureLib_0031;20240228;0,70;0,00;D;BQ/756;;
BQ;Banque BQ;BQ/756;20230515;51220000;CompteLib_0026;;;23E56;20230515;EcritureLib_0031;20240228;0,00;0,70;C;BQ/756;;
BQ;Banque BQ;BQ/757;20230516;62700000;CompteLib_0030;;;23E62;20230516;EcritureLib_0031;20240228;0,31;0,00;D;BQ/757;;
BQ;Banque BQ;BQ/757;20230516;51220000;CompteLib_0026;;;23E62;20230516;EcritureLib_0031;20240228;0,00;0,31;C;BQ/757;;
BQ;Banque BQ;BQ/758;20230516;62700000;CompteLib_0030;;;23E63;20230516;EcritureLib_0031;20240228;0,03;0,00;D;BQ/758;;
BQ;Banque BQ;BQ/758;20230516;51220000;CompteLib_0026;;;23E63;20230516;EcritureLib_0031;20240228;0,00;0,03;C;BQ/758;;
BQ;Banque BQ;BQ/759;20230516;43100000;CompteLib_0046;;;23E61;20230516;EcritureLib_0406;20240228;96,00;0,00;D;BQ/759;A;20231206
BQ;Banque BQ;BQ/759;20230516;51220000;CompteLib_0026;;;23E61;20230516;EcritureLib_0406;20240228;0,00;96,00;C;BQ/759;;
BQ;Banque BQ;BQ/760;20230516;51100000;CompteLib_0024;;;23E60;20230516;EcritureLib_0456;20240228;0,00;10,50;C;BQ/760;;
BQ;Banque BQ;BQ/760;20230516;51220000;CompteLib_0026;;;23E60;20230516;EcritureLib_0456;20240228;10,50;0,00;D;BQ/760;;
BQ;Banque BQ;BQ/761;20230516;51100000;CompteLib_0024;;;23E59;20230516;EcritureLib_0457;20240228;0,00;98,40;C;BQ/761;;
BQ;Banque BQ;BQ/761;20230516;51220000;CompteLib_0026;;;23E59;20230516;EcritureLib_0457;20240228;98,40;0,00;D;BQ/761;;
BQ;Banque BQ;BQ/762;20230517;62700000;CompteLib_0030;;;23E70;20230517;EcritureLib_0031;20240228;1,02;0,00;D;BQ/762;;
BQ;Banque BQ;BQ/762;20230517;51220000;CompteLib_0026;;;23E70;20230517;EcritureLib_0031;20240228;0,00;1,02;C;BQ/762;;
BQ;Banque BQ;BQ/763;20230517;51120000;CompteLib_0025;;;23E67;20230517;EcritureLib_0458;20240228;0,00;16,90;C;BQ/763;;
BQ;Banque BQ;BQ/763;20230517;51220000;CompteLib_0026;;;23E67;20230517;EcritureLib_0458;20240228;16,90;0,00;D;BQ/763;;
BQ;Banque BQ;BQ/764;20230517;60610000;CompteLib_0038;;;23E68;20230517;EcritureLib_0072;20240228;107,83;0,00;D;BQ/764;;
BQ;Banque BQ;BQ/764;20230517;44566100;CompteLib_0018;;;23E68;20230517;EcritureLib_0072;20240228;14,87;0,00;D;BQ/764;A;20240227
BQ;Banque BQ;BQ/764;20230517;51220000;CompteLib_0026;;;23E68;20230517;EcritureLib_0072;20240228;0,00;122,70;C;BQ/764;;
BQ;Banque BQ;BQ/765;20230517;51100000;CompteLib_0024;;;23E64;20230517;EcritureLib_0459;20240228;0,00;238,80;C;BQ/765;;
BQ;Banque BQ;BQ/765;20230517;51220000;CompteLib_0026;;;23E64;20230517;EcritureLib_0459;20240228;238,80;0,00;D;BQ/765;;
BQ;Banque BQ;BQ/766;20230517;62700000;CompteLib_0030;;;23E71;20230517;EcritureLib_0031;20240228;0,09;0,00;D;BQ/766;;
BQ;Banque BQ;BQ/766;20230517;51220000;CompteLib_0026;;;23E71;20230517;EcritureLib_0031;20240228;0,00;0,09;C;BQ/766;;
BQ;Banque BQ;BQ/767;20230517;51100000;CompteLib_0024;;;23E66;20230517;EcritureLib_0460;20240228;0,00;24,80;C;BQ/767;;
BQ;Banque BQ;BQ/767;20230517;51220000;CompteLib_0026;;;23E66;20230517;EcritureLib_0460;20240228;24,80;0,00;D;BQ/767;;
BQ;Banque BQ;BQ/768;20230517;51120000;CompteLib_0025;;;23E65;20230517;EcritureLib_0461;20240228;0,00;31,26;C;BQ/768;;
BQ;Banque BQ;BQ/768;20230517;51220000;CompteLib_0026;;;23E65;20230517;EcritureLib_0461;20240228;31,26;0,00;D;BQ/768;;
BQ;Banque BQ;BQ/769;20230517;60700000;CompteLib_0031;;;23E69;20230517;EcritureLib_0462;20240228;89,19;0,00;D;BQ/769;;
BQ;Banque BQ;BQ/769;20230517;44566100;CompteLib_0018;;;23E69;20230517;EcritureLib_0462;20240228;4,91;0,00;D;BQ/769;A;20240227
BQ;Banque BQ;BQ/769;20230517;51220000;CompteLib_0026;;;23E69;20230517;EcritureLib_0462;20240228;0,00;94,10;C;BQ/769;;
BQ;Banque BQ;BQ/770;20230518;61321000;CompteLib_0040;;;23E72;20230518;EcritureLib_0085;20240228;1135,00;0,00;D;BQ/770;;
BQ;Banque BQ;BQ/770;20230518;51220000;CompteLib_0026;;;23E72;20230518;EcritureLib_0085;20240228;0,00;1135,00;C;BQ/770;;
BQ;Banque BQ;BQ/770;20230518;61400000;CompteLib_0041;;;23E72;20230518;EcritureLib_0085;20240228;60,00;0,00;D;BQ/770;;
BQ;Banque BQ;BQ/770;20230518;51220000;CompteLib_0026;;;23E72;20230518;EcritureLib_0085;20240228;0,00;60,00;C;BQ/770;;
BQ;Banque BQ;BQ/771;20230519;62700000;CompteLib_0030;;;23E83;20230519;EcritureLib_0031;20240228;0,28;0,00;D;BQ/771;;
BQ;Banque BQ;BQ/771;20230519;51220000;CompteLib_0026;;;23E83;20230519;EcritureLib_0031;20240228;0,00;0,28;C;BQ/771;;
BQ;Banque BQ;BQ/772;20230519;51100000;CompteLib_0024;;;23E76;20230519;EcritureLib_0463;20240228;0,00;80,20;C;BQ/772;;
BQ;Banque BQ;BQ/772;20230519;51220000;CompteLib_0026;;;23E76;20230519;EcritureLib_0463;20240228;80,20;0,00;D;BQ/772;;
BQ;Banque BQ;BQ/773;20230519;60700000;CompteLib_0031;;;23E79;20230519;EcritureLib_0464;20240228;20,46;0,00;D;BQ/773;;
BQ;Banque BQ;BQ/773;20230519;44566100;CompteLib_0018;;;23E79;20230519;EcritureLib_0464;20240228;1,13;0,00;D;BQ/773;A;20240227
BQ;Banque BQ;BQ/773;20230519;51220000;CompteLib_0026;;;23E79;20230519;EcritureLib_0464;20240228;0,00;21,59;C;BQ/773;;
BQ;Banque BQ;BQ/774;20230519;60700000;CompteLib_0031;;;23E78;20230519;EcritureLib_0465;20240228;24,45;0,00;D;BQ/774;;
BQ;Banque BQ;BQ/774;20230519;44566100;CompteLib_0018;;;23E78;20230519;EcritureLib_0465;20240228;1,34;0,00;D;BQ/774;A;20240227
BQ;Banque BQ;BQ/774;20230519;51220000;CompteLib_0026;;;23E78;20230519;EcritureLib_0465;20240228;0,00;25,79;C;BQ/774;;
BQ;Banque BQ;BQ/775;20230519;60700000;CompteLib_0031;;;23E77;20230519;EcritureLib_0466;20240228;62,45;0,00;D;BQ/775;;
BQ;Banque BQ;BQ/775;20230519;44566100;CompteLib_0018;;;23E77;20230519;EcritureLib_0466;20240228;3,44;0,00;D;BQ/775;A;20240227
BQ;Banque BQ;BQ/775;20230519;51220000;CompteLib_0026;;;23E77;20230519;EcritureLib_0466;20240228;0,00;65,89;C;BQ/775;;
BQ;Banque BQ;BQ/776;20230519;62700000;CompteLib_0030;;;23E82;20230519;EcritureLib_0031;20240228;0,64;0,00;D;BQ/776;;
BQ;Banque BQ;BQ/776;20230519;51220000;CompteLib_0026;;;23E82;20230519;EcritureLib_0031;20240228;0,00;0,64;C;BQ/776;;
BQ;Banque BQ;BQ/777;20230519;51100000;CompteLib_0024;;;23E74;20230519;EcritureLib_0467;20240228;0,00;142,20;C;BQ/777;;
BQ;Banque BQ;BQ/777;20230519;51220000;CompteLib_0026;;;23E74;20230519;EcritureLib_0467;20240228;142,20;0,00;D;BQ/777;;
BQ;Banque BQ;BQ/778;20230519;51100000;CompteLib_0024;;;23E75;20230519;EcritureLib_0468;20240228;0,00;133,60;C;BQ/778;;
BQ;Banque BQ;BQ/778;20230519;51220000;CompteLib_0026;;;23E75;20230519;EcritureLib_0468;20240228;133,60;0,00;D;BQ/778;;
BQ;Banque BQ;BQ/779;20230519;62700000;CompteLib_0030;;;23E81;20230519;EcritureLib_0031;20240228;0,97;0,00;D;BQ/779;;
BQ;Banque BQ;BQ/779;20230519;51220000;CompteLib_0026;;;23E81;20230519;EcritureLib_0031;20240228;0,00;0,97;C;BQ/779;;
BQ;Banque BQ;BQ/780;20230519;62700000;CompteLib_0030;;;23E80;20230519;EcritureLib_0031;20240228;1,17;0,00;D;BQ/780;;
BQ;Banque BQ;BQ/780;20230519;51220000;CompteLib_0026;;;23E80;20230519;EcritureLib_0031;20240228;0,00;1,17;C;BQ/780;;
BQ;Banque BQ;BQ/781;20230519;51100000;CompteLib_0024;;;23E73;20230519;EcritureLib_0469;20240228;0,00;240,80;C;BQ/781;;
BQ;Banque BQ;BQ/781;20230519;51220000;CompteLib_0026;;;23E73;20230519;EcritureLib_0469;20240228;240,80;0,00;D;BQ/781;;
BQ;Banque BQ;BQ/782;20230522;62700000;CompteLib_0030;;;23E87;20230522;EcritureLib_0031;20240228;0,40;0,00;D;BQ/782;;
BQ;Banque BQ;BQ/782;20230522;51220000;CompteLib_0026;;;23E87;20230522;EcritureLib_0031;20240228;0,00;0,40;C;BQ/782;;
BQ;Banque BQ;BQ/783;20230522;51100000;CompteLib_0024;;;23E85;20230522;EcritureLib_0470;20240228;0,00;29,80;C;BQ/783;;
BQ;Banque BQ;BQ/783;20230522;51220000;CompteLib_0026;;;23E85;20230522;EcritureLib_0470;20240228;29,80;0,00;D;BQ/783;;
BQ;Banque BQ;BQ/784;20230522;62700000;CompteLib_0030;;;23E88;20230522;EcritureLib_0031;20240228;0,10;0,00;D;BQ/784;;
BQ;Banque BQ;BQ/784;20230522;51220000;CompteLib_0026;;;23E88;20230522;EcritureLib_0031;20240228;0,00;0,10;C;BQ/784;;
BQ;Banque BQ;BQ/785;20230522;51100000;CompteLib_0024;;;23E84;20230522;EcritureLib_0471;20240228;0,00;116,60;C;BQ/785;;
BQ;Banque BQ;BQ/785;20230522;51220000;CompteLib_0026;;;23E84;20230522;EcritureLib_0471;20240228;116,60;0,00;D;BQ/785;;
BQ;Banque BQ;BQ/786;20230522;61350000;CompteLib_0036;;;23E129;20230522;EcritureLib_0086;20240228;67,14;0,00;D;BQ/786;;
BQ;Banque BQ;BQ/786;20230522;44566100;CompteLib_0018;;;23E129;20230522;EcritureLib_0086;20240228;12,80;0,00;D;BQ/786;A;20240227
BQ;Banque BQ;BQ/786;20230522;51220000;CompteLib_0026;;;23E129;20230522;EcritureLib_0086;20240228;0,00;79,94;C;BQ/786;;
BQ;Banque BQ;BQ/787;20230523;51100000;CompteLib_0024;;;23E89;20230523;EcritureLib_0472;20240228;0,00;75,40;C;BQ/787;;
BQ;Banque BQ;BQ/787;20230523;51220000;CompteLib_0026;;;23E89;20230523;EcritureLib_0472;20240228;75,40;0,00;D;BQ/787;;
BQ;Banque BQ;BQ/788;20230523;60700000;CompteLib_0031;;;23E130;20230523;EcritureLib_0473;20240228;5,60;0,00;D;BQ/788;;
BQ;Banque BQ;BQ/788;20230523;44566100;CompteLib_0018;;;23E130;20230523;EcritureLib_0473;20240228;0,31;0,00;D;BQ/788;A;20240227
BQ;Banque BQ;BQ/788;20230523;51220000;CompteLib_0026;;;23E130;20230523;EcritureLib_0473;20240228;0,00;5,91;C;BQ/788;;
BQ;Banque BQ;BQ/788;20230523;60630000;CompteLib_0032;;;23E130;20230523;EcritureLib_0473;20240228;23,90;0,00;D;BQ/788;;
BQ;Banque BQ;BQ/788;20230523;44566100;CompteLib_0018;;;23E130;20230523;EcritureLib_0473;20240228;4,78;0,00;D;BQ/788;A;20240227
BQ;Banque BQ;BQ/788;20230523;51220000;CompteLib_0026;;;23E130;20230523;EcritureLib_0473;20240228;0,00;28,68;C;BQ/788;;
BQ;Banque BQ;BQ/789;20230523;60700000;CompteLib_0031;;;23E131;20230523;EcritureLib_0474;20240228;27,97;0,00;D;BQ/789;;
BQ;Banque BQ;BQ/789;20230523;44566100;CompteLib_0018;;;23E131;20230523;EcritureLib_0474;20240228;1,54;0,00;D;BQ/789;A;20240227
BQ;Banque BQ;BQ/789;20230523;51220000;CompteLib_0026;;;23E131;20230523;EcritureLib_0474;20240228;0,00;29,51;C;BQ/789;;
BQ;Banque BQ;BQ/789;20230523;60630000;CompteLib_0032;;;23E131;20230523;EcritureLib_0474;20240228;1,41;0,00;D;BQ/789;;
BQ;Banque BQ;BQ/789;20230523;44566100;CompteLib_0018;;;23E131;20230523;EcritureLib_0474;20240228;0,28;0,00;D;BQ/789;A;20240227
BQ;Banque BQ;BQ/789;20230523;51220000;CompteLib_0026;;;23E131;20230523;EcritureLib_0474;20240228;0,00;1,69;C;BQ/789;;
BQ;Banque BQ;BQ/790;20230523;62700000;CompteLib_0030;;;23E92;20230523;EcritureLib_0031;20240228;0,24;0,00;D;BQ/790;;
BQ;Banque BQ;BQ/790;20230523;51220000;CompteLib_0026;;;23E92;20230523;EcritureLib_0031;20240228;0,00;0,24;C;BQ/790;;
BQ;Banque BQ;BQ/791;20230524;62700000;CompteLib_0030;;;23E94;20230524;EcritureLib_0031;20240228;0,71;0,00;D;BQ/791;;
BQ;Banque BQ;BQ/791;20230524;51220000;CompteLib_0026;;;23E94;20230524;EcritureLib_0031;20240228;0,00;0,71;C;BQ/791;;
BQ;Banque BQ;BQ/792;20230524;51100000;CompteLib_0024;;;23E93;20230524;EcritureLib_0475;20240228;0,00;231,00;C;BQ/792;;
BQ;Banque BQ;BQ/792;20230524;51220000;CompteLib_0026;;;23E93;20230524;EcritureLib_0475;20240228;231,00;0,00;D;BQ/792;;
BQ;Banque BQ;BQ/793;20230525;60700000;CompteLib_0031;;;23E96;20230525;EcritureLib_0476;20240228;92,26;0,00;D;BQ/793;;
BQ;Banque BQ;BQ/793;20230525;44566100;CompteLib_0018;;;23E96;20230525;EcritureLib_0476;20240228;5,07;0,00;D;BQ/793;A;20240227
BQ;Banque BQ;BQ/793;20230525;51220000;CompteLib_0026;;;23E96;20230525;EcritureLib_0476;20240228;0,00;97,33;C;BQ/793;;
BQ;Banque BQ;BQ/794;20230525;60700000;CompteLib_0031;;;23E132;20230525;EcritureLib_0477;20240228;63,05;0,00;D;BQ/794;;
BQ;Banque BQ;BQ/794;20230525;44566100;CompteLib_0018;;;23E132;20230525;EcritureLib_0477;20240228;3,47;0,00;D;BQ/794;A;20240227
BQ;Banque BQ;BQ/794;20230525;51220000;CompteLib_0026;;;23E132;20230525;EcritureLib_0477;20240228;0,00;45,27;C;BQ/794;;
BQ;Banque BQ;BQ/794;20230525;45500000;CompteLib_0023;;;23E132;20230525;EcritureLib_0477;20240228;0,00;21,25;C;BQ/794;;
BQ;Banque BQ;BQ/795;20230525;51100000;CompteLib_0024;;;23E95;20230525;EcritureLib_0478;20240228;0,00;153,00;C;BQ/795;;
BQ;Banque BQ;BQ/795;20230525;51220000;CompteLib_0026;;;23E95;20230525;EcritureLib_0478;20240228;153,00;0,00;D;BQ/795;;
BQ;Banque BQ;BQ/796;20230525;62700000;CompteLib_0030;;;23E99;20230525;EcritureLib_0098;20240228;5,33;0,00;D;BQ/796;;
BQ;Banque BQ;BQ/796;20230525;51220000;CompteLib_0026;;;23E99;20230525;EcritureLib_0098;20240228;0,00;5,33;C;BQ/796;;
BQ;Banque BQ;BQ/797;20230525;62700000;CompteLib_0030;;;23E100;20230525;EcritureLib_0099;20240228;5,33;0,00;D;BQ/797;;
BQ;Banque BQ;BQ/797;20230525;51220000;CompteLib_0026;;;23E100;20230525;EcritureLib_0099;20240228;0,00;5,33;C;BQ/797;;
BQ;Banque BQ;BQ/798;20230525;43703000;CompteLib_0015;;;23E97;20230525;EcritureLib_0413;20240228;19,59;0,00;D;BQ/798;A;20231206
BQ;Banque BQ;BQ/798;20230525;51220000;CompteLib_0026;;;23E97;20230525;EcritureLib_0413;20240228;0,00;19,59;C;BQ/798;;
BQ;Banque BQ;BQ/799;20230525;62700000;CompteLib_0030;;;23E98;20230525;EcritureLib_0031;20240228;0,47;0,00;D;BQ/799;;
BQ;Banque BQ;BQ/799;20230525;51220000;CompteLib_0026;;;23E98;20230525;EcritureLib_0031;20240228;0,00;0,47;C;BQ/799;;
BQ;Banque BQ;BQ/800;20230526;51100000;CompteLib_0024;;;23E103;20230526;EcritureLib_0479;20240228;0,00;6,00;C;BQ/800;;
BQ;Banque BQ;BQ/800;20230526;51220000;CompteLib_0026;;;23E103;20230526;EcritureLib_0479;20240228;6,00;0,00;D;BQ/800;;
BQ;Banque BQ;BQ/801;20230526;51100000;CompteLib_0024;;;23E102;20230526;EcritureLib_0480;20240228;0,00;50,00;C;BQ/801;;
BQ;Banque BQ;BQ/801;20230526;51220000;CompteLib_0026;;;23E102;20230526;EcritureLib_0480;20240228;50,00;0,00;D;BQ/801;;
BQ;Banque BQ;BQ/802;20230526;62700000;CompteLib_0030;;;23E105;20230526;EcritureLib_0031;20240228;0,16;0,00;D;BQ/802;;
BQ;Banque BQ;BQ/802;20230526;51220000;CompteLib_0026;;;23E105;20230526;EcritureLib_0031;20240228;0,00;0,16;C;BQ/802;;
BQ;Banque BQ;BQ/803;20230526;62700000;CompteLib_0030;;;23E106;20230526;EcritureLib_0031;20240228;0,02;0,00;D;BQ/803;;
BQ;Banque BQ;BQ/803;20230526;51220000;CompteLib_0026;;;23E106;20230526;EcritureLib_0031;20240228;0,00;0,02;C;BQ/803;;
BQ;Banque BQ;BQ/804;20230526;60700000;CompteLib_0031;;;23E104;20230526;EcritureLib_0481;20240228;131,06;0,00;D;BQ/804;;
BQ;Banque BQ;BQ/804;20230526;44566100;CompteLib_0018;;;23E104;20230526;EcritureLib_0481;20240228;7,21;0,00;D;BQ/804;A;20240227
BQ;Banque BQ;BQ/804;20230526;51220000;CompteLib_0026;;;23E104;20230526;EcritureLib_0481;20240228;0,00;138,27;C;BQ/804;;
BQ;Banque BQ;BQ/805;20230530;62261000;CompteLib_0039;;;23E110;20230530;EcritureLib_0082;20240228;142,50;0,00;D;BQ/805;;
BQ;Banque BQ;BQ/805;20230530;44566100;CompteLib_0018;;;23E110;20230530;EcritureLib_0082;20240228;28,50;0,00;D;BQ/805;A;20240227
BQ;Banque BQ;BQ/805;20230530;51220000;CompteLib_0026;;;23E110;20230530;EcritureLib_0082;20240228;0,00;171,00;C;BQ/805;;
BQ;Banque BQ;BQ/806;20230530;62700000;CompteLib_0030;;;23E115;20230530;EcritureLib_0102;20240228;0,00;0,63;C;BQ/806;;
BQ;Banque BQ;BQ/806;20230530;51220000;CompteLib_0026;;;23E115;20230530;EcritureLib_0102;20240228;0,63;0,00;D;BQ/806;;
BQ;Banque BQ;BQ/807;20230530;62700000;CompteLib_0030;;;23E116;20230530;EcritureLib_0101;20240228;18,50;0,00;D;BQ/807;;
BQ;Banque BQ;BQ/807;20230530;51220000;CompteLib_0026;;;23E116;20230530;EcritureLib_0101;20240228;0,00;18,50;C;BQ/807;;
BQ;Banque BQ;BQ/808;20230530;51100000;CompteLib_0024;;;23E107;20230530;EcritureLib_0482;20240228;0,00;151,60;C;BQ/808;;
BQ;Banque BQ;BQ/808;20230530;51220000;CompteLib_0026;;;23E107;20230530;EcritureLib_0482;20240228;151,60;0,00;D;BQ/808;;
BQ;Banque BQ;BQ/809;20230530;51100000;CompteLib_0024;;;23E108;20230530;EcritureLib_0483;20240228;0,00;66,10;C;BQ/809;;
BQ;Banque BQ;BQ/809;20230530;51220000;CompteLib_0026;;;23E108;20230530;EcritureLib_0483;20240228;66,10;0,00;D;BQ/809;;
BQ;Banque BQ;BQ/810;20230530;62260000;CompteLib_0039;;;23E109;20230530;EcritureLib_0082;20240228;149,00;0,00;D;BQ/810;;
BQ;Banque BQ;BQ/810;20230530;44566100;CompteLib_0018;;;23E109;20230530;EcritureLib_0082;20240228;29,80;0,00;D;BQ/810;A;20240227
BQ;Banque BQ;BQ/810;20230530;51220000;CompteLib_0026;;;23E109;20230530;EcritureLib_0082;20240228;0,00;178,80;C;BQ/810;;
BQ;Banque BQ;BQ/811;20230530;62600000;CompteLib_0035;;;23E112;20230530;EcritureLib_0103;20240228;30,82;0,00;D;BQ/811;;
BQ;Banque BQ;BQ/811;20230530;44566100;CompteLib_0018;;;23E112;20230530;EcritureLib_0103;20240228;6,16;0,00;D;BQ/811;A;20240227
BQ;Banque BQ;BQ/811;20230530;51220000;CompteLib_0026;;;23E112;20230530;EcritureLib_0103;20240228;0,00;36,98;C;BQ/811;;
BQ;Banque BQ;BQ/812;20230530;62700000;CompteLib_0030;;;23E114;20230530;EcritureLib_0031;20240228;0,23;0,00;D;BQ/812;;
BQ;Banque BQ;BQ/812;20230530;51220000;CompteLib_0026;;;23E114;20230530;EcritureLib_0031;20240228;0,00;0,23;C;BQ/812;;
BQ;Banque BQ;BQ/813;20230530;62700000;CompteLib_0030;;;23E113;20230530;EcritureLib_0031;20240228;0,48;0,00;D;BQ/813;;
BQ;Banque BQ;BQ/813;20230530;51220000;CompteLib_0026;;;23E113;20230530;EcritureLib_0031;20240228;0,00;0,48;C;BQ/813;;
BQ;Banque BQ;BQ/814;20230530;60700000;CompteLib_0031;;;23E111;20230530;EcritureLib_0057;20240228;81,48;0,00;D;BQ/814;;
BQ;Banque BQ;BQ/814;20230530;44566100;CompteLib_0018;;;23E111;20230530;EcritureLib_0057;20240228;4,48;0,00;D;BQ/814;A;20240227
BQ;Banque BQ;BQ/814;20230530;51220000;CompteLib_0026;;;23E111;20230530;EcritureLib_0057;20240228;0,00;85,96;C;BQ/814;;
BQ;Banque BQ;BQ/815;20230531;62700000;CompteLib_0030;;;23E123;20230531;EcritureLib_0031;20240228;0,03;0,00;D;BQ/815;;
BQ;Banque BQ;BQ/815;20230531;51220000;CompteLib_0026;;;23E123;20230531;EcritureLib_0031;20240228;0,00;0,03;C;BQ/815;;
BQ;Banque BQ;BQ/816;20230531;51100000;CompteLib_0024;;;23E117;20230531;EcritureLib_0484;20240228;0,00;116,50;C;BQ/816;;
BQ;Banque BQ;BQ/816;20230531;51220000;CompteLib_0026;;;23E117;20230531;EcritureLib_0484;20240228;116,50;0,00;D;BQ/816;;
BQ;Banque BQ;BQ/817;20230531;51120000;CompteLib_0025;;;23E118;20230531;EcritureLib_0096;20240228;0,00;32,08;C;BQ/817;;
BQ;Banque BQ;BQ/817;20230531;51220000;CompteLib_0026;;;23E118;20230531;EcritureLib_0096;20240228;32,08;0,00;D;BQ/817;;
BQ;Banque BQ;BQ/818;20230531;51100000;CompteLib_0024;;;23E119;20230531;EcritureLib_0485;20240228;0,00;8,50;C;BQ/818;;
BQ;Banque BQ;BQ/818;20230531;51220000;CompteLib_0026;;;23E119;20230531;EcritureLib_0485;20240228;8,50;0,00;D;BQ/818;;
BQ;Banque BQ;BQ/819;20230531;62700000;CompteLib_0030;;;23E122;20230531;EcritureLib_0031;20240228;0,36;0,00;D;BQ/819;;
BQ;Banque BQ;BQ/819;20230531;51220000;CompteLib_0026;;;23E122;20230531;EcritureLib_0031;20240228;0,00;0,36;C;BQ/819;;
BQ;Banque BQ;BQ/820;20230531;60700000;CompteLib_0031;;;23E120;20230531;EcritureLib_0486;20240228;39,14;0,00;D;BQ/820;;
BQ;Banque BQ;BQ/820;20230531;44566100;CompteLib_0018;;;23E120;20230531;EcritureLib_0486;20240228;2,15;0,00;D;BQ/820;A;20240227
BQ;Banque BQ;BQ/820;20230531;51220000;CompteLib_0026;;;23E120;20230531;EcritureLib_0486;20240228;0,00;41,29;C;BQ/820;;
BQ;Banque BQ;BQ/821;20230531;60700000;CompteLib_0031;;;23E133;20230531;EcritureLib_0487;20240228;11,92;0,00;D;BQ/821;;
BQ;Banque BQ;BQ/821;20230531;44566100;CompteLib_0018;;;23E133;20230531;EcritureLib_0487;20240228;0,66;0,00;D;BQ/821;A;20240227
BQ;Banque BQ;BQ/821;20230531;51220000;CompteLib_0026;;;23E133;20230531;EcritureLib_0487;20240228;0,00;12,58;C;BQ/821;;
BQ;Banque BQ;BQ/821;20230531;60630000;CompteLib_0032;;;23E133;20230531;EcritureLib_0487;20240228;3,15;0,00;D;BQ/821;;
BQ;Banque BQ;BQ/821;20230531;44566100;CompteLib_0018;;;23E133;20230531;EcritureLib_0487;20240228;0,63;0,00;D;BQ/821;A;20240227
BQ;Banque BQ;BQ/821;20230531;51220000;CompteLib_0026;;;23E133;20230531;EcritureLib_0487;20240228;0,00;3,78;C;BQ/821;;
BQ;Banque BQ;BQ/822;20230601;51100000;CompteLib_0024;;;23F1;20230601;EcritureLib_0488;20240228;0,00;91,30;C;BQ/822;;
BQ;Banque BQ;BQ/822;20230601;51220000;CompteLib_0026;;;23F1;20230601;EcritureLib_0488;20240228;91,30;0,00;D;BQ/822;;
BQ;Banque BQ;BQ/823;20230601;51100000;CompteLib_0024;;;23F2;20230601;EcritureLib_0489;20240228;0,00;19,90;C;BQ/823;;
BQ;Banque BQ;BQ/823;20230601;51220000;CompteLib_0026;;;23F2;20230601;EcritureLib_0489;20240228;19,90;0,00;D;BQ/823;;
BQ;Banque BQ;BQ/824;20230601;62700000;CompteLib_0030;;;23F3;20230601;EcritureLib_0031;20240228;0,29;0,00;D;BQ/824;;
BQ;Banque BQ;BQ/824;20230601;51220000;CompteLib_0026;;;23F3;20230601;EcritureLib_0031;20240228;0,00;0,29;C;BQ/824;;
BQ;Banque BQ;BQ/825;20230601;62700000;CompteLib_0030;;;23F4;20230601;EcritureLib_0031;20240228;0,06;0,00;D;BQ/825;;
BQ;Banque BQ;BQ/825;20230601;51220000;CompteLib_0026;;;23F4;20230601;EcritureLib_0031;20240228;0,00;0,06;C;BQ/825;;
BQ;Banque BQ;BQ/826;20230601;62700000;CompteLib_0030;;;23F5;20230601;EcritureLib_0373;20240228;5,00;0,00;D;BQ/826;;
BQ;Banque BQ;BQ/826;20230601;51220000;CompteLib_0026;;;23F5;20230601;EcritureLib_0373;20240228;0,00;5,00;C;BQ/826;;
BQ;Banque BQ;BQ/827;20230602;51120000;CompteLib_0025;;;23F7;20230602;EcritureLib_0490;20240228;0,00;21,71;C;BQ/827;;
BQ;Banque BQ;BQ/827;20230602;51220000;CompteLib_0026;;;23F7;20230602;EcritureLib_0490;20240228;21,71;0,00;D;BQ/827;;
BQ;Banque BQ;BQ/828;20230602;62700000;CompteLib_0030;;;23F9;20230602;EcritureLib_0031;20240228;0,64;0,00;D;BQ/828;;
BQ;Banque BQ;BQ/828;20230602;51220000;CompteLib_0026;;;23F9;20230602;EcritureLib_0031;20240228;0,00;0,64;C;BQ/828;;
BQ;Banque BQ;BQ/829;20230602;45500000;CompteLib_0023;;;23F8;20230602;EcritureLib_0491;20240228;11,17;0,00;D;BQ/829;;
BQ;Banque BQ;BQ/829;20230602;51220000;CompteLib_0026;;;23F8;20230602;EcritureLib_0491;20240228;0,00;11,17;C;BQ/829;;
BQ;Banque BQ;BQ/830;20230602;51100000;CompteLib_0024;;;23F6;20230602;EcritureLib_0492;20240228;0,00;214,30;C;BQ/830;;
BQ;Banque BQ;BQ/830;20230602;51220000;CompteLib_0026;;;23F6;20230602;EcritureLib_0492;20240228;214,30;0,00;D;BQ/830;;
BQ;Banque BQ;BQ/831;20230605;60630000;CompteLib_0032;;;23F17;20230605;EcritureLib_0493;20240228;21,65;0,00;D;BQ/831;;
BQ;Banque BQ;BQ/831;20230605;44566100;CompteLib_0018;;;23F17;20230605;EcritureLib_0493;20240228;4,33;0,00;D;BQ/831;A;20240227
BQ;Banque BQ;BQ/831;20230605;51220000;CompteLib_0026;;;23F17;20230605;EcritureLib_0493;20240228;0,00;25,98;C;BQ/831;;
BQ;Banque BQ;BQ/832;20230605;61600000;CompteLib_0034;;;23F14;20230605;EcritureLib_0041;20240228;69,13;0,00;D;BQ/832;;
BQ;Banque BQ;BQ/832;20230605;51220000;CompteLib_0026;;;23F14;20230605;EcritureLib_0041;20240228;0,00;69,13;C;BQ/832;;
BQ;Banque BQ;BQ/833;20230605;51100000;CompteLib_0024;;;23F12;20230605;EcritureLib_0494;20240228;0,00;29,80;C;BQ/833;;
BQ;Banque BQ;BQ/833;20230605;51220000;CompteLib_0026;;;23F12;20230605;EcritureLib_0494;20240228;29,80;0,00;D;BQ/833;;
BQ;Banque BQ;BQ/834;20230605;51100000;CompteLib_0024;;;23F11;20230605;EcritureLib_0495;20240228;0,00;190,00;C;BQ/834;;
BQ;Banque BQ;BQ/834;20230605;51220000;CompteLib_0026;;;23F11;20230605;EcritureLib_0495;20240228;190,00;0,00;D;BQ/834;;
BQ;Banque BQ;BQ/835;20230605;62700000;CompteLib_0030;;;23F18;20230605;EcritureLib_0031;20240228;0,91;0,00;D;BQ/835;;
BQ;Banque BQ;BQ/835;20230605;51220000;CompteLib_0026;;;23F18;20230605;EcritureLib_0031;20240228;0,00;0,91;C;BQ/835;;
BQ;Banque BQ;BQ/836;20230605;60700000;CompteLib_0031;;;23F16;20230605;EcritureLib_0496;20240228;32,20;0,00;D;BQ/836;;
BQ;Banque BQ;BQ/836;20230605;44566100;CompteLib_0018;;;23F16;20230605;EcritureLib_0496;20240228;1,77;0,00;D;BQ/836;A;20240227
BQ;Banque BQ;BQ/836;20230605;51220000;CompteLib_0026;;;23F16;20230605;EcritureLib_0496;20240228;0,00;33,97;C;BQ/836;;
BQ;Banque BQ;BQ/837;20230605;60700000;CompteLib_0031;;;23F15;20230605;EcritureLib_0497;20240228;37,26;0,00;D;BQ/837;;
BQ;Banque BQ;BQ/837;20230605;44566100;CompteLib_0018;;;23F15;20230605;EcritureLib_0497;20240228;2,05;0,00;D;BQ/837;A;20240227
BQ;Banque BQ;BQ/837;20230605;51220000;CompteLib_0026;;;23F15;20230605;EcritureLib_0497;20240228;0,00;39,31;C;BQ/837;;
BQ;Banque BQ;BQ/838;20230605;60700000;CompteLib_0031;;;23F133;20230605;EcritureLib_0498;20240228;108,75;0,00;D;BQ/838;;
BQ;Banque BQ;BQ/838;20230605;44566100;CompteLib_0018;;;23F133;20230605;EcritureLib_0498;20240228;5,98;0,00;D;BQ/838;A;20240227
BQ;Banque BQ;BQ/838;20230605;51220000;CompteLib_0026;;;23F133;20230605;EcritureLib_0498;20240228;0,00;114,73;C;BQ/838;;
BQ;Banque BQ;BQ/838;20230605;60630000;CompteLib_0032;;;23F133;20230605;EcritureLib_0498;20240228;5,72;0,00;D;BQ/838;;
BQ;Banque BQ;BQ/838;20230605;44566100;CompteLib_0018;;;23F133;20230605;EcritureLib_0498;20240228;1,14;0,00;D;BQ/838;A;20240227
BQ;Banque BQ;BQ/838;20230605;51220000;CompteLib_0026;;;23F133;20230605;EcritureLib_0498;20240228;0,00;6,86;C;BQ/838;;
BQ;Banque BQ;BQ/839;20230605;62700000;CompteLib_0030;;;23F20;20230605;EcritureLib_0031;20240228;0,09;0,00;D;BQ/839;;
BQ;Banque BQ;BQ/839;20230605;51220000;CompteLib_0026;;;23F20;20230605;EcritureLib_0031;20240228;0,00;0,09;C;BQ/839;;
BQ;Banque BQ;BQ/840;20230605;62700000;CompteLib_0030;;;23F19;20230605;EcritureLib_0031;20240228;0,62;0,00;D;BQ/840;;
BQ;Banque BQ;BQ/840;20230605;51220000;CompteLib_0026;;;23F19;20230605;EcritureLib_0031;20240228;0,00;0,62;C;BQ/840;;
BQ;Banque BQ;BQ/841;20230605;51100000;CompteLib_0024;;;23F10;20230605;EcritureLib_0499;20240228;0,00;291,40;C;BQ/841;;
BQ;Banque BQ;BQ/841;20230605;51220000;CompteLib_0026;;;23F10;20230605;EcritureLib_0499;20240228;291,40;0,00;D;BQ/841;;
BQ;Banque BQ;BQ/842;20230606;60700000;CompteLib_0031;;;23F25;20230606;EcritureLib_0500;20240228;37,90;0,00;D;BQ/842;;
BQ;Banque BQ;BQ/842;20230606;44566100;CompteLib_0018;;;23F25;20230606;EcritureLib_0500;20240228;2,08;0,00;D;BQ/842;A;20240227
BQ;Banque BQ;BQ/842;20230606;51220000;CompteLib_0026;;;23F25;20230606;EcritureLib_0500;20240228;0,00;39,98;C;BQ/842;;
BQ;Banque BQ;BQ/843;20230606;62700000;CompteLib_0030;;;23F26;20230606;EcritureLib_0031;20240228;0,25;0,00;D;BQ/843;;
BQ;Banque BQ;BQ/843;20230606;51220000;CompteLib_0026;;;23F26;20230606;EcritureLib_0031;20240228;0,00;0,25;C;BQ/843;;
BQ;Banque BQ;BQ/844;20230606;60700000;CompteLib_0031;;;23F24;20230606;EcritureLib_0501;20240228;89,05;0,00;D;BQ/844;;
BQ;Banque BQ;BQ/844;20230606;44566100;CompteLib_0018;;;23F24;20230606;EcritureLib_0501;20240228;4,90;0,00;D;BQ/844;A;20240227
BQ;Banque BQ;BQ/844;20230606;51220000;CompteLib_0026;;;23F24;20230606;EcritureLib_0501;20240228;0,00;93,95;C;BQ/844;;
BQ;Banque BQ;BQ/845;20230606;51120000;CompteLib_0025;;;23F22;20230606;EcritureLib_0096;20240228;0,00;23,04;C;BQ/845;;
BQ;Banque BQ;BQ/845;20230606;51220000;CompteLib_0026;;;23F22;20230606;EcritureLib_0096;20240228;23,04;0,00;D;BQ/845;;
BQ;Banque BQ;BQ/846;20230606;51100000;CompteLib_0024;;;23F23;20230606;EcritureLib_0502;20240228;0,00;10,50;C;BQ/846;;
BQ;Banque BQ;BQ/846;20230606;51220000;CompteLib_0026;;;23F23;20230606;EcritureLib_0502;20240228;10,50;0,00;D;BQ/846;;
BQ;Banque BQ;BQ/847;20230606;51100000;CompteLib_0024;;;23F21;20230606;EcritureLib_0503;20240228;0,00;81,90;C;BQ/847;;
BQ;Banque BQ;BQ/847;20230606;51220000;CompteLib_0026;;;23F21;20230606;EcritureLib_0503;20240228;81,90;0,00;D;BQ/847;;
BQ;Banque BQ;BQ/848;20230607;62700000;CompteLib_0030;;;23F31;20230607;EcritureLib_0031;20240228;0,09;0,00;D;BQ/848;;
BQ;Banque BQ;BQ/848;20230607;51220000;CompteLib_0026;;;23F31;20230607;EcritureLib_0031;20240228;0,00;0,09;C;BQ/848;;
BQ;Banque BQ;BQ/849;20230607;62700000;CompteLib_0030;;;23F30;20230607;EcritureLib_0031;20240228;0,23;0,00;D;BQ/849;;
BQ;Banque BQ;BQ/849;20230607;51220000;CompteLib_0026;;;23F30;20230607;EcritureLib_0031;20240228;0,00;0,23;C;BQ/849;;
BQ;Banque BQ;BQ/850;20230607;51100000;CompteLib_0024;;;23F28;20230607;EcritureLib_0504;20240228;0,00;25,00;C;BQ/850;;
BQ;Banque BQ;BQ/850;20230607;51220000;CompteLib_0026;;;23F28;20230607;EcritureLib_0504;20240228;25,00;0,00;D;BQ/850;;
BQ;Banque BQ;BQ/851;20230607;51100000;CompteLib_0024;;;23F27;20230607;EcritureLib_0505;20240228;0,00;75,60;C;BQ/851;;
BQ;Banque BQ;BQ/851;20230607;51220000;CompteLib_0026;;;23F27;20230607;EcritureLib_0505;20240228;75,60;0,00;D;BQ/851;;
BQ;Banque BQ;BQ/852;20230607;60630000;CompteLib_0032;;;23F134;20230607;EcritureLib_0506;20240228;74,17;0,00;D;BQ/852;;
BQ;Banque BQ;BQ/852;20230607;44566100;CompteLib_0018;;;23F134;20230607;EcritureLib_0506;20240228;14,83;0,00;D;BQ/852;A;20240227
BQ;Banque BQ;BQ/852;20230607;51220000;CompteLib_0026;;;23F134;20230607;EcritureLib_0506;20240228;0,00;89,00;C;BQ/852;;
BQ;Banque BQ;BQ/853;20230608;51100000;CompteLib_0024;;;23F32;20230608;EcritureLib_0507;20240228;0,00;137,10;C;BQ/853;;
BQ;Banque BQ;BQ/853;20230608;51220000;CompteLib_0026;;;23F32;20230608;EcritureLib_0507;20240228;137,10;0,00;D;BQ/853;;
BQ;Banque BQ;BQ/854;20230608;51120000;CompteLib_0025;;;23F34;20230608;EcritureLib_0508;20240228;0,00;10,28;C;BQ/854;;
BQ;Banque BQ;BQ/854;20230608;51220000;CompteLib_0026;;;23F34;20230608;EcritureLib_0508;20240228;10,28;0,00;D;BQ/854;;
BQ;Banque BQ;BQ/855;20230608;62700000;CompteLib_0030;;;23F36;20230608;EcritureLib_0031;20240228;0,46;0,00;D;BQ/855;;
BQ;Banque BQ;BQ/855;20230608;51220000;CompteLib_0026;;;23F36;20230608;EcritureLib_0031;20240228;0,00;0,46;C;BQ/855;;
BQ;Banque BQ;BQ/856;20230608;62700000;CompteLib_0030;;;23F37;20230608;EcritureLib_0031;20240228;0,05;0,00;D;BQ/856;;
BQ;Banque BQ;BQ/856;20230608;51220000;CompteLib_0026;;;23F37;20230608;EcritureLib_0031;20240228;0,00;0,05;C;BQ/856;;
BQ;Banque BQ;BQ/857;20230608;51100000;CompteLib_0024;;;23F33;20230608;EcritureLib_0509;20240228;0,00;17,20;C;BQ/857;;
BQ;Banque BQ;BQ/857;20230608;51220000;CompteLib_0026;;;23F33;20230608;EcritureLib_0509;20240228;17,20;0,00;D;BQ/857;;
BQ;Banque BQ;BQ/858;20230608;60630000;CompteLib_0032;;;23F35;20230608;EcritureLib_0510;20240228;13,38;0,00;D;BQ/858;;
BQ;Banque BQ;BQ/858;20230608;44566100;CompteLib_0018;;;23F35;20230608;EcritureLib_0510;20240228;2,68;0,00;D;BQ/858;A;20240227
BQ;Banque BQ;BQ/858;20230608;51220000;CompteLib_0026;;;23F35;20230608;EcritureLib_0510;20240228;0,00;16,06;C;BQ/858;;
BQ;Banque BQ;BQ/859;20230609;51100000;CompteLib_0024;;;23F38;20230609;EcritureLib_0511;20240228;0,00;8,90;C;BQ/859;;
BQ;Banque BQ;BQ/859;20230609;51220000;CompteLib_0026;;;23F38;20230609;EcritureLib_0511;20240228;8,90;0,00;D;BQ/859;;
BQ;Banque BQ;BQ/860;20230609;62700000;CompteLib_0030;;;23F40;20230609;EcritureLib_0031;20240228;0,03;0,00;D;BQ/860;;
BQ;Banque BQ;BQ/860;20230609;51220000;CompteLib_0026;;;23F40;20230609;EcritureLib_0031;20240228;0,00;0,03;C;BQ/860;;
BQ;Banque BQ;BQ/861;20230609;62600000;CompteLib_0035;;;23F39;20230609;EcritureLib_0054;20240228;26,01;0,00;D;BQ/861;;
BQ;Banque BQ;BQ/861;20230609;44566100;CompteLib_0018;;;23F39;20230609;EcritureLib_0054;20240228;5,20;0,00;D;BQ/861;A;20240227
BQ;Banque BQ;BQ/861;20230609;51220000;CompteLib_0026;;;23F39;20230609;EcritureLib_0054;20240228;0,00;31,21;C;BQ/861;;
BQ;Banque BQ;BQ/862;20230612;62700000;CompteLib_0030;;;23F50;20230612;EcritureLib_0031;20240228;0,58;0,00;D;BQ/862;;
BQ;Banque BQ;BQ/862;20230612;51220000;CompteLib_0026;;;23F50;20230612;EcritureLib_0031;20240228;0,00;0,58;C;BQ/862;;
BQ;Banque BQ;BQ/863;20230612;62700000;CompteLib_0030;;;23F51;20230612;EcritureLib_0031;20240228;0,18;0,00;D;BQ/863;;
BQ;Banque BQ;BQ/863;20230612;51220000;CompteLib_0026;;;23F51;20230612;EcritureLib_0031;20240228;0,00;0,18;C;BQ/863;;
BQ;Banque BQ;BQ/864;20230612;62700000;CompteLib_0030;;;23F49;20230612;EcritureLib_0031;20240228;0,68;0,00;D;BQ/864;;
BQ;Banque BQ;BQ/864;20230612;51220000;CompteLib_0026;;;23F49;20230612;EcritureLib_0031;20240228;0,00;0,68;C;BQ/864;;
BQ;Banque BQ;BQ/865;20230612;62700000;CompteLib_0030;;;23F48;20230612;EcritureLib_0031;20240228;0,73;0,00;D;BQ/865;;
BQ;Banque BQ;BQ/865;20230612;51220000;CompteLib_0026;;;23F48;20230612;EcritureLib_0031;20240228;0,00;0,73;C;BQ/865;;
BQ;Banque BQ;BQ/866;20230612;60700000;CompteLib_0031;;;23F46;20230612;EcritureLib_0512;20240228;105,68;0,00;D;BQ/866;;
BQ;Banque BQ;BQ/866;20230612;44566100;CompteLib_0018;;;23F46;20230612;EcritureLib_0512;20240228;5,81;0,00;D;BQ/866;A;20240227
BQ;Banque BQ;BQ/866;20230612;51220000;CompteLib_0026;;;23F46;20230612;EcritureLib_0512;20240228;0,00;111,49;C;BQ/866;;
BQ;Banque BQ;BQ/867;20230612;51100000;CompteLib_0024;;;23F44;20230612;EcritureLib_0513;20240228;0,00;54,50;C;BQ/867;;
BQ;Banque BQ;BQ/867;20230612;51220000;CompteLib_0026;;;23F44;20230612;EcritureLib_0513;20240228;54,50;0,00;D;BQ/867;;
BQ;Banque BQ;BQ/868;20230612;51100000;CompteLib_0024;;;23F43;20230612;EcritureLib_0514;20240228;0,00;168,10;C;BQ/868;;
BQ;Banque BQ;BQ/868;20230612;51220000;CompteLib_0026;;;23F43;20230612;EcritureLib_0514;20240228;168,10;0,00;D;BQ/868;;
BQ;Banque BQ;BQ/869;20230612;51100000;CompteLib_0024;;;23F42;20230612;EcritureLib_0515;20240228;0,00;210,40;C;BQ/869;;
BQ;Banque BQ;BQ/869;20230612;51220000;CompteLib_0026;;;23F42;20230612;EcritureLib_0515;20240228;210,40;0,00;D;BQ/869;;
BQ;Banque BQ;BQ/870;20230612;51100000;CompteLib_0024;;;23F41;20230612;EcritureLib_0516;20240228;0,00;220,80;C;BQ/870;;
BQ;Banque BQ;BQ/870;20230612;51220000;CompteLib_0026;;;23F41;20230612;EcritureLib_0516;20240228;220,80;0,00;D;BQ/870;;
BQ;Banque BQ;BQ/871;20230612;60700000;CompteLib_0031;;;23F47;20230612;EcritureLib_0057;20240228;68,16;0,00;D;BQ/871;;
BQ;Banque BQ;BQ/871;20230612;44566100;CompteLib_0018;;;23F47;20230612;EcritureLib_0057;20240228;3,75;0,00;D;BQ/871;A;20240227
BQ;Banque BQ;BQ/871;20230612;51220000;CompteLib_0026;;;23F47;20230612;EcritureLib_0057;20240228;0,00;71,91;C;BQ/871;;
BQ;Banque BQ;BQ/872;20230612;60700000;CompteLib_0031;;;23F45;20230612;EcritureLib_0517;20240228;168,60;0,00;D;BQ/872;;
BQ;Banque BQ;BQ/872;20230612;44566100;CompteLib_0018;;;23F45;20230612;EcritureLib_0517;20240228;33,72;0,00;D;BQ/872;A;20240227
BQ;Banque BQ;BQ/872;20230612;51220000;CompteLib_0026;;;23F45;20230612;EcritureLib_0517;20240228;0,00;168,60;C;BQ/872;;
BQ;Banque BQ;BQ/872;20230612;44520000;CompteLib_0047;;;23F45;20230612;EcritureLib_0517;20240228;0,00;33,72;C;BQ/872;A;20240227
BQ;Banque BQ;BQ/873;20230613;62700000;CompteLib_0030;;;23F58;20230613;EcritureLib_0031;20240228;0,29;0,00;D;BQ/873;;
BQ;Banque BQ;BQ/873;20230613;51220000;CompteLib_0026;;;23F58;20230613;EcritureLib_0031;20240228;0,00;0,29;C;BQ/873;;
BQ;Banque BQ;BQ/874;20230613;51100000;CompteLib_0024;;;23F53;20230613;EcritureLib_0518;20240228;0,00;91,60;C;BQ/874;;
BQ;Banque BQ;BQ/874;20230613;51220000;CompteLib_0026;;;23F53;20230613;EcritureLib_0518;20240228;91,60;0,00;D;BQ/874;;
BQ;Banque BQ;BQ/875;20230613;51120000;CompteLib_0025;;;23F56;20230613;EcritureLib_0519;20240228;0,00;16,87;C;BQ/875;;
BQ;Banque BQ;BQ/875;20230613;51220000;CompteLib_0026;;;23F56;20230613;EcritureLib_0519;20240228;16,87;0,00;D;BQ/875;;
BQ;Banque BQ;BQ/876;20230613;62700000;CompteLib_0030;;;23F57;20230613;EcritureLib_0031;20240228;0,75;0,00;D;BQ/876;;
BQ;Banque BQ;BQ/876;20230613;51220000;CompteLib_0026;;;23F57;20230613;EcritureLib_0031;20240228;0,00;0,75;C;BQ/876;;
BQ;Banque BQ;BQ/877;20230613;60700000;CompteLib_0031;;;23F135;20230613;EcritureLib_0520;20240228;0,00;59,53;C;BQ/877;;
BQ;Banque BQ;BQ/877;20230613;44566100;CompteLib_0018;;;23F135;20230613;EcritureLib_0520;20240228;0,00;3,27;C;BQ/877;A;20240227
BQ;Banque BQ;BQ/877;20230613;51220000;CompteLib_0026;;;23F135;20230613;EcritureLib_0520;20240228;62,80;0,00;D;BQ/877;;
BQ;Banque BQ;BQ/878;20230613;51120000;CompteLib_0025;;;23F55;20230613;EcritureLib_0096;20240228;0,00;48,17;C;BQ/878;;
BQ;Banque BQ;BQ/878;20230613;51220000;CompteLib_0026;;;23F55;20230613;EcritureLib_0096;20240228;48,17;0,00;D;BQ/878;;
BQ;Banque BQ;BQ/879;20230613;51120000;CompteLib_0025;;;23F52;20230613;EcritureLib_0521;20240228;0,00;139,77;C;BQ/879;;
BQ;Banque BQ;BQ/879;20230613;51220000;CompteLib_0026;;;23F52;20230613;EcritureLib_0521;20240228;139,77;0,00;D;BQ/879;;
BQ;Banque BQ;BQ/880;20230614;51100000;CompteLib_0024;;;23F60;20230614;EcritureLib_0522;20240228;0,00;13,50;C;BQ/880;;
BQ;Banque BQ;BQ/880;20230614;51220000;CompteLib_0026;;;23F60;20230614;EcritureLib_0522;20240228;13,50;0,00;D;BQ/880;;
BQ;Banque BQ;BQ/881;20230614;51100000;CompteLib_0024;;;23F59;20230614;EcritureLib_0523;20240228;0,00;95,30;C;BQ/881;;
BQ;Banque BQ;BQ/881;20230614;51220000;CompteLib_0026;;;23F59;20230614;EcritureLib_0523;20240228;95,30;0,00;D;BQ/881;;
BQ;Banque BQ;BQ/882;20230614;62700000;CompteLib_0030;;;23F62;20230614;EcritureLib_0031;20240228;0,04;0,00;D;BQ/882;;
BQ;Banque BQ;BQ/882;20230614;51220000;CompteLib_0026;;;23F62;20230614;EcritureLib_0031;20240228;0,00;0,04;C;BQ/882;;
BQ;Banque BQ;BQ/883;20230614;62700000;CompteLib_0030;;;23F61;20230614;EcritureLib_0031;20240228;0,29;0,00;D;BQ/883;;
BQ;Banque BQ;BQ/883;20230614;51220000;CompteLib_0026;;;23F61;20230614;EcritureLib_0031;20240228;0,00;0,29;C;BQ/883;;
BQ;Banque BQ;BQ/884;20230615;51120000;CompteLib_0025;;;23F64;20230615;EcritureLib_0524;20240228;0,00;18,50;C;BQ/884;;
BQ;Banque BQ;BQ/884;20230615;51220000;CompteLib_0026;;;23F64;20230615;EcritureLib_0524;20240228;18,50;0,00;D;BQ/884;;
BQ;Banque BQ;BQ/885;20230615;51100000;CompteLib_0024;;;23F63;20230615;EcritureLib_0525;20240228;0,00;183,70;C;BQ/885;;
BQ;Banque BQ;BQ/885;20230615;51220000;CompteLib_0026;;;23F63;20230615;EcritureLib_0525;20240228;183,70;0,00;D;BQ/885;;
BQ;Banque BQ;BQ/886;20230615;62700000;CompteLib_0030;;;23F65;20230615;EcritureLib_0031;20240228;0,61;0,00;D;BQ/886;;
BQ;Banque BQ;BQ/886;20230615;51220000;CompteLib_0026;;;23F65;20230615;EcritureLib_0031;20240228;0,00;0,61;C;BQ/886;;
BQ;Banque BQ;BQ/887;20230616;51100000;CompteLib_0024;;;23F66;20230616;EcritureLib_0526;20240228;0,00;117,37;C;BQ/887;;
BQ;Banque BQ;BQ/887;20230616;51220000;CompteLib_0026;;;23F66;20230616;EcritureLib_0526;20240228;117,37;0,00;D;BQ/887;;
BQ;Banque BQ;BQ/888;20230616;43100000;CompteLib_0046;;;23F68;20230616;EcritureLib_0406;20240228;98,00;0,00;D;BQ/888;A;20231206
BQ;Banque BQ;BQ/888;20230616;51220000;CompteLib_0026;;;23F68;20230616;EcritureLib_0406;20240228;0,00;98,00;C;BQ/888;;
BQ;Banque BQ;BQ/889;20230616;51120000;CompteLib_0025;;;23F67;20230616;EcritureLib_0527;20240228;0,00;31,42;C;BQ/889;;
BQ;Banque BQ;BQ/889;20230616;51220000;CompteLib_0026;;;23F67;20230616;EcritureLib_0527;20240228;31,42;0,00;D;BQ/889;;
BQ;Banque BQ;BQ/890;20230616;60700000;CompteLib_0031;;;23F69;20230616;EcritureLib_0528;20240228;64,71;0,00;D;BQ/890;;
BQ;Banque BQ;BQ/890;20230616;44566100;CompteLib_0018;;;23F69;20230616;EcritureLib_0528;20240228;3,56;0,00;D;BQ/890;A;20240227
BQ;Banque BQ;BQ/890;20230616;51220000;CompteLib_0026;;;23F69;20230616;EcritureLib_0528;20240228;0,00;68,27;C;BQ/890;;
BQ;Banque BQ;BQ/891;20230616;62700000;CompteLib_0030;;;23F70;20230616;EcritureLib_0031;20240228;0,35;0,00;D;BQ/891;;
BQ;Banque BQ;BQ/891;20230616;51220000;CompteLib_0026;;;23F70;20230616;EcritureLib_0031;20240228;0,00;0,35;C;BQ/891;;
BQ;Banque BQ;BQ/892;20230619;60700000;CompteLib_0031;;;23F136;20230619;EcritureLib_0529;20240228;20,34;0,00;D;BQ/892;;
BQ;Banque BQ;BQ/892;20230619;44566100;CompteLib_0018;;;23F136;20230619;EcritureLib_0529;20240228;1,12;0,00;D;BQ/892;A;20240227
BQ;Banque BQ;BQ/892;20230619;51220000;CompteLib_0026;;;23F136;20230619;EcritureLib_0529;20240228;0,00;21,46;C;BQ/892;;
BQ;Banque BQ;BQ/892;20230619;60630000;CompteLib_0032;;;23F136;20230619;EcritureLib_0529;20240228;2,08;0,00;D;BQ/892;;
BQ;Banque BQ;BQ/892;20230619;44566100;CompteLib_0018;;;23F136;20230619;EcritureLib_0529;20240228;0,42;0,00;D;BQ/892;A;20240227
BQ;Banque BQ;BQ/892;20230619;51220000;CompteLib_0026;;;23F136;20230619;EcritureLib_0529;20240228;0,00;2,50;C;BQ/892;;
BQ;Banque BQ;BQ/893;20230619;60610000;CompteLib_0038;;;23F74;20230619;EcritureLib_0072;20240228;48,03;0,00;D;BQ/893;;
BQ;Banque BQ;BQ/893;20230619;44566100;CompteLib_0018;;;23F74;20230619;EcritureLib_0072;20240228;6,27;0,00;D;BQ/893;A;20240227
BQ;Banque BQ;BQ/893;20230619;51220000;CompteLib_0026;;;23F74;20230619;EcritureLib_0072;20240228;0,00;54,30;C;BQ/893;;
BQ;Banque BQ;BQ/894;20230619;51100000;CompteLib_0024;;;23F72;20230619;EcritureLib_0530;20240228;0,00;66,90;C;BQ/894;;
BQ;Banque BQ;BQ/894;20230619;51220000;CompteLib_0026;;;23F72;20230619;EcritureLib_0530;20240228;66,90;0,00;D;BQ/894;;
BQ;Banque BQ;BQ/895;20230619;62700000;CompteLib_0030;;;23F76;20230619;EcritureLib_0031;20240228;0,54;0,00;D;BQ/895;;
BQ;Banque BQ;BQ/895;20230619;51220000;CompteLib_0026;;;23F76;20230619;EcritureLib_0031;20240228;0,00;0,54;C;BQ/895;;
BQ;Banque BQ;BQ/896;20230619;62700000;CompteLib_0030;;;23F77;20230619;EcritureLib_0031;20240228;0,23;0,00;D;BQ/896;;
BQ;Banque BQ;BQ/896;20230619;51220000;CompteLib_0026;;;23F77;20230619;EcritureLib_0031;20240228;0,00;0,23;C;BQ/896;;
BQ;Banque BQ;BQ/897;20230619;60700000;CompteLib_0031;;;23F73;20230619;EcritureLib_0531;20240228;100,68;0,00;D;BQ/897;;
BQ;Banque BQ;BQ/897;20230619;44566100;CompteLib_0018;;;23F73;20230619;EcritureLib_0531;20240228;5,54;0,00;D;BQ/897;A;20240227
BQ;Banque BQ;BQ/897;20230619;51220000;CompteLib_0026;;;23F73;20230619;EcritureLib_0531;20240228;0,00;106,22;C;BQ/897;;
BQ;Banque BQ;BQ/898;20230619;51100000;CompteLib_0024;;;23F71;20230619;EcritureLib_0532;20240228;0,00;162,40;C;BQ/898;;
BQ;Banque BQ;BQ/898;20230619;51220000;CompteLib_0026;;;23F71;20230619;EcritureLib_0532;20240228;162,40;0,00;D;BQ/898;;
BQ;Banque BQ;BQ/899;20230620;61350000;CompteLib_0036;;;23F137;20230620;EcritureLib_0086;20240228;67,14;0,00;D;BQ/899;;
BQ;Banque BQ;BQ/899;20230620;44566100;CompteLib_0018;;;23F137;20230620;EcritureLib_0086;20240228;12,80;0,00;D;BQ/899;A;20240227
BQ;Banque BQ;BQ/899;20230620;51220000;CompteLib_0026;;;23F137;20230620;EcritureLib_0086;20240228;0,00;79,94;C;BQ/899;;
BQ;Banque BQ;BQ/900;20230620;62700000;CompteLib_0030;;;23F82;20230620;EcritureLib_0031;20240228;0,43;0,00;D;BQ/900;;
BQ;Banque BQ;BQ/900;20230620;51220000;CompteLib_0026;;;23F82;20230620;EcritureLib_0031;20240228;0,00;0,43;C;BQ/900;;
BQ;Banque BQ;BQ/901;20230620;51100000;CompteLib_0024;;;23F78;20230620;EcritureLib_0533;20240228;0,00;132,10;C;BQ/901;;
BQ;Banque BQ;BQ/901;20230620;51220000;CompteLib_0026;;;23F78;20230620;EcritureLib_0533;20240228;132,10;0,00;D;BQ/901;;
BQ;Banque BQ;BQ/902;20230620;51120000;CompteLib_0025;;;23F79;20230620;EcritureLib_0096;20240228;0,00;23,70;C;BQ/902;;
BQ;Banque BQ;BQ/902;20230620;51220000;CompteLib_0026;;;23F79;20230620;EcritureLib_0096;20240228;23,70;0,00;D;BQ/902;;
BQ;Banque BQ;BQ/903;20230620;60700000;CompteLib_0031;;;23F81;20230620;EcritureLib_0534;20240228;32,39;0,00;D;BQ/903;;
BQ;Banque BQ;BQ/903;20230620;44566100;CompteLib_0018;;;23F81;20230620;EcritureLib_0534;20240228;1,78;0,00;D;BQ/903;A;20240227
BQ;Banque BQ;BQ/903;20230620;51220000;CompteLib_0026;;;23F81;20230620;EcritureLib_0534;20240228;0,00;34,17;C;BQ/903;;
BQ;Banque BQ;BQ/904;20230621;51100000;CompteLib_0024;;;23F83;20230621;EcritureLib_0535;20240228;0,00;88,10;C;BQ/904;;
BQ;Banque BQ;BQ/904;20230621;51220000;CompteLib_0026;;;23F83;20230621;EcritureLib_0535;20240228;88,10;0,00;D;BQ/904;;
BQ;Banque BQ;BQ/905;20230621;60700000;CompteLib_0031;;;23F84;20230621;EcritureLib_0536;20240228;54,62;0,00;D;BQ/905;;
BQ;Banque BQ;BQ/905;20230621;44566100;CompteLib_0018;;;23F84;20230621;EcritureLib_0536;20240228;3,00;0,00;D;BQ/905;A;20240227
BQ;Banque BQ;BQ/905;20230621;51220000;CompteLib_0026;;;23F84;20230621;EcritureLib_0536;20240228;0,00;57,62;C;BQ/905;;
BQ;Banque BQ;BQ/906;20230621;62700000;CompteLib_0030;;;23F85;20230621;EcritureLib_0031;20240228;0,28;0,00;D;BQ/906;;
BQ;Banque BQ;BQ/906;20230621;51220000;CompteLib_0026;;;23F85;20230621;EcritureLib_0031;20240228;0,00;0,28;C;BQ/906;;
BQ;Banque BQ;BQ/907;20230622;60700000;CompteLib_0031;;;23F91;20230622;EcritureLib_0537;20240228;29,67;0,00;D;BQ/907;;
BQ;Banque BQ;BQ/907;20230622;44566100;CompteLib_0018;;;23F91;20230622;EcritureLib_0537;20240228;1,63;0,00;D;BQ/907;A;20240227
BQ;Banque BQ;BQ/907;20230622;51220000;CompteLib_0026;;;23F91;20230622;EcritureLib_0537;20240228;0,00;31,30;C;BQ/907;;
BQ;Banque BQ;BQ/908;20230622;60700000;CompteLib_0031;;;23F138;20230622;EcritureLib_0538;20240228;40,13;0,00;D;BQ/908;;
BQ;Banque BQ;BQ/908;20230622;44566100;CompteLib_0018;;;23F138;20230622;EcritureLib_0538;20240228;2,21;0,00;D;BQ/908;A;20240227
BQ;Banque BQ;BQ/908;20230622;51220000;CompteLib_0026;;;23F138;20230622;EcritureLib_0538;20240228;0,00;42,34;C;BQ/908;;
BQ;Banque BQ;BQ/908;20230622;60630000;CompteLib_0032;;;23F138;20230622;EcritureLib_0538;20240228;1,80;0,00;D;BQ/908;;
BQ;Banque BQ;BQ/908;20230622;44566100;CompteLib_0018;;;23F138;20230622;EcritureLib_0538;20240228;0,36;0,00;D;BQ/908;A;20240227
BQ;Banque BQ;BQ/908;20230622;51220000;CompteLib_0026;;;23F138;20230622;EcritureLib_0538;20240228;0,00;2,16;C;BQ/908;;
BQ;Banque BQ;BQ/909;20230622;61321000;CompteLib_0040;;;23F89;20230622;EcritureLib_0085;20240228;2270,00;0,00;D;BQ/909;;
BQ;Banque BQ;BQ/909;20230622;51220000;CompteLib_0026;;;23F89;20230622;EcritureLib_0085;20240228;0,00;2270,00;C;BQ/909;;
BQ;Banque BQ;BQ/909;20230622;61400000;CompteLib_0041;;;23F89;20230622;EcritureLib_0085;20240228;120,00;0,00;D;BQ/909;;
BQ;Banque BQ;BQ/909;20230622;51220000;CompteLib_0026;;;23F89;20230622;EcritureLib_0085;20240228;0,00;120,00;C;BQ/909;;
BQ;Banque BQ;BQ/910;20230622;62700000;CompteLib_0030;;;23F93;20230622;EcritureLib_0031;20240228;0,21;0,00;D;BQ/910;;
BQ;Banque BQ;BQ/910;20230622;51220000;CompteLib_0026;;;23F93;20230622;EcritureLib_0031;20240228;0,00;0,21;C;BQ/910;;
BQ;Banque BQ;BQ/911;20230622;51120000;CompteLib_0025;;;23F88;20230622;EcritureLib_0539;20240228;0,00;9,99;C;BQ/911;;
BQ;Banque BQ;BQ/911;20230622;51220000;CompteLib_0026;;;23F88;20230622;EcritureLib_0539;20240228;9,99;0,00;D;BQ/911;;
BQ;Banque BQ;BQ/912;20230622;51100000;CompteLib_0024;;;23F87;20230622;EcritureLib_0540;20240228;0,00;64,80;C;BQ/912;;
BQ;Banque BQ;BQ/912;20230622;51220000;CompteLib_0026;;;23F87;20230622;EcritureLib_0540;20240228;64,80;0,00;D;BQ/912;;
BQ;Banque BQ;BQ/913;20230622;62700000;CompteLib_0030;;;23F92;20230622;EcritureLib_0031;20240228;0,25;0,00;D;BQ/913;;
BQ;Banque BQ;BQ/913;20230622;51220000;CompteLib_0026;;;23F92;20230622;EcritureLib_0031;20240228;0,00;0,25;C;BQ/913;;
BQ;Banque BQ;BQ/914;20230622;51100000;CompteLib_0024;;;23F86;20230622;EcritureLib_0541;20240228;0,00;72,00;C;BQ/914;;
BQ;Banque BQ;BQ/914;20230622;51220000;CompteLib_0026;;;23F86;20230622;EcritureLib_0541;20240228;72,00;0,00;D;BQ/914;;
BQ;Banque BQ;BQ/915;20230623;51120000;CompteLib_0025;;;23F96;20230623;EcritureLib_0542;20240228;0,00;13,78;C;BQ/915;;
BQ;Banque BQ;BQ/915;20230623;51220000;CompteLib_0026;;;23F96;20230623;EcritureLib_0542;20240228;13,78;0,00;D;BQ/915;;
BQ;Banque BQ;BQ/916;20230623;51120000;CompteLib_0025;;;23F95;20230623;EcritureLib_0543;20240228;0,00;107,74;C;BQ/916;;
BQ;Banque BQ;BQ/916;20230623;51220000;CompteLib_0026;;;23F95;20230623;EcritureLib_0543;20240228;107,74;0,00;D;BQ/916;;
BQ;Banque BQ;BQ/917;20230623;51100000;CompteLib_0024;;;23F94;20230623;EcritureLib_0544;20240228;0,00;146,90;C;BQ/917;;
BQ;Banque BQ;BQ/917;20230623;51220000;CompteLib_0026;;;23F94;20230623;EcritureLib_0544;20240228;146,90;0,00;D;BQ/917;;
BQ;Banque BQ;BQ/918;20230623;62700000;CompteLib_0030;;;23F97;20230623;EcritureLib_0031;20240228;0,67;0,00;D;BQ/918;;
BQ;Banque BQ;BQ/918;20230623;51220000;CompteLib_0026;;;23F97;20230623;EcritureLib_0031;20240228;0,00;0,67;C;BQ/918;;
BQ;Banque BQ;BQ/919;20230626;51100000;CompteLib_0024;;;23F99;20230626;EcritureLib_0545;20240228;0,00;75,90;C;BQ/919;;
BQ;Banque BQ;BQ/919;20230626;51220000;CompteLib_0026;;;23F99;20230626;EcritureLib_0545;20240228;75,90;0,00;D;BQ/919;;
BQ;Banque BQ;BQ/920;20230626;62700000;CompteLib_0030;;;23F102;20230626;EcritureLib_0031;20240228;0,84;0,00;D;BQ/920;;
BQ;Banque BQ;BQ/920;20230626;51220000;CompteLib_0026;;;23F102;20230626;EcritureLib_0031;20240228;0,00;0,84;C;BQ/920;;
BQ;Banque BQ;BQ/921;20230626;51100000;CompteLib_0024;;;23F100;20230626;EcritureLib_0546;20240228;0,00;56,00;C;BQ/921;;
BQ;Banque BQ;BQ/921;20230626;51220000;CompteLib_0026;;;23F100;20230626;EcritureLib_0546;20240228;56,00;0,00;D;BQ/921;;
BQ;Banque BQ;BQ/922;20230626;51100000;CompteLib_0024;;;23F98;20230626;EcritureLib_0547;20240228;0,00;269,30;C;BQ/922;;
BQ;Banque BQ;BQ/922;20230626;51220000;CompteLib_0026;;;23F98;20230626;EcritureLib_0547;20240228;269,30;0,00;D;BQ/922;;
BQ;Banque BQ;BQ/923;20230626;62700000;CompteLib_0030;;;23F104;20230626;EcritureLib_0031;20240228;0,20;0,00;D;BQ/923;;
BQ;Banque BQ;BQ/923;20230626;51220000;CompteLib_0026;;;23F104;20230626;EcritureLib_0031;20240228;0,00;0,20;C;BQ/923;;
BQ;Banque BQ;BQ/924;20230626;43703000;CompteLib_0015;;;23F101;20230626;EcritureLib_0413;20240228;19,98;0,00;D;BQ/924;A;20231206
BQ;Banque BQ;BQ/924;20230626;51220000;CompteLib_0026;;;23F101;20230626;EcritureLib_0413;20240228;0,00;19,98;C;BQ/924;;
BQ;Banque BQ;BQ/925;20230626;62700000;CompteLib_0030;;;23F103;20230626;EcritureLib_0031;20240228;0,25;0,00;D;BQ/925;;
BQ;Banque BQ;BQ/925;20230626;51220000;CompteLib_0026;;;23F103;20230626;EcritureLib_0031;20240228;0,00;0,25;C;BQ/925;;
BQ;Banque BQ;BQ/926;20230627;62260000;CompteLib_0039;;;23F108;20230627;EcritureLib_0082;20240228;149,00;0,00;D;BQ/926;;
BQ;Banque BQ;BQ/926;20230627;44566100;CompteLib_0018;;;23F108;20230627;EcritureLib_0082;20240228;29,80;0,00;D;BQ/926;A;20240227
BQ;Banque BQ;BQ/926;20230627;51220000;CompteLib_0026;;;23F108;20230627;EcritureLib_0082;20240228;0,00;178,80;C;BQ/926;;
BQ;Banque BQ;BQ/927;20230627;60700000;CompteLib_0031;;;23F110;20230627;EcritureLib_0548;20240228;18,44;0,00;D;BQ/927;;
BQ;Banque BQ;BQ/927;20230627;44566100;CompteLib_0018;;;23F110;20230627;EcritureLib_0548;20240228;1,01;0,00;D;BQ/927;A;20240227
BQ;Banque BQ;BQ/927;20230627;51220000;CompteLib_0026;;;23F110;20230627;EcritureLib_0548;20240228;0,00;19,45;C;BQ/927;;
BQ;Banque BQ;BQ/928;20230627;62700000;CompteLib_0030;;;23F114;20230627;EcritureLib_0099;20240228;5,33;0,00;D;BQ/928;;
BQ;Banque BQ;BQ/928;20230627;51220000;CompteLib_0026;;;23F114;20230627;EcritureLib_0099;20240228;0,00;5,33;C;BQ/928;;
BQ;Banque BQ;BQ/929;20230627;62700000;CompteLib_0030;;;23F113;20230627;EcritureLib_0098;20240228;5,33;0,00;D;BQ/929;;
BQ;Banque BQ;BQ/929;20230627;51220000;CompteLib_0026;;;23F113;20230627;EcritureLib_0098;20240228;0,00;5,33;C;BQ/929;;
BQ;Banque BQ;BQ/930;20230627;62700000;CompteLib_0030;;;23F112;20230627;EcritureLib_0031;20240228;0,01;0,00;D;BQ/930;;
BQ;Banque BQ;BQ/930;20230627;51220000;CompteLib_0026;;;23F112;20230627;EcritureLib_0031;20240228;0,00;0,01;C;BQ/930;;
BQ;Banque BQ;BQ/931;20230627;51100000;CompteLib_0024;;;23F107;20230627;EcritureLib_0549;20240228;0,00;2,00;C;BQ/931;;
BQ;Banque BQ;BQ/931;20230627;51220000;CompteLib_0026;;;23F107;20230627;EcritureLib_0549;20240228;2,00;0,00;D;BQ/931;;
BQ;Banque BQ;BQ/932;20230627;51120000;CompteLib_0025;;;23F106;20230627;EcritureLib_0096;20240228;0,00;57,12;C;BQ/932;;
BQ;Banque BQ;BQ/932;20230627;51220000;CompteLib_0026;;;23F106;20230627;EcritureLib_0096;20240228;57,12;0,00;D;BQ/932;;
BQ;Banque BQ;BQ/933;20230627;51100000;CompteLib_0024;;;23F105;20230627;EcritureLib_0550;20240228;0,00;69,20;C;BQ/933;;
BQ;Banque BQ;BQ/933;20230627;51220000;CompteLib_0026;;;23F105;20230627;EcritureLib_0550;20240228;69,20;0,00;D;BQ/933;;
BQ;Banque BQ;BQ/934;20230627;62700000;CompteLib_0030;;;23F111;20230627;EcritureLib_0031;20240228;0,21;0,00;D;BQ/934;;
BQ;Banque BQ;BQ/934;20230627;51220000;CompteLib_0026;;;23F111;20230627;EcritureLib_0031;20240228;0,00;0,21;C;BQ/934;;
BQ;Banque BQ;BQ/935;20230627;62261000;CompteLib_0039;;;23F109;20230627;EcritureLib_0082;20240228;39,00;0,00;D;BQ/935;;
BQ;Banque BQ;BQ/935;20230627;44566100;CompteLib_0018;;;23F109;20230627;EcritureLib_0082;20240228;7,80;0,00;D;BQ/935;A;20240227
BQ;Banque BQ;BQ/935;20230627;51220000;CompteLib_0026;;;23F109;20230627;EcritureLib_0082;20240228;0,00;46,80;C;BQ/935;;
BQ;Banque BQ;BQ/936;20230628;62700000;CompteLib_0030;;;23F118;20230628;EcritureLib_0031;20240228;0,42;0,00;D;BQ/936;;
BQ;Banque BQ;BQ/936;20230628;51220000;CompteLib_0026;;;23F118;20230628;EcritureLib_0031;20240228;0,00;0,42;C;BQ/936;;
BQ;Banque BQ;BQ/937;20230628;51100000;CompteLib_0024;;;23F115;20230628;EcritureLib_0551;20240228;0,00;130,80;C;BQ/937;;
BQ;Banque BQ;BQ/937;20230628;51220000;CompteLib_0026;;;23F115;20230628;EcritureLib_0551;20240228;130,80;0,00;D;BQ/937;;
BQ;Banque BQ;BQ/938;20230628;51100000;CompteLib_0024;;;23F116;20230628;EcritureLib_0552;20240228;0,00;17,40;C;BQ/938;;
BQ;Banque BQ;BQ/938;20230628;51220000;CompteLib_0026;;;23F116;20230628;EcritureLib_0552;20240228;17,40;0,00;D;BQ/938;;
BQ;Banque BQ;BQ/939;20230628;62700000;CompteLib_0030;;;23F119;20230628;EcritureLib_0031;20240228;0,05;0,00;D;BQ/939;;
BQ;Banque BQ;BQ/939;20230628;51220000;CompteLib_0026;;;23F119;20230628;EcritureLib_0031;20240228;0,00;0,05;C;BQ/939;;
BQ;Banque BQ;BQ/940;20230628;62600000;CompteLib_0035;;;23F117;20230628;EcritureLib_0103;20240228;30,82;0,00;D;BQ/940;;
BQ;Banque BQ;BQ/940;20230628;44566100;CompteLib_0018;;;23F117;20230628;EcritureLib_0103;20240228;6,16;0,00;D;BQ/940;A;20240227
BQ;Banque BQ;BQ/940;20230628;51220000;CompteLib_0026;;;23F117;20230628;EcritureLib_0103;20240228;0,00;36,98;C;BQ/940;;
BQ;Banque BQ;BQ/941;20230629;62700000;CompteLib_0030;;;23F123;20230629;EcritureLib_0101;20240228;18,50;0,00;D;BQ/941;;
BQ;Banque BQ;BQ/941;20230629;51220000;CompteLib_0026;;;23F123;20230629;EcritureLib_0101;20240228;0,00;18,50;C;BQ/941;;
BQ;Banque BQ;BQ/942;20230629;62700000;CompteLib_0030;;;23F121;20230629;EcritureLib_0031;20240228;0,10;0,00;D;BQ/942;;
BQ;Banque BQ;BQ/942;20230629;51220000;CompteLib_0026;;;23F121;20230629;EcritureLib_0031;20240228;0,00;0,10;C;BQ/942;;
BQ;Banque BQ;BQ/943;20230629;51100000;CompteLib_0024;;;23F120;20230629;EcritureLib_0553;20240228;0,00;32,40;C;BQ/943;;
BQ;Banque BQ;BQ/943;20230629;51220000;CompteLib_0026;;;23F120;20230629;EcritureLib_0553;20240228;32,40;0,00;D;BQ/943;;
BQ;Banque BQ;BQ/944;20230629;62700000;CompteLib_0030;;;23F122;20230629;EcritureLib_0102;20240228;0,00;0,63;C;BQ/944;;
BQ;Banque BQ;BQ/944;20230629;51220000;CompteLib_0026;;;23F122;20230629;EcritureLib_0102;20240228;0,63;0,00;D;BQ/944;;
BQ;Banque BQ;BQ/945;20230630;60700000;CompteLib_0031;;;23F129;20230630;EcritureLib_0057;20240228;16,80;0,00;D;BQ/945;;
BQ;Banque BQ;BQ/945;20230630;44566100;CompteLib_0018;;;23F129;20230630;EcritureLib_0057;20240228;0,92;0,00;D;BQ/945;A;20240227
BQ;Banque BQ;BQ/945;20230630;51220000;CompteLib_0026;;;23F129;20230630;EcritureLib_0057;20240228;0,00;17,72;C;BQ/945;;
BQ;Banque BQ;BQ/946;20230630;51120000;CompteLib_0025;;;23F127;20230630;EcritureLib_0554;20240228;0,00;23,78;C;BQ/946;;
BQ;Banque BQ;BQ/946;20230630;51220000;CompteLib_0026;;;23F127;20230630;EcritureLib_0554;20240228;23,78;0,00;D;BQ/946;;
BQ;Banque BQ;BQ/947;20230630;62700000;CompteLib_0030;;;23F131;20230630;EcritureLib_0031;20240228;0,31;0,00;D;BQ/947;;
BQ;Banque BQ;BQ/947;20230630;51220000;CompteLib_0026;;;23F131;20230630;EcritureLib_0031;20240228;0,00;0,31;C;BQ/947;;
BQ;Banque BQ;BQ/948;20230630;51100000;CompteLib_0024;;;23F125;20230630;EcritureLib_0555;20240228;0,00;94,80;C;BQ/948;;
BQ;Banque BQ;BQ/948;20230630;51220000;CompteLib_0026;;;23F125;20230630;EcritureLib_0555;20240228;94,80;0,00;D;BQ/948;;
BQ;Banque BQ;BQ/949;20230630;51120000;CompteLib_0025;;;23F126;20230630;EcritureLib_0556;20240228;0,00;23,80;C;BQ/949;;
BQ;Banque BQ;BQ/949;20230630;51220000;CompteLib_0026;;;23F126;20230630;EcritureLib_0556;20240228;23,80;0,00;D;BQ/949;;
BQ;Banque BQ;BQ/950;20230630;62700000;CompteLib_0030;;;23F130;20230630;EcritureLib_0031;20240228;0,79;0,00;D;BQ/950;;
BQ;Banque BQ;BQ/950;20230630;51220000;CompteLib_0026;;;23F130;20230630;EcritureLib_0031;20240228;0,00;0,79;C;BQ/950;;
BQ;Banque BQ;BQ/951;20230630;51100000;CompteLib_0024;;;23F124;20230630;EcritureLib_0557;20240228;0,00;249,80;C;BQ/951;;
BQ;Banque BQ;BQ/951;20230630;51220000;CompteLib_0026;;;23F124;20230630;EcritureLib_0557;20240228;249,80;0,00;D;BQ/951;;
BQ;Banque BQ;BQ/952;20230630;60700000;CompteLib_0031;;;23F128;20230630;EcritureLib_0558;20240228;79,40;0,00;D;BQ/952;;
BQ;Banque BQ;BQ/952;20230630;44566100;CompteLib_0018;;;23F128;20230630;EcritureLib_0558;20240228;4,37;0,00;D;BQ/952;A;20240227
BQ;Banque BQ;BQ/952;20230630;51220000;CompteLib_0026;;;23F128;20230630;EcritureLib_0558;20240228;0,00;83,77;C;BQ/952;;
BQ;Banque BQ;BQ/953;20230703;60700000;CompteLib_0031;;;23G8;20230703;EcritureLib_0559;20240228;21,38;0,00;D;BQ/953;;
BQ;Banque BQ;BQ/953;20230703;44566100;CompteLib_0018;;;23G8;20230703;EcritureLib_0559;20240228;1,18;0,00;D;BQ/953;A;20240227
BQ;Banque BQ;BQ/953;20230703;51220000;CompteLib_0026;;;23G8;20230703;EcritureLib_0559;20240228;0,00;22,56;C;BQ/953;;
BQ;Banque BQ;BQ/954;20230703;51100000;CompteLib_0024;;;23G1;20230703;EcritureLib_0560;20240228;0,00;312,10;C;BQ/954;;
BQ;Banque BQ;BQ/954;20230703;51220000;CompteLib_0026;;;23G1;20230703;EcritureLib_0560;20240228;312,10;0,00;D;BQ/954;;
BQ;Banque BQ;BQ/955;20230703;51100000;CompteLib_0024;;;23G2;20230703;EcritureLib_0561;20240228;0,00;114,00;C;BQ/955;;
BQ;Banque BQ;BQ/955;20230703;51220000;CompteLib_0026;;;23G2;20230703;EcritureLib_0561;20240228;114,00;0,00;D;BQ/955;;
BQ;Banque BQ;BQ/956;20230703;51100000;CompteLib_0024;;;23G3;20230703;EcritureLib_0562;20240228;0,00;100,30;C;BQ/956;;
BQ;Banque BQ;BQ/956;20230703;51220000;CompteLib_0026;;;23G3;20230703;EcritureLib_0562;20240228;100,30;0,00;D;BQ/956;;
BQ;Banque BQ;BQ/957;20230703;61350000;CompteLib_0036;;;23G6;20230703;EcritureLib_0563;20240228;66,30;0,00;D;BQ/957;;
BQ;Banque BQ;BQ/957;20230703;44566100;CompteLib_0018;;;23G6;20230703;EcritureLib_0563;20240228;13,26;0,00;D;BQ/957;A;20240227
BQ;Banque BQ;BQ/957;20230703;51220000;CompteLib_0026;;;23G6;20230703;EcritureLib_0563;20240228;0,00;79,56;C;BQ/957;;
BQ;Banque BQ;BQ/958;20230703;60700000;CompteLib_0031;;;23G89;20230703;EcritureLib_0564;20240228;80,80;0,00;D;BQ/958;;
BQ;Banque BQ;BQ/958;20230703;44566100;CompteLib_0018;;;23G89;20230703;EcritureLib_0564;20240228;4,44;0,00;D;BQ/958;A;20240227
BQ;Banque BQ;BQ/958;20230703;51220000;CompteLib_0026;;;23G89;20230703;EcritureLib_0564;20240228;0,00;85,24;C;BQ/958;;
BQ;Banque BQ;BQ/958;20230703;60630000;CompteLib_0032;;;23G89;20230703;EcritureLib_0564;20240228;24,88;0,00;D;BQ/958;;
BQ;Banque BQ;BQ/958;20230703;44566100;CompteLib_0018;;;23G89;20230703;EcritureLib_0564;20240228;4,98;0,00;D;BQ/958;A;20240227
BQ;Banque BQ;BQ/958;20230703;51220000;CompteLib_0026;;;23G89;20230703;EcritureLib_0564;20240228;0,00;29,86;C;BQ/958;;
BQ;Banque BQ;BQ/959;20230703;62700000;CompteLib_0030;;;23G12;20230703;EcritureLib_0031;20240228;0,34;0,00;D;BQ/959;;
BQ;Banque BQ;BQ/959;20230703;51220000;CompteLib_0026;;;23G12;20230703;EcritureLib_0031;20240228;0,00;0,34;C;BQ/959;;
BQ;Banque BQ;BQ/960;20230703;62700000;CompteLib_0030;;;23G11;20230703;EcritureLib_0031;20240228;0,40;0,00;D;BQ/960;;
BQ;Banque BQ;BQ/960;20230703;51220000;CompteLib_0026;;;23G11;20230703;EcritureLib_0031;20240228;0,00;0,40;C;BQ/960;;
BQ;Banque BQ;BQ/961;20230703;62700000;CompteLib_0030;;;23G10;20230703;EcritureLib_0031;20240228;0,98;0,00;D;BQ/961;;
BQ;Banque BQ;BQ/961;20230703;51220000;CompteLib_0026;;;23G10;20230703;EcritureLib_0031;20240228;0,00;0,98;C;BQ/961;;
BQ;Banque BQ;BQ/962;20230703;62700000;CompteLib_0030;;;23G14;20230703;EcritureLib_0373;20240228;5,00;0,00;D;BQ/962;;
BQ;Banque BQ;BQ/962;20230703;51220000;CompteLib_0026;;;23G14;20230703;EcritureLib_0373;20240228;0,00;5,00;C;BQ/962;;
BQ;Banque BQ;BQ/963;20230703;60700000;CompteLib_0031;;;23G90;20230703;EcritureLib_0565;20240228;21,15;0,00;D;BQ/963;;
BQ;Banque BQ;BQ/963;20230703;44566100;CompteLib_0018;;;23G90;20230703;EcritureLib_0565;20240228;1,16;0,00;D;BQ/963;A;20240227
BQ;Banque BQ;BQ/963;20230703;51220000;CompteLib_0026;;;23G90;20230703;EcritureLib_0565;20240228;0,00;22,31;C;BQ/963;;
BQ;Banque BQ;BQ/964;20230703;60700000;CompteLib_0031;;;23G5;20230703;EcritureLib_0566;20240228;97,86;0,00;D;BQ/964;;
BQ;Banque BQ;BQ/964;20230703;44566100;CompteLib_0018;;;23G5;20230703;EcritureLib_0566;20240228;5,38;0,00;D;BQ/964;A;20240227
BQ;Banque BQ;BQ/964;20230703;51220000;CompteLib_0026;;;23G5;20230703;EcritureLib_0566;20240228;0,00;103,24;C;BQ/964;;
BQ;Banque BQ;BQ/965;20230703;60700000;CompteLib_0031;;;23G7;20230703;EcritureLib_0567;20240228;31,82;0,00;D;BQ/965;;
BQ;Banque BQ;BQ/965;20230703;44566100;CompteLib_0018;;;23G7;20230703;EcritureLib_0567;20240228;1,75;0,00;D;BQ/965;A;20240227
BQ;Banque BQ;BQ/965;20230703;51220000;CompteLib_0026;;;23G7;20230703;EcritureLib_0567;20240228;0,00;33,57;C;BQ/965;;
BQ;Banque BQ;BQ/966;20230703;60700000;CompteLib_0031;;;23G9;20230703;EcritureLib_0568;20240228;7,91;0,00;D;BQ/966;;
BQ;Banque BQ;BQ/966;20230703;44566100;CompteLib_0018;;;23G9;20230703;EcritureLib_0568;20240228;0,43;0,00;D;BQ/966;A;20240227
BQ;Banque BQ;BQ/966;20230703;51220000;CompteLib_0026;;;23G9;20230703;EcritureLib_0568;20240228;0,00;8,34;C;BQ/966;;
BQ;Banque BQ;BQ/967;20230704;62700000;CompteLib_0030;;;23G19;20230704;EcritureLib_0031;20240228;0,25;0,00;D;BQ/967;;
BQ;Banque BQ;BQ/967;20230704;51220000;CompteLib_0026;;;23G19;20230704;EcritureLib_0031;20240228;0,00;0,25;C;BQ/967;;
BQ;Banque BQ;BQ/968;20230704;51100000;CompteLib_0024;;;23G17;20230704;EcritureLib_0569;20240228;0,00;10,50;C;BQ/968;;
BQ;Banque BQ;BQ/968;20230704;51220000;CompteLib_0026;;;23G17;20230704;EcritureLib_0569;20240228;10,50;0,00;D;BQ/968;;
BQ;Banque BQ;BQ/969;20230704;60614000;CompteLib_0048;;;23G18;20230704;EcritureLib_0570;20240228;85,59;0,00;D;BQ/969;;
BQ;Banque BQ;BQ/969;20230704;51220000;CompteLib_0026;;;23G18;20230704;EcritureLib_0570;20240228;0,00;102,71;C;BQ/969;;
BQ;Banque BQ;BQ/969;20230704;44566100;CompteLib_0018;;;23G18;20230704;EcritureLib_0570;20240228;17,12;0,00;D;BQ/969;A;20240227
BQ;Banque BQ;BQ/970;20230704;62700000;CompteLib_0030;;;23G20;20230704;EcritureLib_0031;20240228;0,03;0,00;D;BQ/970;;
BQ;Banque BQ;BQ/970;20230704;51220000;CompteLib_0026;;;23G20;20230704;EcritureLib_0031;20240228;0,00;0,03;C;BQ/970;;
BQ;Banque BQ;BQ/971;20230704;51100000;CompteLib_0024;;;23G16;20230704;EcritureLib_0502;20240228;0,00;10,50;C;BQ/971;;
BQ;Banque BQ;BQ/971;20230704;51220000;CompteLib_0026;;;23G16;20230704;EcritureLib_0502;20240228;10,50;0,00;D;BQ/971;;
BQ;Banque BQ;BQ/972;20230704;51100000;CompteLib_0024;;;23G15;20230704;EcritureLib_0571;20240228;0,00;82,70;C;BQ/972;;
BQ;Banque BQ;BQ/972;20230704;51220000;CompteLib_0026;;;23G15;20230704;EcritureLib_0571;20240228;82,70;0,00;D;BQ/972;;
BQ;Banque BQ;BQ/973;20230705;51100000;CompteLib_0024;;;23G22;20230705;EcritureLib_0572;20240228;0,00;19,90;C;BQ/973;;
BQ;Banque BQ;BQ/973;20230705;51220000;CompteLib_0026;;;23G22;20230705;EcritureLib_0572;20240228;19,90;0,00;D;BQ/973;;
BQ;Banque BQ;BQ/974;20230705;62700000;CompteLib_0030;;;23G25;20230705;EcritureLib_0031;20240228;0,14;0,00;D;BQ/974;;
BQ;Banque BQ;BQ/974;20230705;51220000;CompteLib_0026;;;23G25;20230705;EcritureLib_0031;20240228;0,00;0,14;C;BQ/974;;
BQ;Banque BQ;BQ/975;20230705;62700000;CompteLib_0030;;;23G26;20230705;EcritureLib_0031;20240228;0,06;0,00;D;BQ/975;;
BQ;Banque BQ;BQ/975;20230705;51220000;CompteLib_0026;;;23G26;20230705;EcritureLib_0031;20240228;0,00;0,06;C;BQ/975;;
BQ;Banque BQ;BQ/976;20230705;60700000;CompteLib_0031;;;23G24;20230705;EcritureLib_0573;20240228;16,48;0,00;D;BQ/976;;
BQ;Banque BQ;BQ/976;20230705;44566100;CompteLib_0018;;;23G24;20230705;EcritureLib_0573;20240228;0,91;0,00;D;BQ/976;A;20240227
BQ;Banque BQ;BQ/976;20230705;51220000;CompteLib_0026;;;23G24;20230705;EcritureLib_0573;20240228;0,00;17,39;C;BQ/976;;
BQ;Banque BQ;BQ/977;20230705;61600000;CompteLib_0034;;;23G23;20230705;EcritureLib_0041;20240228;69,13;0,00;D;BQ/977;;
BQ;Banque BQ;BQ/977;20230705;51220000;CompteLib_0026;;;23G23;20230705;EcritureLib_0041;20240228;0,00;69,13;C;BQ/977;;
BQ;Banque BQ;BQ/978;20230705;51100000;CompteLib_0024;;;23G21;20230705;EcritureLib_0574;20240228;0,00;42,00;C;BQ/978;;
BQ;Banque BQ;BQ/978;20230705;51220000;CompteLib_0026;;;23G21;20230705;EcritureLib_0574;20240228;42,00;0,00;D;BQ/978;;
BQ;Banque BQ;BQ/979;20230706;51100000;CompteLib_0024;;;23G27;20230706;EcritureLib_0575;20240228;0,00;121,40;C;BQ/979;;
BQ;Banque BQ;BQ/979;20230706;51220000;CompteLib_0026;;;23G27;20230706;EcritureLib_0575;20240228;121,40;0,00;D;BQ/979;;
BQ;Banque BQ;BQ/980;20230706;62700000;CompteLib_0030;;;23G32;20230706;EcritureLib_0031;20240228;0,75;0,00;D;BQ/980;;
BQ;Banque BQ;BQ/980;20230706;51220000;CompteLib_0026;;;23G32;20230706;EcritureLib_0031;20240228;0,00;0,75;C;BQ/980;;
BQ;Banque BQ;BQ/981;20230706;62700000;CompteLib_0030;;;23G33;20230706;EcritureLib_0031;20240228;0,06;0,00;D;BQ/981;;
BQ;Banque BQ;BQ/981;20230706;51220000;CompteLib_0026;;;23G33;20230706;EcritureLib_0031;20240228;0,00;0,06;C;BQ/981;;
BQ;Banque BQ;BQ/982;20230706;60700000;CompteLib_0031;;;23G30;20230706;EcritureLib_0573;20240228;54,10;0,00;D;BQ/982;;
BQ;Banque BQ;BQ/982;20230706;51220000;CompteLib_0026;;;23G30;20230706;EcritureLib_0573;20240228;0,00;57,08;C;BQ/982;;
BQ;Banque BQ;BQ/982;20230706;44566100;CompteLib_0018;;;23G30;20230706;EcritureLib_0573;20240228;2,98;0,00;D;BQ/982;A;20240227
BQ;Banque BQ;BQ/983;20230706;60261000;CompteLib_0043;;;23G29;20230706;EcritureLib_0123;20240228;58,50;0,00;D;BQ/983;;
BQ;Banque BQ;BQ/983;20230706;44566100;CompteLib_0018;;;23G29;20230706;EcritureLib_0123;20240228;11,70;0,00;D;BQ/983;A;20240227
BQ;Banque BQ;BQ/983;20230706;51220000;CompteLib_0026;;;23G29;20230706;EcritureLib_0123;20240228;0,00;70,20;C;BQ/983;;
BQ;Banque BQ;BQ/984;20230706;60700000;CompteLib_0031;;;23G31;20230706;EcritureLib_0576;20240228;19,95;0,00;D;BQ/984;;
BQ;Banque BQ;BQ/984;20230706;51220000;CompteLib_0026;;;23G31;20230706;EcritureLib_0576;20240228;0,00;21,06;C;BQ/984;;
BQ;Banque BQ;BQ/984;20230706;44566100;CompteLib_0018;;;23G31;20230706;EcritureLib_0576;20240228;1,11;0,00;D;BQ/984;A;20240227
BQ;Banque BQ;BQ/985;20230706;51100000;CompteLib_0024;;;23G28;20230706;EcritureLib_0577;20240228;0,00;19,90;C;BQ/985;;
BQ;Banque BQ;BQ/985;20230706;51220000;CompteLib_0026;;;23G28;20230706;EcritureLib_0577;20240228;19,90;0,00;D;BQ/985;;
BQ;Banque BQ;BQ/986;20230707;62700000;CompteLib_0030;;;23G39;20230707;EcritureLib_0031;20240228;0,04;0,00;D;BQ/986;;
BQ;Banque BQ;BQ/986;20230707;51220000;CompteLib_0026;;;23G39;20230707;EcritureLib_0031;20240228;0,00;0,04;C;BQ/986;;
BQ;Banque BQ;BQ/987;20230707;62700000;CompteLib_0030;;;23G38;20230707;EcritureLib_0031;20240228;0,49;0,00;D;BQ/987;;
BQ;Banque BQ;BQ/987;20230707;51220000;CompteLib_0026;;;23G38;20230707;EcritureLib_0031;20240228;0,00;0,49;C;BQ/987;;
BQ;Banque BQ;BQ/988;20230707;60700000;CompteLib_0031;;;23G37;20230707;EcritureLib_0578;20240228;10,75;0,00;D;BQ/988;;
BQ;Banque BQ;BQ/988;20230707;51220000;CompteLib_0026;;;23G37;20230707;EcritureLib_0578;20240228;0,00;11,34;C;BQ/988;;
BQ;Banque BQ;BQ/988;20230707;44566100;CompteLib_0018;;;23G37;20230707;EcritureLib_0578;20240228;0,59;0,00;D;BQ/988;A;20240227
BQ;Banque BQ;BQ/989;20230707;51100000;CompteLib_0024;;;23G34;20230707;EcritureLib_0579;20240228;0,00;154,10;C;BQ/989;;
BQ;Banque BQ;BQ/989;20230707;51220000;CompteLib_0026;;;23G34;20230707;EcritureLib_0579;20240228;154,10;0,00;D;BQ/989;;
BQ;Banque BQ;BQ/990;20230707;51120000;CompteLib_0025;;;23G35;20230707;EcritureLib_0580;20240228;0,00;68,98;C;BQ/990;;
BQ;Banque BQ;BQ/990;20230707;51220000;CompteLib_0026;;;23G35;20230707;EcritureLib_0580;20240228;68,98;0,00;D;BQ/990;;
BQ;Banque BQ;BQ/991;20230707;51100000;CompteLib_0024;;;23G36;20230707;EcritureLib_0581;20240228;0,00;12,00;C;BQ/991;;
BQ;Banque BQ;BQ/991;20230707;51220000;CompteLib_0026;;;23G36;20230707;EcritureLib_0581;20240228;12,00;0,00;D;BQ/991;;
BQ;Banque BQ;BQ/992;20230710;51100000;CompteLib_0024;;;23G42;20230710;EcritureLib_0582;20240228;0,00;11,90;C;BQ/992;;
BQ;Banque BQ;BQ/992;20230710;51220000;CompteLib_0026;;;23G42;20230710;EcritureLib_0582;20240228;11,90;0,00;D;BQ/992;;
BQ;Banque BQ;BQ/993;20230710;62700000;CompteLib_0030;;;23G92;20230710;EcritureLib_0031;20240228;0,42;0,00;D;BQ/993;;
BQ;Banque BQ;BQ/993;20230710;51220000;CompteLib_0026;;;23G92;20230710;EcritureLib_0031;20240228;0,00;0,42;C;BQ/993;;
BQ;Banque BQ;BQ/994;20230710;62700000;CompteLib_0030;;;23G91;20230710;EcritureLib_0031;20240228;0,91;0,00;D;BQ/994;;
BQ;Banque BQ;BQ/994;20230710;51220000;CompteLib_0026;;;23G91;20230710;EcritureLib_0031;20240228;0,00;0,91;C;BQ/994;;
BQ;Banque BQ;BQ/995;20230710;60700000;CompteLib_0031;;;23G44;20230710;EcritureLib_0583;20240228;31,44;0,00;D;BQ/995;;
BQ;Banque BQ;BQ/995;20230710;44566100;CompteLib_0018;;;23G44;20230710;EcritureLib_0583;20240228;2,04;0,00;D;BQ/995;A;20240227
BQ;Banque BQ;BQ/995;20230710;51220000;CompteLib_0026;;;23G44;20230710;EcritureLib_0583;20240228;0,00;33,48;C;BQ/995;;
BQ;Banque BQ;BQ/996;20230710;62600000;CompteLib_0035;;;23G45;20230710;EcritureLib_0054;20240228;26,07;0,00;D;BQ/996;;
BQ;Banque BQ;BQ/996;20230710;44566100;CompteLib_0018;;;23G45;20230710;EcritureLib_0054;20240228;5,21;0,00;D;BQ/996;A;20240227
BQ;Banque BQ;BQ/996;20230710;51220000;CompteLib_0026;;;23G45;20230710;EcritureLib_0054;20240228;0,00;31,28;C;BQ/996;;
BQ;Banque BQ;BQ/997;20230710;62700000;CompteLib_0030;;;23G48;20230710;EcritureLib_0031;20240228;0,04;0,00;D;BQ/997;;
BQ;Banque BQ;BQ/997;20230710;51220000;CompteLib_0026;;;23G48;20230710;EcritureLib_0031;20240228;0,00;0,04;C;BQ/997;;
BQ;Banque BQ;BQ/998;20230710;51100000;CompteLib_0024;;;23G40;20230710;EcritureLib_0584;20240228;0,00;221,03;C;BQ/998;;
BQ;Banque BQ;BQ/998;20230710;51220000;CompteLib_0026;;;23G40;20230710;EcritureLib_0584;20240228;221,03;0,00;D;BQ/998;;
BQ;Banque BQ;BQ/999;20230710;51100000;CompteLib_0024;;;23G41;20230710;EcritureLib_0585;20240228;0,00;119,80;C;BQ/999;;
BQ;Banque BQ;BQ/999;20230710;51220000;CompteLib_0026;;;23G41;20230710;EcritureLib_0585;20240228;119,80;0,00;D;BQ/999;;
BQ;Banque BQ;BQ/1000;20230710;60700000;CompteLib_0031;;;23G43;20230710;EcritureLib_0057;20240228;122,29;0,00;D;BQ/1000;;
BQ;Banque BQ;BQ/1000;20230710;51220000;CompteLib_0026;;;23G43;20230710;EcritureLib_0057;20240228;0,00;129,02;C;BQ/1000;;
BQ;Banque BQ;BQ/1000;20230710;44566100;CompteLib_0018;;;23G43;20230710;EcritureLib_0057;20240228;6,73;0,00;D;BQ/1000;A;20240227
BQ;Banque BQ;BQ/1001;20230711;62700000;CompteLib_0030;;;23G56;20230711;EcritureLib_0031;20240228;0,05;0,00;D;BQ/1001;;
BQ;Banque BQ;BQ/1001;20230711;51220000;CompteLib_0026;;;23G56;20230711;EcritureLib_0031;20240228;0,00;0,05;C;BQ/1001;;
BQ;Banque BQ;BQ/1002;20230711;51120000;CompteLib_0025;;;23G52;20230711;EcritureLib_0096;20240228;0,00;12,75;C;BQ/1002;;
BQ;Banque BQ;BQ/1002;20230711;51220000;CompteLib_0026;;;23G52;20230711;EcritureLib_0096;20240228;12,75;0,00;D;BQ/1002;;
BQ;Banque BQ;BQ/1003;20230711;45500000;CompteLib_0023;;;23G50;20230711;EcritureLib_0586;20240228;0,00;15,69;C;BQ/1003;;
BQ;Banque BQ;BQ/1003;20230711;51220000;CompteLib_0026;;;23G50;20230711;EcritureLib_0586;20240228;15,69;0,00;D;BQ/1003;;
BQ;Banque BQ;BQ/1004;20230711;42100000;CompteLib_0013;;;23G53;20230711;EcritureLib_0587;20240228;395,14;0,00;D;BQ/1004;A;20231206
BQ;Banque BQ;BQ/1004;20230711;51220000;CompteLib_0026;;;23G53;20230711;EcritureLib_0587;20240228;0,00;395,14;C;BQ/1004;;
BQ;Banque BQ;BQ/1005;20230711;62700000;CompteLib_0030;;;23G55;20230711;EcritureLib_0031;20240228;0,57;0,00;D;BQ/1005;;
BQ;Banque BQ;BQ/1005;20230711;51220000;CompteLib_0026;;;23G55;20230711;EcritureLib_0031;20240228;0,00;0,57;C;BQ/1005;;
BQ;Banque BQ;BQ/1006;20230711;51100000;CompteLib_0024;;;23G49;20230711;EcritureLib_0588;20240228;0,00;181,70;C;BQ/1006;;
BQ;Banque BQ;BQ/1006;20230711;51220000;CompteLib_0026;;;23G49;20230711;EcritureLib_0588;20240228;181,70;0,00;D;BQ/1006;;
BQ;Banque BQ;BQ/1007;20230711;51100000;CompteLib_0024;;;23G51;20230711;EcritureLib_0589;20240228;0,00;15,40;C;BQ/1007;;
BQ;Banque BQ;BQ/1007;20230711;51220000;CompteLib_0026;;;23G51;20230711;EcritureLib_0589;20240228;15,40;0,00;D;BQ/1007;;
BQ;Banque BQ;BQ/1008;20230711;62700000;CompteLib_0030;;;23G54;20230711;EcritureLib_0590;20240228;1,00;0,00;D;BQ/1008;;
BQ;Banque BQ;BQ/1008;20230711;51220000;CompteLib_0026;;;23G54;20230711;EcritureLib_0590;20240228;0,00;1,00;C;BQ/1008;;
BQ;Banque BQ;BQ/1009;20230712;51100000;CompteLib_0024;;;23G57;20230712;EcritureLib_0591;20240228;0,00;150,60;C;BQ/1009;;
BQ;Banque BQ;BQ/1009;20230712;51220000;CompteLib_0026;;;23G57;20230712;EcritureLib_0591;20240228;150,60;0,00;D;BQ/1009;;
BQ;Banque BQ;BQ/1010;20230712;62700000;CompteLib_0030;;;23G60;20230712;EcritureLib_0031;20240228;0,73;0,00;D;BQ/1010;;
BQ;Banque BQ;BQ/1010;20230712;51220000;CompteLib_0026;;;23G60;20230712;EcritureLib_0031;20240228;0,00;0,73;C;BQ/1010;;
BQ;Banque BQ;BQ/1011;20230712;62700000;CompteLib_0030;;;23G61;20230712;EcritureLib_0031;20240228;0,17;0,00;D;BQ/1011;;
BQ;Banque BQ;BQ/1011;20230712;51220000;CompteLib_0026;;;23G61;20230712;EcritureLib_0031;20240228;0,00;0,17;C;BQ/1011;;
BQ;Banque BQ;BQ/1012;20230712;51100000;CompteLib_0024;;;23G58;20230712;EcritureLib_0592;20240228;0,00;47,20;C;BQ/1012;;
BQ;Banque BQ;BQ/1012;20230712;51220000;CompteLib_0026;;;23G58;20230712;EcritureLib_0592;20240228;47,20;0,00;D;BQ/1012;;
BQ;Banque BQ;BQ/1013;20230712;62510000;CompteLib_0049;;;23G59;20230712;EcritureLib_0593;20240228;2,10;0,00;D;BQ/1013;;
BQ;Banque BQ;BQ/1013;20230712;51220000;CompteLib_0026;;;23G59;20230712;EcritureLib_0593;20240228;0,00;2,10;C;BQ/1013;;
BQ;Banque BQ;BQ/1014;20230713;51120000;CompteLib_0025;;;23G63;20230713;EcritureLib_0594;20240228;0,00;12,81;C;BQ/1014;;
BQ;Banque BQ;BQ/1014;20230713;51220000;CompteLib_0026;;;23G63;20230713;EcritureLib_0594;20240228;12,81;0,00;D;BQ/1014;;
BQ;Banque BQ;BQ/1015;20230713;51100000;CompteLib_0024;;;23G62;20230713;EcritureLib_0595;20240228;0,00;84,50;C;BQ/1015;;
BQ;Banque BQ;BQ/1015;20230713;51220000;CompteLib_0026;;;23G62;20230713;EcritureLib_0595;20240228;84,50;0,00;D;BQ/1015;;
BQ;Banque BQ;BQ/1016;20230713;62700000;CompteLib_0030;;;23G67;20230713;EcritureLib_0031;20240228;0,27;0,00;D;BQ/1016;;
BQ;Banque BQ;BQ/1016;20230713;51220000;CompteLib_0026;;;23G67;20230713;EcritureLib_0031;20240228;0,00;0,27;C;BQ/1016;;
BQ;Banque BQ;BQ/1017;20230713;60700000;CompteLib_0031;;;23G65;20230713;EcritureLib_0596;20240228;13,23;0,00;D;BQ/1017;;
BQ;Banque BQ;BQ/1017;20230713;51220000;CompteLib_0026;;;23G65;20230713;EcritureLib_0596;20240228;0,00;13,97;C;BQ/1017;;
BQ;Banque BQ;BQ/1017;20230713;44566100;CompteLib_0018;;;23G65;20230713;EcritureLib_0596;20240228;0,74;0,00;D;BQ/1017;A;20240227
BQ;Banque BQ;BQ/1018;20230713;42100000;CompteLib_0013;;;23G64;20230713;EcritureLib_0597;20240228;466,21;0,00;D;BQ/1018;A;20231206
BQ;Banque BQ;BQ/1018;20230713;51220000;CompteLib_0026;;;23G64;20230713;EcritureLib_0597;20240228;0,00;466,21;C;BQ/1018;;
BQ;Banque BQ;BQ/1019;20230713;62700000;CompteLib_0030;;;23G66;20230713;EcritureLib_0590;20240228;1,00;0,00;D;BQ/1019;;
BQ;Banque BQ;BQ/1019;20230713;51220000;CompteLib_0026;;;23G66;20230713;EcritureLib_0590;20240228;0,00;1,00;C;BQ/1019;;
BQ;Banque BQ;BQ/1020;20230714;61321000;CompteLib_0040;;;23G68;20230714;EcritureLib_0085;20240228;1135,00;0,00;D;BQ/1020;;
BQ;Banque BQ;BQ/1020;20230714;51220000;CompteLib_0026;;;23G68;20230714;EcritureLib_0085;20240228;0,00;1135,00;C;BQ/1020;;
BQ;Banque BQ;BQ/1020;20230714;61400000;CompteLib_0041;;;23G68;20230714;EcritureLib_0085;20240228;60,00;0,00;D;BQ/1020;;
BQ;Banque BQ;BQ/1020;20230714;51220000;CompteLib_0026;;;23G68;20230714;EcritureLib_0085;20240228;0,00;60,00;C;BQ/1020;;
BQ;Banque BQ;BQ/1021;20230717;62260000;CompteLib_0039;;;23G69;20230717;EcritureLib_0082;20240228;149,00;0,00;D;BQ/1021;;
BQ;Banque BQ;BQ/1021;20230717;44566100;CompteLib_0018;;;23G69;20230717;EcritureLib_0082;20240228;29,80;0,00;D;BQ/1021;A;20240227
BQ;Banque BQ;BQ/1021;20230717;51220000;CompteLib_0026;;;23G69;20230717;EcritureLib_0082;20240228;0,00;178,80;C;BQ/1021;;
BQ;Banque BQ;BQ/1022;20230717;60610000;CompteLib_0038;;;23G70;20230717;EcritureLib_0072;20240228;45,35;0,00;D;BQ/1022;;
BQ;Banque BQ;BQ/1022;20230717;44566100;CompteLib_0018;;;23G70;20230717;EcritureLib_0072;20240228;5,71;0,00;D;BQ/1022;A;20240227
BQ;Banque BQ;BQ/1022;20230717;51220000;CompteLib_0026;;;23G70;20230717;EcritureLib_0072;20240228;0,00;51,06;C;BQ/1022;;
BQ;Banque BQ;BQ/1023;20230717;62261000;CompteLib_0039;;;23G71;20230717;EcritureLib_0082;20240228;19,50;0,00;D;BQ/1023;;
BQ;Banque BQ;BQ/1023;20230717;44566100;CompteLib_0018;;;23G71;20230717;EcritureLib_0082;20240228;3,90;0,00;D;BQ/1023;A;20240227
BQ;Banque BQ;BQ/1023;20230717;51220000;CompteLib_0026;;;23G71;20230717;EcritureLib_0082;20240228;0,00;23,40;C;BQ/1023;;
BQ;Banque BQ;BQ/1024;20230718;62700000;CompteLib_0030;;;23G75;20230718;EcritureLib_0031;20240228;0,11;0,00;D;BQ/1024;;
BQ;Banque BQ;BQ/1024;20230718;51220000;CompteLib_0026;;;23G75;20230718;EcritureLib_0031;20240228;0,00;0,11;C;BQ/1024;;
BQ;Banque BQ;BQ/1025;20230718;51120000;CompteLib_0025;;;23G73;20230718;EcritureLib_0096;20240228;0,00;18,37;C;BQ/1025;;
BQ;Banque BQ;BQ/1025;20230718;51220000;CompteLib_0026;;;23G73;20230718;EcritureLib_0096;20240228;18,37;0,00;D;BQ/1025;;
BQ;Banque BQ;BQ/1026;20230718;51120000;CompteLib_0025;;;23G74;20230718;EcritureLib_0598;20240228;0,00;12,40;C;BQ/1026;;
BQ;Banque BQ;BQ/1026;20230718;51220000;CompteLib_0026;;;23G74;20230718;EcritureLib_0598;20240228;12,40;0,00;D;BQ/1026;;
BQ;Banque BQ;BQ/1027;20230718;60700000;CompteLib_0031;;;23G93;20230718;EcritureLib_0585;20240228;0,00;28,44;C;BQ/1027;;
BQ;Banque BQ;BQ/1027;20230718;44566100;CompteLib_0018;;;23G93;20230718;EcritureLib_0585;20240228;0,00;1,56;C;BQ/1027;A;20240227
BQ;Banque BQ;BQ/1027;20230718;51220000;CompteLib_0026;;;23G93;20230718;EcritureLib_0585;20240228;30,00;0,00;D;BQ/1027;;
BQ;Banque BQ;BQ/1028;20230718;43100000;CompteLib_0046;;;23G76;20230718;EcritureLib_0406;20240228;98,00;0,00;D;BQ/1028;A;20231206
BQ;Banque BQ;BQ/1028;20230718;51220000;CompteLib_0026;;;23G76;20230718;EcritureLib_0406;20240228;0,00;98,00;C;BQ/1028;;
BQ;Banque BQ;BQ/1029;20230719;51120000;CompteLib_0025;;;23G77;20230719;EcritureLib_0599;20240228;0,00;28,96;C;BQ/1029;;
BQ;Banque BQ;BQ/1029;20230719;51220000;CompteLib_0026;;;23G77;20230719;EcritureLib_0599;20240228;28,96;0,00;D;BQ/1029;;
BQ;Banque BQ;BQ/1030;20230721;62700000;CompteLib_0030;;;23G78;20230721;EcritureLib_0600;20240228;20,00;0,00;D;BQ/1030;;
BQ;Banque BQ;BQ/1030;20230721;51220000;CompteLib_0026;;;23G78;20230721;EcritureLib_0600;20240228;0,00;20,00;C;BQ/1030;;
BQ;Banque BQ;BQ/1031;20230724;62700000;CompteLib_0030;;;23G80;20230724;EcritureLib_0601;20240228;20,00;0,00;D;BQ/1031;;
BQ;Banque BQ;BQ/1031;20230724;51220000;CompteLib_0026;;;23G80;20230724;EcritureLib_0601;20240228;0,00;20,00;C;BQ/1031;;
BQ;Banque BQ;BQ/1032;20230724;51120000;CompteLib_0025;;;23G79;20230724;EcritureLib_0602;20240228;0,00;59,68;C;BQ/1032;;
BQ;Banque BQ;BQ/1032;20230724;51220000;CompteLib_0026;;;23G79;20230724;EcritureLib_0602;20240228;59,68;0,00;D;BQ/1032;;
BQ;Banque BQ;BQ/1033;20230725;43703000;CompteLib_0015;;;23G81;20230725;EcritureLib_0413;20240228;20,01;0,00;D;BQ/1033;A;20231206
BQ;Banque BQ;BQ/1033;20230725;51220000;CompteLib_0026;;;23G81;20230725;EcritureLib_0413;20240228;0,00;20,01;C;BQ/1033;;
BQ;Banque BQ;BQ/1034;20230726;62700000;CompteLib_0030;;;23G82;20230726;EcritureLib_0098;20240228;5,33;0,00;D;BQ/1034;;
BQ;Banque BQ;BQ/1034;20230726;51220000;CompteLib_0026;;;23G82;20230726;EcritureLib_0098;20240228;0,00;5,33;C;BQ/1034;;
BQ;Banque BQ;BQ/1035;20230726;62700000;CompteLib_0030;;;23G83;20230726;EcritureLib_0099;20240228;5,33;0,00;D;BQ/1035;;
BQ;Banque BQ;BQ/1035;20230726;51220000;CompteLib_0026;;;23G83;20230726;EcritureLib_0099;20240228;0,00;5,33;C;BQ/1035;;
BQ;Banque BQ;BQ/1036;20230728;62700000;CompteLib_0030;;;23G86;20230728;EcritureLib_0101;20240228;18,50;0,00;D;BQ/1036;;
BQ;Banque BQ;BQ/1036;20230728;51220000;CompteLib_0026;;;23G86;20230728;EcritureLib_0101;20240228;0,00;18,50;C;BQ/1036;;
BQ;Banque BQ;BQ/1037;20230728;62600000;CompteLib_0035;;;23G85;20230728;EcritureLib_0103;20240228;30,82;0,00;D;BQ/1037;;
BQ;Banque BQ;BQ/1037;20230728;44566100;CompteLib_0018;;;23G85;20230728;EcritureLib_0103;20240228;6,16;0,00;D;BQ/1037;A;20240227
BQ;Banque BQ;BQ/1037;20230728;51220000;CompteLib_0026;;;23G85;20230728;EcritureLib_0103;20240228;0,00;36,98;C;BQ/1037;;
BQ;Banque BQ;BQ/1038;20230728;62700000;CompteLib_0030;;;23G84;20230728;EcritureLib_0102;20240228;0,00;0,63;C;BQ/1038;;
BQ;Banque BQ;BQ/1038;20230728;51220000;CompteLib_0026;;;23G84;20230728;EcritureLib_0102;20240228;0,63;0,00;D;BQ/1038;;
BQ;Banque BQ;BQ/1039;20230731;62700000;CompteLib_0030;;;23G87;20230731;EcritureLib_0603;20240228;9,60;0,00;D;BQ/1039;;
BQ;Banque BQ;BQ/1039;20230731;51220000;CompteLib_0026;;;23G87;20230731;EcritureLib_0603;20240228;0,00;9,60;C;BQ/1039;;
BQ;Banque BQ;BQ/1040;20230801;43702000;CompteLib_0014;;;23H22;20230801;EcritureLib_0604;20240228;0,15;0,00;D;BQ/1040;A;20240227
BQ;Banque BQ;BQ/1040;20230801;51220000;CompteLib_0026;;;23H22;20230801;EcritureLib_0604;20240228;0,00;0,15;C;BQ/1040;;
BQ;Banque BQ;BQ/1041;20230801;62700000;CompteLib_0030;;;23H2;20230801;EcritureLib_0373;20240228;5,00;0,00;D;BQ/1041;;
BQ;Banque BQ;BQ/1041;20230801;51220000;CompteLib_0026;;;23H2;20230801;EcritureLib_0373;20240228;0,00;5,00;C;BQ/1041;;
BQ;Banque BQ;BQ/1042;20230802;62700000;CompteLib_0030;;;23H3;20230802;EcritureLib_0601;20240228;20,00;0,00;D;BQ/1042;;
BQ;Banque BQ;BQ/1042;20230802;51220000;CompteLib_0026;;;23H3;20230802;EcritureLib_0601;20240228;0,00;20,00;C;BQ/1042;;
BQ;Banque BQ;BQ/1043;20230807;62700000;CompteLib_0030;;;23H4;20230807;EcritureLib_0600;20240228;20,00;0,00;D;BQ/1043;;
BQ;Banque BQ;BQ/1043;20230807;51220000;CompteLib_0026;;;23H4;20230807;EcritureLib_0600;20240228;0,00;20,00;C;BQ/1043;;
BQ;Banque BQ;BQ/1044;20230808;62700000;CompteLib_0030;;;23H5;20230808;EcritureLib_0600;20240228;20,00;0,00;D;BQ/1044;;
BQ;Banque BQ;BQ/1044;20230808;51220000;CompteLib_0026;;;23H5;20230808;EcritureLib_0600;20240228;0,00;20,00;C;BQ/1044;;
BQ;Banque BQ;BQ/1045;20230809;62700000;CompteLib_0030;;;23H24;20230809;EcritureLib_0605;20240228;0,15;0,00;D;BQ/1045;;
BQ;Banque BQ;BQ/1045;20230809;51220000;CompteLib_0026;;;23H24;20230809;EcritureLib_0605;20240228;0,00;0,15;C;BQ/1045;;
BQ;Banque BQ;BQ/1046;20230809;61600000;CompteLib_0034;;;23H23;20230809;EcritureLib_0606;20240228;20,00;0,00;D;BQ/1046;;
BQ;Banque BQ;BQ/1046;20230809;51220000;CompteLib_0026;;;23H23;20230809;EcritureLib_0606;20240228;0,00;20,00;C;BQ/1046;;
BQ;Banque BQ;BQ/1047;20230810;45500000;CompteLib_0023;;;23H8;20230810;EcritureLib_0607;20240228;0,00;1000,00;C;BQ/1047;;
BQ;Banque BQ;BQ/1047;20230810;51220000;CompteLib_0026;;;23H8;20230810;EcritureLib_0607;20240228;1000,00;0,00;D;BQ/1047;;
BQ;Banque BQ;BQ/1048;20230810;62700000;CompteLib_0030;;;23H9;20230810;EcritureLib_0608;20240228;20,00;0,00;D;BQ/1048;;
BQ;Banque BQ;BQ/1048;20230810;51220000;CompteLib_0026;;;23H9;20230810;EcritureLib_0608;20240228;0,00;20,00;C;BQ/1048;;
BQ;Banque BQ;BQ/1049;20230811;51130000;CompteLib_0042;;;23H10;20230811;EcritureLib_0118;20240228;0,00;42,91;C;BQ/1049;;
BQ;Banque BQ;BQ/1049;20230811;51220000;CompteLib_0026;;;23H10;20230811;EcritureLib_0118;20240228;42,91;0,00;D;BQ/1049;;
BQ;Banque BQ;BQ/1050;20230816;62260000;CompteLib_0039;;;23H11;20230816;EcritureLib_0082;20240228;149,00;0,00;D;BQ/1050;;
BQ;Banque BQ;BQ/1050;20230816;44566100;CompteLib_0018;;;23H11;20230816;EcritureLib_0082;20240228;29,80;0,00;D;BQ/1050;A;20240227
BQ;Banque BQ;BQ/1050;20230816;51220000;CompteLib_0026;;;23H11;20230816;EcritureLib_0082;20240228;0,00;178,80;C;BQ/1050;;
BQ;Banque BQ;BQ/1051;20230816;62261000;CompteLib_0039;;;23H12;20230816;EcritureLib_0082;20240228;109,50;0,00;D;BQ/1051;;
BQ;Banque BQ;BQ/1051;20230816;44566100;CompteLib_0018;;;23H12;20230816;EcritureLib_0082;20240228;21,90;0,00;D;BQ/1051;A;20240227
BQ;Banque BQ;BQ/1051;20230816;51220000;CompteLib_0026;;;23H12;20230816;EcritureLib_0082;20240228;0,00;131,40;C;BQ/1051;;
BQ;Banque BQ;BQ/1052;20230817;43100000;CompteLib_0046;;;23H13;20230817;EcritureLib_0406;20240228;339,00;0,00;D;BQ/1052;A;20231206
BQ;Banque BQ;BQ/1052;20230817;51220000;CompteLib_0026;;;23H13;20230817;EcritureLib_0406;20240228;0,00;339,00;C;BQ/1052;;
BQ;Banque BQ;BQ/1053;20230821;62700000;CompteLib_0030;;;23H14;20230821;EcritureLib_0609;20240228;20,00;0,00;D;BQ/1053;;
BQ;Banque BQ;BQ/1053;20230821;51220000;CompteLib_0026;;;23H14;20230821;EcritureLib_0609;20240228;0,00;20,00;C;BQ/1053;;
BQ;Banque BQ;BQ/1054;20230823;62700000;CompteLib_0030;;;23H15;20230823;EcritureLib_0600;20240228;20,00;0,00;D;BQ/1054;;
BQ;Banque BQ;BQ/1054;20230823;51220000;CompteLib_0026;;;23H15;20230823;EcritureLib_0600;20240228;0,00;20,00;C;BQ/1054;;
BQ;Banque BQ;BQ/1055;20230828;62700000;CompteLib_0030;;;23H17;20230828;EcritureLib_0099;20240228;5,33;0,00;D;BQ/1055;;
BQ;Banque BQ;BQ/1055;20230828;51220000;CompteLib_0026;;;23H17;20230828;EcritureLib_0099;20240228;0,00;5,33;C;BQ/1055;;
BQ;Banque BQ;BQ/1056;20230828;62700000;CompteLib_0030;;;23H16;20230828;EcritureLib_0098;20240228;5,33;0,00;D;BQ/1056;;
BQ;Banque BQ;BQ/1056;20230828;51220000;CompteLib_0026;;;23H16;20230828;EcritureLib_0098;20240228;0,00;5,33;C;BQ/1056;;
BQ;Banque BQ;BQ/1057;20230829;62700000;CompteLib_0030;;;23H19;20230829;EcritureLib_0610;20240228;20,00;0,00;D;BQ/1057;;
BQ;Banque BQ;BQ/1057;20230829;51220000;CompteLib_0026;;;23H19;20230829;EcritureLib_0610;20240228;0,00;20,00;C;BQ/1057;;
BQ;Banque BQ;BQ/1058;20230829;62700000;CompteLib_0030;;;23H18;20230829;EcritureLib_0611;20240228;20,00;0,00;D;BQ/1058;;
BQ;Banque BQ;BQ/1058;20230829;51220000;CompteLib_0026;;;23H18;20230829;EcritureLib_0611;20240228;0,00;20,00;C;BQ/1058;;
BQ;Banque BQ;BQ/1059;20230830;62700000;CompteLib_0030;;;23H20;20230830;EcritureLib_0102;20240228;0,00;0,63;C;BQ/1059;;
BQ;Banque BQ;BQ/1059;20230830;51220000;CompteLib_0026;;;23H20;20230830;EcritureLib_0102;20240228;0,63;0,00;D;BQ/1059;;
BQ;Banque BQ;BQ/1060;20230830;62700000;CompteLib_0030;;;23H21;20230830;EcritureLib_0101;20240228;18,50;0,00;D;BQ/1060;;
BQ;Banque BQ;BQ/1060;20230830;51220000;CompteLib_0026;;;23H21;20230830;EcritureLib_0101;20240228;0,00;18,50;C;BQ/1060;;
BQ;Banque BQ;BQ/1061;20230901;62700000;CompteLib_0030;;;23I1;20230901;EcritureLib_0373;20240228;5,00;0,00;D;BQ/1061;;
BQ;Banque BQ;BQ/1061;20230901;51220000;CompteLib_0026;;;23I1;20230901;EcritureLib_0373;20240228;0,00;5,00;C;BQ/1061;;
BQ;Banque BQ;BQ/1062;20230903;51100000;CompteLib_0024;;;23I31;20230903;EcritureLib_0607;20240228;0,00;1000,00;C;BQ/1062;;
BQ;Banque BQ;BQ/1062;20230903;51220000;CompteLib_0026;;;23I31;20230903;EcritureLib_0607;20240228;1000,00;0,00;D;BQ/1062;;
BQ;Banque BQ;BQ/1063;20230904;60700000;CompteLib_0031;;;23I32;20230904;EcritureLib_0054;20240228;29,37;0,00;D;BQ/1063;;
BQ;Banque BQ;BQ/1063;20230904;44566100;CompteLib_0018;;;23I32;20230904;EcritureLib_0054;20240228;1,62;0,00;D;BQ/1063;A;20240227
BQ;Banque BQ;BQ/1063;20230904;51220000;CompteLib_0026;;;23I32;20230904;EcritureLib_0054;20240228;0,00;30,99;C;BQ/1063;;
BQ;Banque BQ;BQ/1064;20230905;62600000;CompteLib_0035;;;23I5;20230905;EcritureLib_0103;20240228;30,82;0,00;D;BQ/1064;;
BQ;Banque BQ;BQ/1064;20230905;44566100;CompteLib_0018;;;23I5;20230905;EcritureLib_0103;20240228;6,16;0,00;D;BQ/1064;A;20240227
BQ;Banque BQ;BQ/1064;20230905;51220000;CompteLib_0026;;;23I5;20230905;EcritureLib_0103;20240228;0,00;36,98;C;BQ/1064;;
BQ;Banque BQ;BQ/1065;20230905;61600000;CompteLib_0034;;;23I4;20230905;EcritureLib_0041;20240228;88,17;0,00;D;BQ/1065;;
BQ;Banque BQ;BQ/1065;20230905;51220000;CompteLib_0026;;;23I4;20230905;EcritureLib_0041;20240228;0,00;88,17;C;BQ/1065;;
BQ;Banque BQ;BQ/1066;20230911;62600000;CompteLib_0035;;;23I6;20230911;EcritureLib_0054;20240228;38,66;0,00;D;BQ/1066;;
BQ;Banque BQ;BQ/1066;20230911;44566100;CompteLib_0018;;;23I6;20230911;EcritureLib_0054;20240228;7,73;0,00;D;BQ/1066;A;20240227
BQ;Banque BQ;BQ/1066;20230911;51220000;CompteLib_0026;;;23I6;20230911;EcritureLib_0054;20240228;0,00;46,39;C;BQ/1066;;
BQ;Banque BQ;BQ/1067;20230913;61350000;CompteLib_0036;;;23I7;20230913;EcritureLib_0612;20240228;79,08;0,00;D;BQ/1067;;
BQ;Banque BQ;BQ/1067;20230913;51220000;CompteLib_0026;;;23I7;20230913;EcritureLib_0612;20240228;0,00;94,89;C;BQ/1067;;
BQ;Banque BQ;BQ/1067;20230913;44566100;CompteLib_0018;;;23I7;20230913;EcritureLib_0612;20240228;15,81;0,00;D;BQ/1067;A;20240227
BQ;Banque BQ;BQ/1068;20230914;60630000;CompteLib_0032;;;23I9;20230914;EcritureLib_0613;20240228;165,00;0,00;D;BQ/1068;;
BQ;Banque BQ;BQ/1068;20230914;44566100;CompteLib_0018;;;23I9;20230914;EcritureLib_0613;20240228;33,00;0,00;D;BQ/1068;A;20240227
BQ;Banque BQ;BQ/1068;20230914;51220000;CompteLib_0026;;;23I9;20230914;EcritureLib_0613;20240228;0,00;198,00;C;BQ/1068;;
BQ;Banque BQ;BQ/1069;20230914;45500000;CompteLib_0023;;;23I8;20230914;EcritureLib_0607;20240228;0,00;500,00;C;BQ/1069;;
BQ;Banque BQ;BQ/1069;20230914;51220000;CompteLib_0026;;;23I8;20230914;EcritureLib_0607;20240228;500,00;0,00;D;BQ/1069;;
BQ;Banque BQ;BQ/1070;20230915;60630000;CompteLib_0032;;;23I11;20230915;EcritureLib_0614;20240228;140,83;0,00;D;BQ/1070;;
BQ;Banque BQ;BQ/1070;20230915;44566100;CompteLib_0018;;;23I11;20230915;EcritureLib_0614;20240228;28,17;0,00;D;BQ/1070;A;20240227
BQ;Banque BQ;BQ/1070;20230915;51220000;CompteLib_0026;;;23I11;20230915;EcritureLib_0614;20240228;0,00;169,00;C;BQ/1070;;
BQ;Banque BQ;BQ/1071;20230915;60630000;CompteLib_0032;;;23I10;20230915;EcritureLib_0614;20240228;164,00;0,00;D;BQ/1071;;
BQ;Banque BQ;BQ/1071;20230915;44566100;CompteLib_0018;;;23I10;20230915;EcritureLib_0614;20240228;32,80;0,00;D;BQ/1071;A;20240227
BQ;Banque BQ;BQ/1071;20230915;51220000;CompteLib_0026;;;23I10;20230915;EcritureLib_0614;20240228;0,00;196,80;C;BQ/1071;;
BQ;Banque BQ;BQ/1072;20230918;60630000;CompteLib_0032;;;23I12;20230918;EcritureLib_0615;20240228;14,58;0,00;D;BQ/1072;;
BQ;Banque BQ;BQ/1072;20230918;51220000;CompteLib_0026;;;23I12;20230918;EcritureLib_0615;20240228;0,00;17,50;C;BQ/1072;;
BQ;Banque BQ;BQ/1072;20230918;44566100;CompteLib_0018;;;23I12;20230918;EcritureLib_0615;20240228;2,92;0,00;D;BQ/1072;A;20240227
BQ;Banque BQ;BQ/1073;20230919;60700000;CompteLib_0031;;;23I33;20230919;EcritureLib_0616;20240228;26,52;0,00;D;BQ/1073;;
BQ;Banque BQ;BQ/1073;20230919;44566100;CompteLib_0018;;;23I33;20230919;EcritureLib_0616;20240228;1,46;0,00;D;BQ/1073;A;20240227
BQ;Banque BQ;BQ/1073;20230919;51220000;CompteLib_0026;;;23I33;20230919;EcritureLib_0616;20240228;0,00;27,98;C;BQ/1073;;
BQ;Banque BQ;BQ/1074;20230920;62260000;CompteLib_0039;;;23I14;20230920;EcritureLib_0082;20240228;129,50;0,00;D;BQ/1074;;
BQ;Banque BQ;BQ/1074;20230920;44566100;CompteLib_0018;;;23I14;20230920;EcritureLib_0082;20240228;25,90;0,00;D;BQ/1074;A;20240227
BQ;Banque BQ;BQ/1074;20230920;51220000;CompteLib_0026;;;23I14;20230920;EcritureLib_0082;20240228;0,00;155,40;C;BQ/1074;;
BQ;Banque BQ;BQ/1075;20230920;61350000;CompteLib_0036;;;23I34;20230920;EcritureLib_0086;20240228;67,14;0,00;D;BQ/1075;;
BQ;Banque BQ;BQ/1075;20230920;44566100;CompteLib_0018;;;23I34;20230920;EcritureLib_0086;20240228;12,80;0,00;D;BQ/1075;A;20240227
BQ;Banque BQ;BQ/1075;20230920;51220000;CompteLib_0026;;;23I34;20230920;EcritureLib_0086;20240228;0,00;79,94;C;BQ/1075;;
BQ;Banque BQ;BQ/1076;20230922;60630000;CompteLib_0032;;;23I17;20230922;EcritureLib_0617;20240228;174,17;0,00;D;BQ/1076;;
BQ;Banque BQ;BQ/1076;20230922;51220000;CompteLib_0026;;;23I17;20230922;EcritureLib_0617;20240228;0,00;209,00;C;BQ/1076;;
BQ;Banque BQ;BQ/1076;20230922;44566100;CompteLib_0018;;;23I17;20230922;EcritureLib_0617;20240228;34,83;0,00;D;BQ/1076;A;20240227
BQ;Banque BQ;BQ/1077;20230922;45500000;CompteLib_0023;;;23I16;20230922;EcritureLib_0607;20240228;0,00;800,00;C;BQ/1077;;
BQ;Banque BQ;BQ/1077;20230922;51220000;CompteLib_0026;;;23I16;20230922;EcritureLib_0607;20240228;800,00;0,00;D;BQ/1077;;
BQ;Banque BQ;BQ/1078;20230925;60630000;CompteLib_0032;;;23I18;20230925;EcritureLib_0618;20240228;188,17;0,00;D;BQ/1078;;
BQ;Banque BQ;BQ/1078;20230925;44566100;CompteLib_0018;;;23I18;20230925;EcritureLib_0618;20240228;37,63;0,00;D;BQ/1078;A;20240227
BQ;Banque BQ;BQ/1078;20230925;51220000;CompteLib_0026;;;23I18;20230925;EcritureLib_0618;20240228;0,00;225,80;C;BQ/1078;;
BQ;Banque BQ;BQ/1079;20230925;60630000;CompteLib_0032;;;23I35;20230925;EcritureLib_0619;20240228;107,50;0,00;D;BQ/1079;;
BQ;Banque BQ;BQ/1079;20230925;44566100;CompteLib_0018;;;23I35;20230925;EcritureLib_0619;20240228;21,50;0,00;D;BQ/1079;A;20240227
BQ;Banque BQ;BQ/1079;20230925;51220000;CompteLib_0026;;;23I35;20230925;EcritureLib_0619;20240228;0,00;129,00;C;BQ/1079;;
BQ;Banque BQ;BQ/1080;20230926;60630000;CompteLib_0032;;;23I22;20230926;EcritureLib_0620;20240228;0,00;157,50;C;BQ/1080;;
BQ;Banque BQ;BQ/1080;20230926;44566100;CompteLib_0018;;;23I22;20230926;EcritureLib_0620;20240228;0,00;31,50;C;BQ/1080;A;20240227
BQ;Banque BQ;BQ/1080;20230926;51220000;CompteLib_0026;;;23I22;20230926;EcritureLib_0620;20240228;189,00;0,00;D;BQ/1080;;
BQ;Banque BQ;BQ/1081;20230926;60630000;CompteLib_0032;;;23I21;20230926;EcritureLib_0621;20240228;53,13;0,00;D;BQ/1081;;
BQ;Banque BQ;BQ/1081;20230926;51220000;CompteLib_0026;;;23I21;20230926;EcritureLib_0621;20240228;0,00;53,13;C;BQ/1081;;
BQ;Banque BQ;BQ/1082;20230926;62700000;CompteLib_0030;;;23I23;20230926;EcritureLib_0098;20240228;5,33;0,00;D;BQ/1082;;
BQ;Banque BQ;BQ/1082;20230926;51220000;CompteLib_0026;;;23I23;20230926;EcritureLib_0098;20240228;0,00;5,33;C;BQ/1082;;
BQ;Banque BQ;BQ/1083;20230926;62700000;CompteLib_0030;;;23I24;20230926;EcritureLib_0099;20240228;5,33;0,00;D;BQ/1083;;
BQ;Banque BQ;BQ/1083;20230926;51220000;CompteLib_0026;;;23I24;20230926;EcritureLib_0099;20240228;0,00;5,33;C;BQ/1083;;
BQ;Banque BQ;BQ/1084;20230926;60630000;CompteLib_0032;;;23I20;20230926;EcritureLib_0622;20240228;64,46;0,00;D;BQ/1084;;
BQ;Banque BQ;BQ/1084;20230926;51220000;CompteLib_0026;;;23I20;20230926;EcritureLib_0622;20240228;0,00;77,35;C;BQ/1084;;
BQ;Banque BQ;BQ/1084;20230926;44566100;CompteLib_0018;;;23I20;20230926;EcritureLib_0622;20240228;12,89;0,00;D;BQ/1084;A;20240227
BQ;Banque BQ;BQ/1085;20230927;60630000;CompteLib_0032;;;23I25;20230927;EcritureLib_0623;20240228;25,33;0,00;D;BQ/1085;;
BQ;Banque BQ;BQ/1085;20230927;51220000;CompteLib_0026;;;23I25;20230927;EcritureLib_0623;20240228;0,00;30,40;C;BQ/1085;;
BQ;Banque BQ;BQ/1085;20230927;44566100;CompteLib_0018;;;23I25;20230927;EcritureLib_0623;20240228;5,07;0,00;D;BQ/1085;A;20240227
BQ;Banque BQ;BQ/1086;20230928;62600000;CompteLib_0035;;;23I26;20230928;EcritureLib_0103;20240228;39,57;0,00;D;BQ/1086;;
BQ;Banque BQ;BQ/1086;20230928;44566100;CompteLib_0018;;;23I26;20230928;EcritureLib_0103;20240228;7,91;0,00;D;BQ/1086;A;20240227
BQ;Banque BQ;BQ/1086;20230928;51220000;CompteLib_0026;;;23I26;20230928;EcritureLib_0103;20240228;0,00;47,48;C;BQ/1086;;
BQ;Banque BQ;BQ/1087;20230928;62700000;CompteLib_0030;;;23I29;20230928;EcritureLib_0101;20240228;18,50;0,00;D;BQ/1087;;
BQ;Banque BQ;BQ/1087;20230928;51220000;CompteLib_0026;;;23I29;20230928;EcritureLib_0101;20240228;0,00;18,50;C;BQ/1087;;
BQ;Banque BQ;BQ/1088;20230928;60630000;CompteLib_0032;;;23I27;20230928;EcritureLib_0624;20240228;38,17;0,00;D;BQ/1088;;
BQ;Banque BQ;BQ/1088;20230928;44566100;CompteLib_0018;;;23I27;20230928;EcritureLib_0624;20240228;7,63;0,00;D;BQ/1088;A;20240227
BQ;Banque BQ;BQ/1088;20230928;51220000;CompteLib_0026;;;23I27;20230928;EcritureLib_0624;20240228;0,00;45,80;C;BQ/1088;;
BQ;Banque BQ;BQ/1089;20230928;62700000;CompteLib_0030;;;23I28;20230928;EcritureLib_0102;20240228;0,00;0,63;C;BQ/1089;;
BQ;Banque BQ;BQ/1089;20230928;51220000;CompteLib_0026;;;23I28;20230928;EcritureLib_0102;20240228;0,63;0,00;D;BQ/1089;;
BQ;Banque BQ;BQ/1090;20230929;60630000;CompteLib_0032;;;23I30;20230929;EcritureLib_0625;20240228;12,98;0,00;D;BQ/1090;;
BQ;Banque BQ;BQ/1090;20230929;51220000;CompteLib_0026;;;23I30;20230929;EcritureLib_0625;20240228;0,00;15,58;C;BQ/1090;;
BQ;Banque BQ;BQ/1090;20230929;44566100;CompteLib_0018;;;23I30;20230929;EcritureLib_0625;20240228;2,60;0,00;D;BQ/1090;A;20240227
CA;CAISSE;CA/1;20221031;51100000;CompteLib_0024;;;22J134;20221031;EcritureLib_0626;20240228;5792,50;0,00;D;CA/1;;
CA;CAISSE;CA/1;20221031;51120000;CompteLib_0025;;;22J134;20221031;EcritureLib_0627;20240228;42,00;0,00;D;CA/1;;
CA;CAISSE;CA/1;20221031;53000000;CompteLib_0028;;;22J134;20221031;EcritureLib_0628;20240228;21,50;0,00;D;CA/1;;
CA;CAISSE;CA/1;20221031;44571800;CompteLib_0020;;;22J134;20221031;EcritureLib_0629;20240228;0,00;532,26;C;CA/1;A;20240227
CA;CAISSE;CA/1;20221031;70680000;CompteLib_0050;;;22J134;20221031;EcritureLib_0630;20240228;0,00;5323,74;C;CA/1;;
CA;CAISSE;CA/2;20221130;51100000;CompteLib_0024;;;22K120;20221130;EcritureLib_0631;20240228;3653,40;0,00;D;CA/2;;
CA;CAISSE;CA/2;20221130;51120000;CompteLib_0025;;;22K120;20221130;EcritureLib_0632;20240228;9,50;0,00;D;CA/2;;
CA;CAISSE;CA/2;20221130;53000000;CompteLib_0028;;;22K120;20221130;EcritureLib_0633;20240228;54,30;0,00;D;CA/2;;
CA;CAISSE;CA/2;20221130;44571800;CompteLib_0020;;;22K120;20221130;EcritureLib_0634;20240228;0,00;337,93;C;CA/2;A;20240227
CA;CAISSE;CA/2;20221130;70680000;CompteLib_0050;;;22K120;20221130;EcritureLib_0635;20240228;0,00;3379,27;C;CA/2;;
CA;CAISSE;CA/3;20221231;51100000;CompteLib_0024;;;22L93;20221231;EcritureLib_0636;20240228;3689,60;0,00;D;CA/3;;
CA;CAISSE;CA/3;20221231;51120000;CompteLib_0025;;;22L93;20221231;EcritureLib_0637;20240228;18,00;0,00;D;CA/3;;
CA;CAISSE;CA/3;20221231;53000000;CompteLib_0028;;;22L93;20221231;EcritureLib_0638;20240228;24,00;0,00;D;CA/3;;
CA;CAISSE;CA/3;20221231;44571200;CompteLib_0019;;;22L93;20221231;EcritureLib_0639;20240228;0,00;0,18;C;CA/3;A;20240227
CA;CAISSE;CA/3;20221231;44571800;CompteLib_0020;;;22L93;20221231;EcritureLib_0640;20240228;0,00;338,92;C;CA/3;A;20240227
CA;CAISSE;CA/3;20221231;70620000;CompteLib_0051;;;22L93;20221231;EcritureLib_0641;20240228;0,00;3,32;C;CA/3;;
CA;CAISSE;CA/3;20221231;70680000;CompteLib_0050;;;22L93;20221231;EcritureLib_0642;20240228;0,00;3389,18;C;CA/3;;
CA;CAISSE;CA/4;20230131;51100000;CompteLib_0024;;;23A117;20230131;EcritureLib_0643;20240228;1907,00;0,00;D;CA/4;;
CA;CAISSE;CA/4;20230131;51120000;CompteLib_0025;;;23A117;20230131;EcritureLib_0644;20240228;27,50;0,00;D;CA/4;;
CA;CAISSE;CA/4;20230131;53000000;CompteLib_0028;;;23A117;20230131;EcritureLib_0645;20240228;3,50;0,00;D;CA/4;;
CA;CAISSE;CA/4;20230131;44571800;CompteLib_0020;;;23A117;20230131;EcritureLib_0646;20240228;0,00;176,18;C;CA/4;A;20240227
CA;CAISSE;CA/4;20230131;70680000;CompteLib_0050;;;23A117;20230131;EcritureLib_0647;20240228;0,00;1761,82;C;CA/4;;
CA;CAISSE;CA/5;20230228;51100000;CompteLib_0024;;;23B102;20230228;EcritureLib_0648;20240228;3639,90;0,00;D;CA/5;;
CA;CAISSE;CA/5;20230228;51120000;CompteLib_0025;;;23B102;20230228;EcritureLib_0649;20240228;100,30;0,00;D;CA/5;;
CA;CAISSE;CA/5;20230228;53000000;CompteLib_0028;;;23B102;20230228;EcritureLib_0650;20240228;21,00;0,00;D;CA/5;;
CA;CAISSE;CA/5;20230228;44571800;CompteLib_0020;;;23B102;20230228;EcritureLib_0651;20240228;0,00;341,93;C;CA/5;A;20240227
CA;CAISSE;CA/5;20230228;70680000;CompteLib_0050;;;23B102;20230228;EcritureLib_0652;20240228;0,00;3419,27;C;CA/5;;
CA;CAISSE;CA/6;20230331;51100000;CompteLib_0024;;;23C129;20230331;EcritureLib_0653;20240228;3529,00;0,00;D;CA/6;;
CA;CAISSE;CA/6;20230331;51120000;CompteLib_0025;;;23C129;20230331;EcritureLib_0654;20240228;58,30;0,00;D;CA/6;;
CA;CAISSE;CA/6;20230331;44571800;CompteLib_0020;;;23C129;20230331;EcritureLib_0655;20240228;0,00;326,12;C;CA/6;A;20240227
CA;CAISSE;CA/6;20230331;70680000;CompteLib_0050;;;23C129;20230331;EcritureLib_0656;20240228;0,00;3261,18;C;CA/6;;
CA;CAISSE;CA/7;20230430;51100000;CompteLib_0024;;;23D100;20230430;EcritureLib_0657;20240228;4933,40;0,00;D;CA/7;;
CA;CAISSE;CA/7;20230430;53000000;CompteLib_0028;;;23D100;20230430;EcritureLib_0658;20240228;36,40;0,00;D;CA/7;;
CA;CAISSE;CA/7;20230430;44571800;CompteLib_0020;;;23D100;20230430;EcritureLib_0659;20240228;0,00;451,80;C;CA/7;A;20240227
CA;CAISSE;CA/7;20230430;70680000;CompteLib_0050;;;23D100;20230430;EcritureLib_0660;20240228;0,00;4518,00;C;CA/7;;
CA;CAISSE;CA/8;20230531;51100000;CompteLib_0024;;;23E134;20230531;EcritureLib_0661;20240228;1120,10;0,00;D;CA/8;;
CA;CAISSE;CA/8;20230531;53000000;CompteLib_0028;;;23E134;20230531;EcritureLib_0661;20240228;9,50;0,00;D;CA/8;;
CA;CAISSE;CA/8;20230531;44571800;CompteLib_0020;;;23E134;20230531;EcritureLib_0662;20240228;0,00;102,69;C;CA/8;A;20240227
CA;CAISSE;CA/8;20230531;70680000;CompteLib_0050;;;23E134;20230531;EcritureLib_0663;20240228;0,00;1026,91;C;CA/8;;
CA;CAISSE;CA/9;20230630;51100000;CompteLib_0024;;;23F139;20230630;EcritureLib_0664;20240228;3823,40;0,00;D;CA/9;;
CA;CAISSE;CA/9;20230630;53000000;CompteLib_0028;;;23F139;20230630;EcritureLib_0665;20240228;10,90;0,00;D;CA/9;;
CA;CAISSE;CA/9;20230630;44571800;CompteLib_0020;;;23F139;20230630;EcritureLib_0666;20240228;0,00;348,57;C;CA/9;A;20240227
CA;CAISSE;CA/9;20230630;70680000;CompteLib_0050;;;23F139;20230630;EcritureLib_0667;20240228;0,00;3485,73;C;CA/9;;
CA;CAISSE;CA/10;20230731;51100000;CompteLib_0024;;;23G94;20230731;EcritureLib_0668;20240228;4992,12;0,00;D;CA/10;;
CA;CAISSE;CA/10;20230731;53000000;CompteLib_0028;;;23G94;20230731;EcritureLib_0669;20240228;40,70;0,00;D;CA/10;;
CA;CAISSE;CA/10;20230731;44571200;CompteLib_0019;;;23G94;20230731;EcritureLib_0670;20240228;0,00;0,87;C;CA/10;A;20240227
CA;CAISSE;CA/10;20230731;44571800;CompteLib_0020;;;23G94;20230731;EcritureLib_0671;20240228;0,00;455,98;C;CA/10;A;20240227
CA;CAISSE;CA/10;20230731;70620000;CompteLib_0051;;;23G94;20230731;EcritureLib_0672;20240228;0,00;16,13;C;CA/10;;
CA;CAISSE;CA/10;20230731;70680000;CompteLib_0050;;;23G94;20230731;EcritureLib_0673;20240228;0,00;4559,84;C;CA/10;;
OD;Oprations diverses;OD/1;20221001;44586000;CompteLib_0021;;;EXT;20221001;EcritureLib_0674;20240228;0,00;6,43;C;OD/1;;
OD;Oprations diverses;OD/1;20221001;60610000;CompteLib_0038;;;EXT;20221001;EcritureLib_0674;20240228;0,00;32,13;C;OD/1;;
OD;Oprations diverses;OD/1;20221001;44586000;CompteLib_0021;;;EXT;20221001;EcritureLib_0674;20240228;0,00;3,85;C;OD/1;;
OD;Oprations diverses;OD/1;20221001;60610000;CompteLib_0038;;;EXT;20221001;EcritureLib_0674;20240228;0,00;69,96;C;OD/1;;
OD;Oprations diverses;OD/1;20221001;40840000;CompteLib_0012;;;EXT;20221001;EcritureLib_0674;20240228;112,37;0,00;D;OD/1;;
OD;Oprations diverses;OD/2;20221001;63513000;CompteLib_0044;;;EXT;20221001;EcritureLib_0675;20240228;0,00;432,00;C;OD/2;;
OD;Oprations diverses;OD/2;20221001;44860000;CompteLib_0022;;;EXT;20221001;EcritureLib_0675;20240228;432,00;0,00;D;OD/2;A;20241127
OD;Oprations diverses;OD/3;20221001;62700000;CompteLib_0030;;;EXT;20221001;EcritureLib_0676;20240228;0,00;17,78;C;OD/3;;
OD;Oprations diverses;OD/3;20221001;51810000;CompteLib_0027;;;EXT;20221001;EcritureLib_0676;20240228;17,78;0,00;D;OD/3;;
OD;Oprations diverses;OD/4;20221001;51220000;CompteLib_0026;;;REAFF;20221001;EcritureLib_0677;20240228;3527,72;0,00;D;OD/4;;
OD;Oprations diverses;OD/4;20221001;51210000;CompteLib_0026;;;REAFF;20221001;EcritureLib_0677;20240228;0,00;3527,72;C;OD/4;;
OD;Oprations diverses;OD/5;20221001;44566100;CompteLib_0018;;;EXT;20221001;EcritureLib_0678;20240228;0,00;199,17;C;OD/5;A;20240227
OD;Oprations diverses;OD/5;20221001;61321000;CompteLib_0040;;;EXT;20221001;EcritureLib_0678;20240228;0,00;995,83;C;OD/5;;
OD;Oprations diverses;OD/5;20221001;40104012;CompteLib_0011;;;EXT;20221001;EcritureLib_0678;20240228;1195,00;0,00;D;OD/5;A;20240227
OD;Oprations diverses;OD/6;20230331;75800000;CompteLib_0037;;;23C130;20230331;EcritureLib_0679;20240228;0,00;0,87;C;OD/6;;
OD;Oprations diverses;OD/6;20230331;43702000;CompteLib_0014;;;23C130;20230331;EcritureLib_0679;20240228;0,87;0,00;D;OD/6;B;20240227
OD;Oprations diverses;OD/7;20230930;60370000;CompteLib_0052;;;23I38;20230930;EcritureLib_0680;20240228;2382,17;0,00;D;OD/7;;
OD;Oprations diverses;OD/7;20230930;37000000;CompteLib_0010;;;23I38;20230930;EcritureLib_0680;20240228;0,00;2382,17;C;OD/7;;
OD;Oprations diverses;OD/8;20230930;51120000;CompteLib_0025;;;23I36;20230930;EcritureLib_0681;20240228;5500,59;0,00;D;OD/8;;
OD;Oprations diverses;OD/8;20230930;51100000;CompteLib_0024;;;23I36;20230930;EcritureLib_0681;20240228;0,00;5500,59;C;OD/8;;
OD;Oprations diverses;OD/9;20230930;44860000;CompteLib_0022;;;PROV;20230930;EcritureLib_0682;20240228;0,00;439,50;C;OD/9;;
OD;Oprations diverses;OD/9;20230930;63513000;CompteLib_0044;;;PROV;20230930;EcritureLib_0682;20240228;439,50;0,00;D;OD/9;;
OD;Oprations diverses;OD/10;20230930;44571800;CompteLib_0020;;;SOLDE;20230930;EcritureLib_0683;20240228;0,00;57,08;C;OD/10;A;20240227
OD;Oprations diverses;OD/10;20230930;70680000;CompteLib_0050;;;SOLDE;20230930;EcritureLib_0683;20240228;0,00;570,78;C;OD/10;;
OD;Oprations diverses;OD/10;20230930;51130000;CompteLib_0042;;;SOLDE;20230930;EcritureLib_0684;20240228;121,00;0,00;D;OD/10;;
OD;Oprations diverses;OD/10;20230930;51120000;CompteLib_0025;;;SOLDE;20230930;EcritureLib_0685;20240228;0,00;2521,67;C;OD/10;;
OD;Oprations diverses;OD/10;20230930;51100000;CompteLib_0024;;;SOLDE;20230930;EcritureLib_0686;20240228;3028,53;0,00;D;OD/10;;
OD;Oprations diverses;OD/11;20230930;40104012;CompteLib_0011;;;LOYER;20230930;EcritureLib_0687;20240228;0,00;2500,00;C;OD/11;;
OD;Oprations diverses;OD/11;20230930;61321000;CompteLib_0040;;;LOYER;20230930;EcritureLib_0687;20240228;1205,10;0,00;D;OD/11;;
OD;Oprations diverses;OD/11;20230930;61400000;CompteLib_0041;;;LOYER;20230930;EcritureLib_0688;20240228;60,00;0,00;D;OD/11;;
OD;Oprations diverses;OD/11;20230930;61321000;CompteLib_0040;;;LOYER;20230930;EcritureLib_0688;20240228;1234,90;0,00;D;OD/11;;
OD;Oprations diverses;OD/12;20230930;44551000;CompteLib_0017;;;CA12 2023;20230930;EcritureLib_0689;20240228;0,00;1310,00;C;OD/12;A;20240930
OD;Oprations diverses;OD/12;20230930;44566100;CompteLib_0018;;;CA12 2023;20230930;EcritureLib_0690;20240228;0,00;2198,00;C;OD/12;A;20240227
OD;Oprations diverses;OD/12;20230930;44571800;CompteLib_0020;;;CA12 2023;20230930;EcritureLib_0691;20240228;3470,00;0,00;D;OD/12;A;20240227
OD;Oprations diverses;OD/12;20230930;44571200;CompteLib_0019;;;CA12 2023;20230930;EcritureLib_0692;20240228;4,00;0,00;D;OD/12;A;20240227
OD;Oprations diverses;OD/12;20230930;44520000;CompteLib_0047;;;CA12 2023;20230930;EcritureLib_0693;20240228;34,00;0,00;D;OD/12;A;20240227
OD;Oprations diverses;OD/13;20230930;45500000;CompteLib_0023;;;23I37;20230930;EcritureLib_0694;20240228;0,00;243,20;C;OD/13;;
OD;Oprations diverses;OD/13;20230930;53000000;CompteLib_0028;;;23I37;20230930;EcritureLib_0694;20240228;243,20;0,00;D;OD/13;;
PAI;Paie;PAI/1;20230101;64100000;CompteLib_0053;;;abc;20230101;EcritureLib_0695;20240228;488,36;0,00;D;PAI/1;;
PAI;Paie;PAI/1;20230101;64510000;CompteLib_0054;;;abc;20230101;EcritureLib_0696;20240228;0,00;12,91;C;PAI/1;;
PAI;Paie;PAI/1;20230101;64510000;CompteLib_0054;;;abc;20230101;EcritureLib_0697;20240228;20,51;0,00;D;PAI/1;;
PAI;Paie;PAI/1;20230101;64530000;CompteLib_0055;;;abc;20230101;EcritureLib_0698;20240228;0,01;0,00;D;PAI/1;;
PAI;Paie;PAI/1;20230101;64520000;CompteLib_0056;;;abc;20230101;EcritureLib_0699;20240228;0,05;0,00;D;PAI/1;;
PAI;Paie;PAI/1;20230101;64580000;CompteLib_0057;;;abc;20230101;EcritureLib_0700;20240228;0,06;0,00;D;PAI/1;;
PAI;Paie;PAI/1;20230101;63120000;CompteLib_0058;;;abc;20230101;EcritureLib_0701;20240228;3,32;0,00;D;PAI/1;;
PAI;Paie;PAI/1;20230101;63330000;CompteLib_0059;;;abc;20230101;EcritureLib_0702;20240228;2,69;0,00;D;PAI/1;;
PAI;Paie;PAI/1;20230101;42100000;CompteLib_0013;;;abc;20230101;EcritureLib_0703;20240228;0,00;386,58;C;PAI/1;;
PAI;Paie;PAI/1;20230101;43100000;CompteLib_0046;;;abc;20230101;EcritureLib_0704;20240228;0,00;95,37;C;PAI/1;A;20231206
PAI;Paie;PAI/1;20230101;43702000;CompteLib_0014;;;abc;20230101;EcritureLib_0679;20240228;0,00;0,05;C;PAI/1;B;20240227
PAI;Paie;PAI/1;20230101;43703000;CompteLib_0015;;;abc;20230101;EcritureLib_0705;20240228;0,00;19,59;C;PAI/1;A;20231206
PAI;Paie;PAI/1;20230101;43708000;CompteLib_0016;;;abc;20230101;EcritureLib_0706;20240228;0,00;0,06;C;PAI/1;A;20240227
PAI;Paie;PAI/1;20230101;43800000;CompteLib_0060;;;abc;20230101;EcritureLib_0707;20240228;0,00;0,44;C;PAI/1;A;20240227
PAI;Paie;PAI/2;20230228;64100000;CompteLib_0053;;;abc;20230228;EcritureLib_0708;20240228;488,36;0,00;D;PAI/2;;
PAI;Paie;PAI/2;20230228;64510000;CompteLib_0054;;;abc;20230228;EcritureLib_0709;20240228;0,00;12,90;C;PAI/2;;
PAI;Paie;PAI/2;20230228;64510000;CompteLib_0054;;;abc;20230228;EcritureLib_0710;20240228;20,51;0,00;D;PAI/2;;
PAI;Paie;PAI/2;20230228;64530000;CompteLib_0055;;;abc;20230228;EcritureLib_0711;20240228;0,01;0,00;D;PAI/2;;
PAI;Paie;PAI/2;20230228;64520000;CompteLib_0056;;;abc;20230228;EcritureLib_0712;20240228;0,05;0,00;D;PAI/2;;
PAI;Paie;PAI/2;20230228;64580000;CompteLib_0057;;;abc;20230228;EcritureLib_0713;20240228;0,06;0,00;D;PAI/2;;
PAI;Paie;PAI/2;20230228;63120000;CompteLib_0058;;;abc;20230228;EcritureLib_0714;20240228;3,32;0,00;D;PAI/2;;
PAI;Paie;PAI/2;20230228;63330000;CompteLib_0059;;;abc;20230228;EcritureLib_0715;20240228;2,69;0,00;D;PAI/2;;
PAI;Paie;PAI/2;20230228;42100000;CompteLib_0013;;;abc;20230228;EcritureLib_0716;20240228;0,00;386,58;C;PAI/2;;
PAI;Paie;PAI/2;20230228;43100000;CompteLib_0046;;;abc;20230228;EcritureLib_0717;20240228;0,00;95,38;C;PAI/2;A;20231206
PAI;Paie;PAI/2;20230228;43702000;CompteLib_0014;;;abc;20230228;EcritureLib_0718;20240228;0,00;0,05;C;PAI/2;B;20240227
PAI;Paie;PAI/2;20230228;43703000;CompteLib_0015;;;abc;20230228;EcritureLib_0719;20240228;0,00;19,59;C;PAI/2;A;20231206
PAI;Paie;PAI/2;20230228;43708000;CompteLib_0016;;;abc;20230228;EcritureLib_0720;20240228;0,00;0,06;C;PAI/2;A;20240227
PAI;Paie;PAI/2;20230228;43800000;CompteLib_0060;;;abc;20230228;EcritureLib_0721;20240228;0,00;0,44;C;PAI/2;A;20240227
PAI;Paie;PAI/3;20230331;64100000;CompteLib_0053;;;abc;20230331;EcritureLib_0722;20240228;488,36;0,00;D;PAI/3;;
PAI;Paie;PAI/3;20230331;64510000;CompteLib_0054;;;abc;20230331;EcritureLib_0723;20240228;0,00;12,91;C;PAI/3;;
PAI;Paie;PAI/3;20230331;64510000;CompteLib_0054;;;abc;20230331;EcritureLib_0724;20240228;20,51;0,00;D;PAI/3;;
PAI;Paie;PAI/3;20230331;64530000;CompteLib_0055;;;abc;20230331;EcritureLib_0725;20240228;0,01;0,00;D;PAI/3;;
PAI;Paie;PAI/3;20230331;64520000;CompteLib_0056;;;abc;20230331;EcritureLib_0726;20240228;0,05;0,00;D;PAI/3;;
PAI;Paie;PAI/3;20230331;64580000;CompteLib_0057;;;abc;20230331;EcritureLib_0727;20240228;0,06;0,00;D;PAI/3;;
PAI;Paie;PAI/3;20230331;63120000;CompteLib_0058;;;abc;20230331;EcritureLib_0728;20240228;3,32;0,00;D;PAI/3;;
PAI;Paie;PAI/3;20230331;63330000;CompteLib_0059;;;abc;20230331;EcritureLib_0729;20240228;2,69;0,00;D;PAI/3;;
PAI;Paie;PAI/3;20230331;42100000;CompteLib_0013;;;abc;20230331;EcritureLib_0730;20240228;0,00;386,58;C;PAI/3;;
PAI;Paie;PAI/3;20230331;43100000;CompteLib_0046;;;abc;20230331;EcritureLib_0731;20240228;0,00;95,37;C;PAI/3;A;20231206
PAI;Paie;PAI/3;20230331;43702000;CompteLib_0014;;;abc;20230331;EcritureLib_0732;20240228;0,00;0,05;C;PAI/3;B;20240227
PAI;Paie;PAI/3;20230331;43703000;CompteLib_0015;;;abc;20230331;EcritureLib_0733;20240228;0,00;19,59;C;PAI/3;A;20231206
PAI;Paie;PAI/3;20230331;43708000;CompteLib_0016;;;abc;20230331;EcritureLib_0734;20240228;0,00;0,06;C;PAI/3;A;20240227
PAI;Paie;PAI/3;20230331;43800000;CompteLib_0060;;;abc;20230331;EcritureLib_0735;20240228;0,00;0,44;C;PAI/3;A;20240227
PAI;Paie;PAI/4;20230430;64100000;CompteLib_0053;;;abc;20230430;EcritureLib_0736;20240228;488,36;0,00;D;PAI/4;;
PAI;Paie;PAI/4;20230430;64510000;CompteLib_0054;;;abc;20230430;EcritureLib_0737;20240228;0,00;12,91;C;PAI/4;;
PAI;Paie;PAI/4;20230430;64510000;CompteLib_0054;;;abc;20230430;EcritureLib_0738;20240228;20,51;0,00;D;PAI/4;;
PAI;Paie;PAI/4;20230430;64530000;CompteLib_0055;;;abc;20230430;EcritureLib_0739;20240228;0,01;0,00;D;PAI/4;;
PAI;Paie;PAI/4;20230430;64520000;CompteLib_0056;;;abc;20230430;EcritureLib_0740;20240228;0,05;0,00;D;PAI/4;;
PAI;Paie;PAI/4;20230430;64580000;CompteLib_0057;;;abc;20230430;EcritureLib_0741;20240228;0,06;0,00;D;PAI/4;;
PAI;Paie;PAI/4;20230430;63120000;CompteLib_0058;;;abc;20230430;EcritureLib_0742;20240228;3,32;0,00;D;PAI/4;;
PAI;Paie;PAI/4;20230430;63330000;CompteLib_0059;;;abc;20230430;EcritureLib_0743;20240228;2,69;0,00;D;PAI/4;;
PAI;Paie;PAI/4;20230430;42100000;CompteLib_0013;;;abc;20230430;EcritureLib_0744;20240228;0,00;386,58;C;PAI/4;;
PAI;Paie;PAI/4;20230430;43100000;CompteLib_0046;;;abc;20230430;EcritureLib_0745;20240228;0,00;95,37;C;PAI/4;A;20231206
PAI;Paie;PAI/4;20230430;43702000;CompteLib_0014;;;abc;20230430;EcritureLib_0746;20240228;0,00;0,05;C;PAI/4;A;20240227
PAI;Paie;PAI/4;20230430;43703000;CompteLib_0015;;;abc;20230430;EcritureLib_0747;20240228;0,00;19,59;C;PAI/4;A;20231206
PAI;Paie;PAI/4;20230430;43708000;CompteLib_0016;;;abc;20230430;EcritureLib_0748;20240228;0,00;0,06;C;PAI/4;A;20240227
PAI;Paie;PAI/4;20230430;43800000;CompteLib_0060;;;abc;20230430;EcritureLib_0749;20240228;0,00;0,44;C;PAI/4;A;20240227
PAI;Paie;PAI/5;20230531;64100000;CompteLib_0053;;;abc;20230531;EcritureLib_0750;20240228;499,16;0,00;D;PAI/5;;
PAI;Paie;PAI/5;20230531;64510000;CompteLib_0054;;;abc;20230531;EcritureLib_0751;20240228;0,00;13,41;C;PAI/5;;
PAI;Paie;PAI/5;20230531;64510000;CompteLib_0054;;;abc;20230531;EcritureLib_0752;20240228;20,97;0,00;D;PAI/5;;
PAI;Paie;PAI/5;20230531;64530000;CompteLib_0055;;;abc;20230531;EcritureLib_0753;20240228;0,00;0,03;C;PAI/5;;
PAI;Paie;PAI/5;20230531;64520000;CompteLib_0056;;;abc;20230531;EcritureLib_0754;20240228;0,05;0,00;D;PAI/5;;
PAI;Paie;PAI/5;20230531;64580000;CompteLib_0057;;;abc;20230531;EcritureLib_0755;20240228;0,06;0,00;D;PAI/5;;
PAI;Paie;PAI/5;20230531;63120000;CompteLib_0058;;;abc;20230531;EcritureLib_0756;20240228;3,40;0,00;D;PAI/5;;
PAI;Paie;PAI/5;20230531;63330000;CompteLib_0059;;;abc;20230531;EcritureLib_0757;20240228;2,75;0,00;D;PAI/5;;
PAI;Paie;PAI/5;20230531;42100000;CompteLib_0013;;;abc;20230531;EcritureLib_0758;20240228;0,00;395,14;C;PAI/5;;
PAI;Paie;PAI/5;20230531;43100000;CompteLib_0046;;;abc;20230531;EcritureLib_0759;20240228;0,00;97,27;C;PAI/5;A;20231206
PAI;Paie;PAI/5;20230531;43702000;CompteLib_0014;;;abc;20230531;EcritureLib_0760;20240228;0,00;0,05;C;PAI/5;A;20240227
PAI;Paie;PAI/5;20230531;43703000;CompteLib_0015;;;abc;20230531;EcritureLib_0761;20240228;0,00;19,98;C;PAI/5;A;20231206
PAI;Paie;PAI/5;20230531;43708000;CompteLib_0016;;;abc;20230531;EcritureLib_0762;20240228;0,00;0,06;C;PAI/5;A;20240227
PAI;Paie;PAI/5;20230531;43800000;CompteLib_0060;;;abc;20230531;EcritureLib_0763;20240228;0,00;0,45;C;PAI/5;A;20240227
PAI;Paie;PAI/6;20230630;64100000;CompteLib_0053;;;abc;20230630;EcritureLib_0764;20240228;499,16;0,00;D;PAI/6;;
PAI;Paie;PAI/6;20230630;64510000;CompteLib_0054;;;abc;20230630;EcritureLib_0765;20240228;0,00;13,26;C;PAI/6;;
PAI;Paie;PAI/6;20230630;64510000;CompteLib_0054;;;abc;20230630;EcritureLib_0766;20240228;20,97;0,00;D;PAI/6;;
PAI;Paie;PAI/6;20230630;64520000;CompteLib_0056;;;abc;20230630;EcritureLib_0767;20240228;0,05;0,00;D;PAI/6;;
PAI;Paie;PAI/6;20230630;64580000;CompteLib_0057;;;abc;20230630;EcritureLib_0768;20240228;0,06;0,00;D;PAI/6;;
PAI;Paie;PAI/6;20230630;63120000;CompteLib_0058;;;abc;20230630;EcritureLib_0769;20240228;2,95;0,00;D;PAI/6;;
PAI;Paie;PAI/6;20230630;63350000;CompteLib_0061;;;abc;20230630;EcritureLib_0770;20240228;0,45;0,00;D;PAI/6;;
PAI;Paie;PAI/6;20230630;63330000;CompteLib_0059;;;abc;20230630;EcritureLib_0771;20240228;2,75;0,00;D;PAI/6;;
PAI;Paie;PAI/6;20230630;42100000;CompteLib_0013;;;abc;20230630;EcritureLib_0772;20240228;0,00;395,14;C;PAI/6;A;20231206
PAI;Paie;PAI/6;20230630;43100000;CompteLib_0046;;;abc;20230630;EcritureLib_0773;20240228;0,00;97,42;C;PAI/6;A;20231206
PAI;Paie;PAI/6;20230630;43702000;CompteLib_0014;;;abc;20230630;EcritureLib_0774;20240228;0,00;0,05;C;PAI/6;A;20240227
PAI;Paie;PAI/6;20230630;43703000;CompteLib_0015;;;abc;20230630;EcritureLib_0775;20240228;0,00;20,01;C;PAI/6;A;20231206
PAI;Paie;PAI/6;20230630;43708000;CompteLib_0016;;;abc;20230630;EcritureLib_0776;20240228;0,00;0,06;C;PAI/6;A;20240227
PAI;Paie;PAI/6;20230630;43800000;CompteLib_0060;;;abc;20230630;EcritureLib_0777;20240228;0,00;0,45;C;PAI/6;A;20240227
PAI;Paie;PAI/7;20230731;64100000;CompteLib_0053;;;abc;20230731;EcritureLib_0778;20240228;184,32;0,00;D;PAI/7;;
PAI;Paie;PAI/7;20230731;64100000;CompteLib_0053;;;abc;20230731;EcritureLib_0779;20240228;326,37;0,00;D;PAI/7;;
PAI;Paie;PAI/7;20230731;64510000;CompteLib_0054;;;abc;20230731;EcritureLib_0780;20240228;224,22;0,00;D;PAI/7;;
PAI;Paie;PAI/7;20230731;64510000;CompteLib_0054;;;abc;20230731;EcritureLib_0781;20240228;21,45;0,00;D;PAI/7;;
PAI;Paie;PAI/7;20230731;64530000;CompteLib_0055;;;abc;20230731;EcritureLib_0782;20240228;52,30;0,00;D;PAI/7;;
PAI;Paie;PAI/7;20230731;64520000;CompteLib_0056;;;abc;20230731;EcritureLib_0783;20240228;0,05;0,00;D;PAI/7;;
PAI;Paie;PAI/7;20230731;64580000;CompteLib_0057;;;abc;20230731;EcritureLib_0784;20240228;0,06;0,00;D;PAI/7;;
PAI;Paie;PAI/7;20230731;63120000;CompteLib_0058;;;abc;20230731;EcritureLib_0785;20240228;3,01;0,00;D;PAI/7;;
PAI;Paie;PAI/7;20230731;63350000;CompteLib_0061;;;abc;20230731;EcritureLib_0786;20240228;0,46;0,00;D;PAI/7;;
PAI;Paie;PAI/7;20230731;63330000;CompteLib_0059;;;abc;20230731;EcritureLib_0787;20240228;2,81;0,00;D;PAI/7;;
PAI;Paie;PAI/7;20230731;42100000;CompteLib_0013;;;abc;20230731;EcritureLib_0788;20240228;0,00;466,21;C;PAI/7;A;20231206
PAI;Paie;PAI/7;20230731;64143000;CompteLib_0062;;;abc;20230731;EcritureLib_0789;20240228;61,95;0,00;D;PAI/7;;
PAI;Paie;PAI/7;20230731;43100000;CompteLib_0046;;;abc;20230731;EcritureLib_0790;20240228;0,00;337,44;C;PAI/7;A;20231206
PAI;Paie;PAI/7;20230731;43702000;CompteLib_0014;;;abc;20230731;EcritureLib_0791;20240228;0,00;0,05;C;PAI/7;;
PAI;Paie;PAI/7;20230731;43703000;CompteLib_0015;;;abc;20230731;EcritureLib_0792;20240228;0,00;72,78;C;PAI/7;;
PAI;Paie;PAI/7;20230731;43708000;CompteLib_0016;;;abc;20230731;EcritureLib_0793;20240228;0,00;0,06;C;PAI/7;A;20240227
PAI;Paie;PAI/7;20230731;43800000;CompteLib_0060;;;abc;20230731;EcritureLib_0794;20240228;0,00;0,46;C;PAI/7;A;20240227
UT;UT;UT/1;20221001;75800000;CompteLib_0037;;;22J116;20221001;EcritureLib_0795;20240228;0,00;0,03;C;UT/1;;
UT;UT;UT/1;20221001;43703000;CompteLib_0015;;;22J116;20221001;EcritureLib_0795;20240228;0,03;0,00;D;UT/1;B;20240227
UT;UT;UT/2;20221201;10680000;CompteLib_0003;;;22L82;20221201;EcritureLib_0796;20240228;5599,28;0,00;D;UT/2;;
UT;UT;UT/2;20221201;12900000;CompteLib_0029;;;22L82;20221201;EcritureLib_0796;20240228;0,00;5599,28;C;UT/2;A;20241126
UT;UT;UT/3;20230731;75800000;CompteLib_0037;;;23G95;20230731;EcritureLib_0795;20240228;0,00;1,88;C;UT/3;;
UT;UT;UT/3;20230731;43708000;CompteLib_0016;;;23G95;20230731;EcritureLib_0795;20240228;1,88;0,00;D;UT/3;A;20240227
UT;UT;UT/4;20230731;75800000;CompteLib_0037;;;23G96;20230731;EcritureLib_0795;20240228;0,00;3,12;C;UT/4;;
UT;UT;UT/4;20230731;43800000;CompteLib_0060;;;23G96;20230731;EcritureLib_0795;20240228;3,12;0,00;D;UT/4;A;20240227
UT;UT;UT/5;20230817;43100000;CompteLib_0046;;;23H25;20230817;EcritureLib_0795;20240228;0,00;5,38;C;UT/5;A;20231206
UT;UT;UT/5;20230817;65800000;CompteLib_0063;;;23H25;20230817;EcritureLib_0795;20240228;5,38;0,00;D;UT/5;;
UT;UT;UT/6;20230930;68112000;CompteLib_0064;;;23I39;20230930;EcritureLib_0797;20240228;906,25;0,00;D;UT/6;;
UT;UT;UT/6;20230930;28154000;CompteLib_0008;;;23I39;20230930;EcritureLib_0797;20240228;0,00;906,25;C;UT/6;;
UT;UT;UT/7;20230930;68112000;CompteLib_0064;;;23I40;20230930;EcritureLib_0798;20240228;380,00;0,00;D;UT/7;;
UT;UT;UT/7;20230930;28181000;CompteLib_0009;;;23I40;20230930;EcritureLib_0798;20240228;0,00;380,00;C;UT/7;;
UT;UT;UT/8;20230930;68112000;CompteLib_0064;;;23I41;20230930;EcritureLib_0799;20240228;420,00;0,00;D;UT/8;;
UT;UT;UT/8;20230930;28181000;CompteLib_0009;;;23I41;20230930;EcritureLib_0799;20240228;0,00;420,00;C;UT/8;;
UT;UT;UT/9;20230930;65800000;CompteLib_0063;;;23I47;20230930;EcritureLib_0795;20240228;0,28;0,00;D;UT/9;;
UT;UT;UT/9;20230930;44520000;CompteLib_0047;;;23I47;20230930;EcritureLib_0795;20240228;0,00;0,28;C;UT/9;A;20240227
UT;UT;UT/10;20230930;65800000;CompteLib_0063;;;23I48;20230930;EcritureLib_0795;20240228;0,47;0,00;D;UT/10;;
UT;UT;UT/10;20230930;44571800;CompteLib_0020;;;23I48;20230930;EcritureLib_0795;20240228;0,00;0,47;C;UT/10;A;20240227
UT;UT;UT/11;20230930;75800000;CompteLib_0037;;;23I46;20230930;EcritureLib_0795;20240228;0,00;0,57;C;UT/11;;
UT;UT;UT/11;20230930;44571200;CompteLib_0019;;;23I46;20230930;EcritureLib_0795;20240228;0,57;0,00;D;UT/11;A;20240227
UT;UT;UT/12;20230930;75800000;CompteLib_0037;;;23I49;20230930;EcritureLib_0795;20240228;0,00;0,37;C;UT/12;;
UT;UT;UT/12;20230930;44566100;CompteLib_0018;;;23I49;20230930;EcritureLib_0795;20240228;0,37;0,00;D;UT/12;A;20240227
